2293 3231
55 288 103 315 An.
119 287 148 315 C.
167 286 233 314 1621

79 1141 186 1161 Nonnullis
199 1140 237 1161 ad-

52 1168 101 1188 «litis
112 1167 238 1188 conditioni-

53 1195 100 1215 bus.

83 2200 241 2223 LeoXeisdem

57 2227 139 2254 legibus
157 2227 241 2253 praedi-

57 2257 114 2275 ctum
156 2259 241 2280 regnum

58 2280 133 2302 Carolo
156 2280 173 2302 V
192 2286 241 2301 eon-

31 2313 35 2317 *
57 2307 128 2330 cessit.

854 286 1030 311 GREGORIUS
1055 286 1098 310 XV
1122 286 1168 310 PP.

250 334 299 367 cio
319 333 397 366 iuris
415 333 473 377 ipsi
494 333 692 366 Ferdiuando
709 334 776 377 regi
798 334 873 367 alias
891 334 921 367 in
941 345 991 367 eo-

250 387 321 420 dem
334 397 432 430 regno
444 387 548 420 forsan
561 387 776 431 competentis,
788 388 836 420 cui
851 393 925 421 tunc
938 398 990 421 no-

251 440 307 472 tuit
331 440 488 483 derogari,
505 440 543 473 de
562 440 692 473 fratrum
709 452 838 474 suornm
859 441 990 474 consilio

249 492 367 536 pariter
384 498 413 525 et
430 503 569 533 assensu,
587 503 623 526 ex
641 494 726 526 certa
747 493 875 526 scientia
891 504 927 525 ac
951 493 989 525 de

249 547 437 590 apostolicae
451 546 612 590 potestatis
625 547 818 590 plenitudine
837 547 990 580 concessit

251 604 281 632 ct
296 600 446 643 elargitus
461 600 530 640 fuit,
540 600 654 633 dictam
668 600 824 633 civitatem
838 600 991 633 Beneven-

250 658 353 685 tanam
368 663 440 685 cum
454 653 521 685 eius
538 652 710 693 territorio,
723 653 865 687 districtu
879 658 909 686 et
922 664 990 697 per-

250 705 398 746 tinentiis,
422 715 480 749 per
505 706 607 749 ipsum
633 706 909 749 praedecessorem
935 716 990 738 seu

250 759 425 792 Romanum
458 758 642 792 Pontificem
684 759 839 792 distinctis
869 769 924 791 seu
949 760 990 792 di-

250 810 455 854 stinguendis,
472 822 544 845 cum
569 822 680 845 eorum
698 812 819 851 incolis,
839 818 934 856 prout
954 813 990 844 il-

250 864 311 896 lam
329 864 387 896 sibi
411 864 531 897 dudum
558 870 649 897 antea
672 865 832 908 praedicta
852 865 989 897 Ecclesia

250 918 427 960 specialiter
452 919 624 951 retinuerat
640 924 669 951 ct
685 923 910 959 reservaverat,
931 918 989 950 sibi

251 976 281 1003 et
297 971 397 1004 eidem
412 972 568 1004 Ecclesiae
588 972 768 1015 specialiter
788 971 989 1011 reservando,

251 1030 345 1067 prout
375 1025 407 1057 in
437 1025 535 1068 ipsius
566 1024 820 1068 praedecessoris
854 1025 990 1068 desuper

252 1076 400 1110 confectis
424 1077 536 1110 litteris
554 1078 604 1120 (in
622 1078 736 1120 quibus
756 1078 838 1109 idem
862 1078 990 1120 praede-

252 1140 358 1162 cessor
381 1130 462 1163 inter
485 1130 545 1162 alia
569 1130 676 1169 voluit,
692 1129 776 1173 quod
792 1130 894 1162 dictus
919 1130 990 1163 Fer-

251 1181 404 1214 dinandus
421 1192 474 1215 rex
491 1187 521 1214 et
540 1182 587 1214 sui
606 1183 636 1214 in
654 1182 736 1215 dicto
755 1192 854 1224 regno
868 1182 990 1215 Siciliae

251 1235 332 1268 ultra
356 1235 491 1268 Pharum
516 1235 666 1268 haeredes
684 1240 713 1268 et
730 1245 927 1268 successores
940 1236 991 1268 da-

250 1293 321 1321 rent
344 1288 579 1332 praedecessori
600 1294 630 1321 et
646 1289 803 1321 Ecclesiae
823 1289 991 1332 praedictis

251 1351 361 1374 eorum
385 1341 587 1385 privilegium
607 1343 703 1374 aurea
720 1341 809 1374 Bulla
826 1342 989 1380 bullatum,

251 1394 283 1426 in
307 1404 370 1438 quo
395 1395 526 1438 proprio
558 1394 734 1427 iuramento
766 1395 936 1428 faterentur
961 1400 990 1428 et

251 1453 515 1490 recognoscerent
540 1458 686 1491 expresse
709 1458 842 1490 regnum
867 1448 990 1481 Siciliae

252 1506 282 1534 et
304 1501 511 1541 Hierusalem,
536 1512 571 1534 ac
596 1505 692 1534 totam
716 1500 849 1534 eorum¹
874 1507 990 1534 terram

252 1564 333 1598 quae
357 1560 404 1587 est
423 1555 500 1586 citra
524 1554 661 1587 Pharum
679 1564 778 1598 usque
798 1554 837 1587 ad
856 1554 990 1587 confinia

253 1608 394 1641 eiusdem
418 1609 584 1649 Ecclesiae,
604 1610 735 1652 excepta
751 1608 873 1642 civitate
893 1609 990 1641 Bene-

253 1663 386 1695 ventana
407 1661 578 1705 praedicta,
596 1673 668 1694 cum
692 1662 864 1702 territorio,
889 1661 991 1694 distri-

253 1720 305 1748 ctu
320 1720 350 1748 et
373 1715 572 1759 pertinentiis
596 1715 670 1756 suis,
691 1726 728 1748 cx
753 1716 819 1749 sola
844 1716 945 1759 gratia
962 1720 989 1749 et

252 1771 341 1802 mera
356 1769 542 1804 liberalitate
561 1769 649 1803 Sedis
665 1774 695 1802 et
711 1770 989 1813 praedecessorum

251 1822 484 1866 praedictorum
509 1823 578 1864 sibi,
602 1823 730 1866 suisque
754 1823 942 1856 haeredibus
963 1827 992 1857 et

252 1876 486 1909 successoribus
508 1875 605 1908 fuisse
628 1886 796 1917 concessa,
817 1881 847 1909 et
870 1886 923 1909 eos
947 1886 993 1908 re-

252 1928 371 1972 cepisse
395 1933 425 1963 et
449 1934 557 1962 tenere
580 1939 714 1973 regnum
735 1929 857 1963 Siciliae
877 1934 907 1962 et
932 1934 993 1962 ter-

252 1992 322 2014 ram
345 1982 525 2015 huiusmodi
560 1992 577 2015 a
610 1982 852 2026 praedecessore
884 1986 914 2015 et
938 1982 994 2015 Ec-

254 2035 348 2068 clesia
360 2035 538 2079 praedictis,
556 2036 614 2068 sub
632 2036 741 2080 pactis,
759 2036 861 2069 modis
877 2041 907 2068 et
923 2045 993 2068 con-

254 2087 423 2121 ditionibus
447 2094 531 2129 tunc,
548 2094 582 2121 ut
605 2090 791 2133 praefertur,
812 2089 993 2133 expressis),

253 2141 377 2184 plenius
402 2142 588 2175 continetur.

300 2194 315 2238 ἓ
339 2194 367 2227 2.
394 2194 430 2227 Et
450 2194 561 2227 deinde
578 2195 647 2238 piae
665 2195 838 2228 memoriae
854 2196 916 2228 Leo
938 2196 994 2228 Pa-

255 2257 295 2291 pa
317 2248 353 2288 X,
370 2247 463 2281 etiam
487 2248 711 2291 praedecessor
733 2252 851 2289 noster,
876 2249 993 2283 dictum

256 2311 389 2344 regnum
413 2301 536 2335 Siciliae
559 2301 637 2334 citra
657 2301 792 2334 Pharum
814 2302 916 2335 clarae
932 2313 995 2336 me-

255 2355 374 2388 moriae
390 2354 501 2388 Carolo
514 2355 655 2388 Romano
672 2354 854 2398 imperatori
868 2365 993 2399 semper

254 2413 398 2450 augusto,
411 2412 486 2440 tunc
499 2407 711 2441 Romanorum
726 2412 755 2440 et
772 2407 992 2451 Hispaniarum

253 2461 321 2504 regi
345 2460 509 2502 catholico,
530 2461 561 2494 in
581 2461 805 2505 imperatorem
830 2461 939 2501 electo,
960 2461 992 2493 in

252 2514 379 2548 feudum
396 2514 515 2548 eisdem
530 2515 624 2548 modo
638 2519 667 2548 ct
683 2514 796 2555 forma,
809 2514 924 2558 quibus
935 2524 992 2558 per

254 2567 450 2610 praedictum
474 2568 587 2601 Iulium
606 2567 884 2611 praedecessorem
905 2577 992 2610 prae-

255 2619 338 2654 dicto
361 2620 557 2654 Ferdinando
577 2621 645 2664 regi
670 2631 853 2654 concessum
879 2621 990 2661 suerat,

294 2684 303 2710 l
322 2683 415 2712 Potius
429 2683 565 2720 legeretur
579 2690 641 2713 eam
658 2685 693 2720 (a.
707 2684 755 2715 r).

1023 339 1053 367 et
1069 334 1126 366 sub
1143 333 1320 377 praedictis,
1341 342 1420 376 quae
1444 336 1517 364 tunc
1542 341 1598 375 per
1615 331 1759 364 eamdem

1024 387 1134 419 Sedem
1155 387 1304 419 remissae
1324 396 1386 418 non
1406 389 1602 428 apparerent,
1620 389 1650 417 et
1667 384 1762 417 certis

1023 439 1091 471 aliis
1105 444 1176 471 tuuc
1193 438 1350 482 expressis
1367 438 1608 477 conditionibus,
1627 437 1665 469 de
1682 446 1762 470 novo

1023 491 1187 531 concessit,
1204 497 1232 524 et
1253 491 1291 523 dc
1317 502 1354 523 eo
1375 491 1468 523 etiam
1495 491 1598 534 ipsum
1615 490 1761 523 Carolum

1024 545 1248 588 imperatorem
1274 544 1437 584 investivit,
1456 549 1486 577 et
1510 544 1610 576 dietus
1634 544 1763 577 Carolus

1024 600 1195 642 imperator
1208 610 1265 642 per
1278 599 1435 642 quondam
1450 599 1596 631 loannem
1614 599 1764 631 Emanue-

1023 653 1085 685 lem
1109 652 1203 685 Aurei
1228 652 1358 684 Velleris
1382 652 1529 695 equitem,
1555 656 1628 684 tunc
1653 651 1683 683 in
1709 651 1764 683 hu-

1024 705 1123 738 manis
1148 710 1304 748 agentem,
1329 709 1358 738 ct
1382 705 1479 748 ipsius
1502 704 1604 736 Caroli
1629 704 1763 747 impera-

1024 759 1101 791 toris
1118 758 1202 802 apud
1218 758 1353 790 Leonem
1373 757 1649 801 praedecessorem
1667 762 1697 789 et
1714 756 1763 789 Se—

1024 811 1095 844 dem
1110 811 1287 854 praedictos
1304 816 1462 843 oratorem
1480 815 1510 843 et
1522 815 1761 854 procuratorem

1025 865 1202 908 specialem,
1226 864 1381 908 promisit,
1407 869 1434 896 et
1461 874 1493 896 sc
1517 874 1551 896 ac
1578 874 1688 897 omnes
1714 874 1762 896 re-

1024 928 1120 960 gnum
1139 918 1241 961 ipsum
1260 917 1382 950 Siciliae
1407 917 1513 959 vigore
1531 917 1614 949 illius
1638 927 1763 949 conces-

1025 971 1164 1011 sionum,
1190 976 1252 1003 tam
1285 981 1341 1014 per
1366 970 1478 1003 lulium
1504 981 1598 1013 quam
1626 971 1761 1003 Leonem

1024 1024 1281 1067 praedecessores
1295 1025 1447 1056 factarum
1457 1024 1476 1063 ¹,
1486 1034 1544 1067 pro
1558 1028 1699 1067 tempore
1711 1023 1762 1055 ob-

1025 1077 1156 1110 tinentes
1180 1077 1328 1119 obligavit
1354 1077 1393 1109 ad
1417 1077 1637 1109 inviolabiliter
1657 1077 1763 1109 obser-

1025 1129 1159 1161 vandum
1178 1133 1207 1163 et
1226 1129 1462 1173 adimplendum
1482 1130 1586 1162 onmia
1604 1130 1634 1161 in
1651 1129 1763 1162 litteris

1025 1182 1093 1214 Iulii
1117 1182 1369 1225 praedecessoris
1393 1182 1574 1215 huiusmodi
1599 1186 1762 1221 contenta,

1024 1245 1119 1278 super
1129 1235 1243 1279 quibus
1257 1235 1294 1268 de
1311 1235 1553 1279 dispensatione,
1571 1241 1623 1268 aut
1636 1236 1762 1268 illorum

1024 1288 1209 1322 remissione
1232 1299 1289 1332 per
1313 1288 1456 1321 eamdem
1481 1288 1593 1321 Sedem
1612 1298 1674 1321 non
1692 1299 1764 1321 eon-

1024 1346 1121 1373 staret
1145 1351 1199 1374 seu
1230 1346 1413 1385 appareret,
1439 1346 1469 1374 et
1493 1341 1675 1374 solvendum
1701 1341 1763 1373 sin-

1024 1394 1106 1437 gulis
1126 1394 1215 1427 annis
1228 1395 1259 1427 in
1272 1400 1459 1438 perpetuum
1477 1405 1620 1427 camerae
1637 1398 1762 1438 aposto-

1024 1447 1101 1481 licae
1119 1453 1238 1492 septem
1256 1449 1342 1481 mille
1355 1449 1484 1482 ducatos
1501 1448 1569 1480 auri
1583 1448 1621 1480 de
1637 1449 1762 1480 camera

1024 1501 1055 1533 in
1072 1501 1149 1533 festo
1165 1501 1248 1534 beati
1269 1501 1362 1541 Petri,
1380 1502 1463 1534 ultra
1487 1501 1613 1534 solitum
1634 1511 1762 1534 censum

1023 1554 1201 1597 parasraeni
1230 1554 1291 1586 albi
1315 1565 1373 1598 pro
1397 1554 1612 1597 recognitione
1643 1554 1707 1587 veri
1733 1560 1763 1587 et

1024 1607 1134 1640 directi
1152 1607 1281 1640 dominii
1302 1607 1402 1651 ipsius
1418 1608 1508 1650 regni
1525 1607 1658 1645 Siciliae,
1676 1612 1706 1640 et
1725 1607 1763 1639 ad

1024 1660 1135 1693 Leonis
1159 1660 1411 1704 praedecessoris
1432 1666 1462 1693 et
1481 1670 1624 1693 camerae
1644 1660 1764 1703 praedi-

1024 1719 1147 1746 ctorum
1165 1713 1402 1757 requisitionem
1422 1714 1638 1757 delinquentes
1654 1713 1684 1745 in
1701 1719 1763 1746 ter-

1025 1767 1068 1800 ris
1092 1767 1194 1800 eidem
1218 1767 1374 1800 Ecclesiae
1400 1767 1533 1801 mediate
1549 1766 1560 1784 ⁹
1584 1768 1632 1800 vel
1657 1768 1764 1800 imme-

1024 1819 1107 1852 diate
1120 1820 1279 1861 subiectis,
1294 1820 1333 1853 ad
1350 1820 1467 1853 dictum
1485 1830 1617 1863 regnum
1631 1825 1661 1853 et
1681 1820 1764 1853 illius

1025 1873 1175 1914 civitates,
1192 1879 1303 1914 terras,
1321 1878 1351 1906 et
1366 1873 1434 1906 loca
1451 1874 1677 1917 confugientes,
1695 1873 1764 1917 capi

1025 1930 1055 1960 et
1074 1927 1113 1959 ad
1135 1927 1251 1959 Urbem
1268 1928 1315 1960 vel
1332 1927 1428 1960 alium
1452 1928 1557 1961 locum
1581 1927 1700 1960 remitti
1725 1927 1765 1959 sa-

1026 1979 1172 2013 ciendum
1180 1980 1200 2020 ³,
1218 1980 1275 2013 sub
1291 1980 1402 2024 poenis
1418 1980 1450 2012 in
1467 1980 1578 2014 litteris
1592 1980 1660 2013 Iulii
1678 1990 1765 2024 prae-

1026 2033 1200 2066 decessoris
1213 2033 1394 2066 huiusmodi
1411 2033 1576 2074 contentis,
1592 2034 1764 2067 dummodo

1026 2087 1108 2120 idem
1133 2087 1194 2121 Leo
1214 2087 1437 2131 praedecessor
1454 2092 1484 2120 et
1500 2098 1699 2121 successores
1716 2088 1764 2121 sui

1027 2140 1159 2173 Romani
1183 2140 1349 2174 Pontifices
1378 2151 1414 2174 ac
1446 2140 1585 2184 predicta
1617 2151 1763 2182 camera,

1026 2193 1065 2226 ad
1082 2194 1179 2237 ipsius
1195 2194 1296 2227 Caroli
1313 2194 1514 2238 imperatoris
1535 2198 1565 2227 et
1585 2194 1765 2227 officialium

1027 2258 1157 2281 suorum
1170 2247 1419 2291 requisitionem,
1431 2248 1648 2291 delinquentes
1663 2247 1693 2279 in
1708 2253 1765 2280 ter-

1026 2301 1070 2333 ris
1093 2306 1124 2334 et
1147 2301 1224 2334 locis
1248 2301 1322 2334 dicti
1346 2301 1447 2344 regni,
1468 2301 1505 2333 ad
1529 2306 1630 2334 terras
1647 2306 1676 2333 et
1696 2301 1765 2334 loca

1026 2354 1182 2387 Ecclesiae
1206 2354 1431 2396 confugientes,
1445 2354 1563 2398 pariter
1581 2354 1620 2386 ad
1641 2364 1694 2387 eos
1718 2364 1766 2387 re-

1026 2407 1164 2441 mitteret
1174 2407 1195 2448 ⁴,
1219 2412 1314 2451 prout
1345 2407 1378 2441 in
1405 2408 1613 2441 instrumento
1637 2407 1765 2451 publico

1025 2460 1160 2503 desuper
1185 2461 1337 2501 confecto,
1353 2465 1383 2493 et
1399 2461 1430 2493 in
1447 2460 1540 2494 certis
1556 2460 1655 2504 ipsius
1672 2471 1764 2504 prac-

1062 2551 1071 2576 1
1089 2548 1159 2576 Edit.
1176 2548 1255 2576 Maiu.
1271 2548 1336 2584 legit
1349 2550 1490 2584 factorum
1505 2551 1542 2584 (a.
1559 2549 1607 2584 T.).

1059 2593 1075 2620 2
1091 2593 1160 2620 Ibid.
1176 2593 1275 2627 legitur
1289 2594 1426 2621 meditate
1441 2596 1480 2629 (R.
1497 2593 1545 2628 T.).

1059 2637 1076 2665 3
1091 2637 1212 2665 Erronee
1228 2637 1292 2664 edit.
1308 2637 1392 2665 Main.
1408 2637 1473 2672 legit
1486 2638 1615 2673 faciendi
1629 2639 1668 2674 (a.
1684 2640 1732 2675 12).

1060 2682 1075 2709 4
1092 2682 1181 2710 Potius
1196 2682 1255 2718 lege
1268 2682 1448 2711 remitterent
1464 2686 1499 2715 (R.
1521 2683 1569 2717 T.).

1668 273 1731 308 629
1778 283 1826 309 Αη.
1843 283 1870 308 r..
1894 283 1958 310 162¹
