2293 3231
851 272 948 300 mntx
971 270 1169 297 nuntiatam(

334 328 366 360 et
398 325 586 367 Alcantara‚
618 326 722 372 quoad
754 325 986 368 admittendos,

334 379 510 413 reducendi
553 379 591 413 ad
632 380 762 413 sormam
802 383 987 414 statutorum

333 431 464 465 militiae
489 432 519 465 S.
545 431 651 465 Iacobi
676 432 716 465 de
741 432 867 476 Spatha,
891 432 964 466 753.

246 484 408 518 LXXXVI.
438 484 556 518 Domus
591 488 622 519 et
654 485 790 528 collegia
822 486 988 519 Societatis

336 537 407 570 Iesu
432 538 464 570 in
489 538 597 580 regnis
613 538 759 571 Sinarum
783 542 814 571 et
839 537 988 582 Iaponiae

337 592 506 624 existentia
533 600 552 625 a
579 590 735 625 solutione
763 591 906 626 decimae
938 591 987 625 vel

336 644 512 686 vigesimae
536 643 695 687 parochiis
724 643 859 689 aliisque
888 644 989 678 eccle-

336 697 392 729 siis
417 698 613 737 eximuntur,
642 697 717 730 754.

248 748 596 784 LXXXVII.Institutio
611 751 790 784 festivitatis
806 753 907 785 sancti
923 752 990 785 loa-

338 802 422 836 chim
461 804 600 847 parentis
638 803 841 837 beatissimae
873 804 990 838 Mariae

337 855 477 900 Virginis
507 856 566 890 sub
597 856 717 900 duplici
741 857 844 891 officio
869 857 921 891 die
946 869 989 892 xx

337 911 442 944 martii
468 912 636 955 quotannis
661 910 883 952 celebrandae,
909 913 990 945 etin

337 962 507 1005 breviario,
533 967 564 997 et
588 964 717 1006 missali,
743 968 774 998 et
798 964 991 998 kalendariis

339 1018 545 1060 imposterum
583 1018 827 1062 imprimendis,
864 1018 992 1052 descri-

341 1069 476 1112 bendae,
502 1071 576 1104 757.

253 1122 443 1157 LXXXVIII.
461 1123 644 1157 Subsidium
659 1124 772 1158 decem
789 1128 820 1158 et
835 1128 905 1158 octo
921 1124 992 1158 mil-

342 1176 461 1210 lionum
478 1173 555 1209 alias
571 1185 589 1209 a
604 1176 702 1210 Paulo
718 1177 804 1221 Papa
817 1176 842 1210 V
856 1179 925 1220 regi
941 1186 992 1210 ea-

342 1229 457 1263 tholico
473 1237 660 1262 concessum
673 1230 705 1262 in
718 1238 818 1273 regno
837 1229 992 1263 Castellae

341 1281 381 1316 ab
405 1281 631 1315 ecclesiasticis
655 1292 782 1326 quoque
805 1281 993 1316 solvendum

342 1335 382 1368 ad
394 1334 561 1369 nonnullas
574 1334 651 1369 alias
660 1344 712 1369 res
723 1335 992 1377 extenditur,758.

256 1387 412 1422 LXXXIX.
435 1388 598 1432 Oppidum
623 1390 723 1422 sancti
743 1388 881 1422 Miniatis
898 1391 929 1422 in
950 1390 993 1423 ci·

342 1445 473 1477 vitatem
512 1447 544 1477 et
585 1442 755 1476 eeclesiam
793 1442 994 1486 collegiatam

343 1500 470 1531 sanctae
494 1496 610 1531 Mariae
635 1500 667 1530 et
690 1498 791 1530 sancti
815 1495 944 1530 Geuesii
962 1498 992 1530 111

344 1550 561 1585 cathedralem
584 1551 688 1593 erigit,
712 1550 787 1584 760.

343 1602 544 1638 Confirmatio
581 1604 702 1637 decreti
741 1605 995 1647 congregationis

346 1655 488 1698 Concilii,
504 1667 565 1701 quo
579 1657 725 1690 statuitur
738 1666 848 1689 omnes
862 1656 996 1689 clericos

349 1709 616 1755 presbyterosque
654 1709 840 1751 seculares,
871 1710 995 1743 etiamsi

347 1762 483 1797 mllitum
491 1763 859 1806 Hierosolymitanorum,
873 1763 996 1803 vicarii,

346 1817 536 1861 cappellani,
556 1818 701 1857 ministri,
720 1819 906 1858 servientes,
925 1827 998 1860 pro-

347 1875 520 1913 curatores,
538 1874 591 1904 aut
607 1870 777 1904 familiares
793 1872 864 1912 sint,
878 1869 918 1903 ab
942 1869 999 1904 Or-

347 1924 479 1958 dinariis
503 1928 654 1969 tanquam
678 1933 697 1957 a
716 1923 799 1957 Sede
818 1922 998 1967 Apostolicai

348 1978 504 2022 delegatis
528 1979 649 2012 visitari
673 1986 781 2021 posse,
807 1977 881 2010 765.

261 2031 338 2066 XCI.
365 2032 525 2076 Praecipit
547 2032 667 2065 litteras
691 2035 722 2065 et
737 2031 909 2074 scripturas
925 2039 999 2073 gra-

350 2087 388 2120 tis
408 2085 489 2120 tradi
513 2086 665 2119 ministris
689 2093 798 2118 sacrae
818 2083 1000 2126 Congrega-

350 2140 443 2172 tionis
470 2139 510 2172 de
534 2137 742 2182 Propaganda
767 2136 843 2170 Fide
870 2136 909 2170 ab
933 2136 1001 2169 offi-

350 2191 484 2225 cialibus
508 2191 621 2225 Curiae
646 2199 805 2231 romanae,
828 2189 902 2223 766.

261 2244 352 2280 XCII.
377 2245 522 2279 Facultas
550 2245 666 2278 nuncio
693 2244 846 2277 Franciae
874 2251 1001 2285 compo-

350 2299 447 2333 nendi
475 2298 704 2332 controversias
734 2299 894 2330 vertentes
919 2296 1002 2329 inter

350 2353 601 2392 Avenionenses,
616 2349 843 2393 nonnullosque
860 2348 1001 2382 subditos

350 2406 437 2448 regis
461 2404 714 2438 christianissimi
738 2411 835 2445 super
857 2402 1002 2435 confiniis

352 2462 383 2491 et
407 2459 537 2492 flumine
560 2457 745 2497 Durentiae‚
771 2455 846 2489 768.

264 2511 371 2546 XCIII.
386 2511 610 2545 Secularizatio
627 2510 890 2543 monasteriorum
903 2508 1003 2541 sancti

352 2564 484 2598 Gildasii
498 2568 528 2598 et
543 2562 780 2606 Burgidolensis
796 2570 833 2595 ac
846 2561 1003 2604 prioratus

354 2618 394 2651 dc
417 2618 569 2652 Gramont
592 2616 723 2652 Ordinis
746 2615 846 2648 sancti
870 2613 1004 2647 Benedi-

354 2672 396 2706 cti
418 2670 623 2708 Bituricensis
646 2669 812 2712 dioecesis,
833 2670 865 2703 et
883 2667 1002 2703 erectio

259 1603 318 1637 XC.

1667 261 1729 296 877

1125 323 1310 367 collegiatae
1336 321 1490 356 ecclesiae
1516 326 1547 357 et
1571 322 1696 365 collegii
1721 325 1776 356 50-

1126 378 1249 410 cietatis
1273 377 1344 410 lesu
1370 378 1399 409 in
1417 376 1528 409 eodem
1554 376 1681 420 oppido.
1706 386 1778 409 cum

1127 430 1338 473 applicatione
1350 429 1502 462 bonorum
1516 430 1778 462 monasteriorum

1128 486 1159 517 et
1183 484 1339 526 prioratus
1364 482 1595 525 praedictorum
1623 481 1778 515 ecclcsiae

1127 536 1311 580 collegiatae
1331 540 1361 569 et
1381 536 1512 576 collegio
1534 535 1723 576 huiusmodi,
1742 544 1778 568 ac

1128 592 1343 624 reservatione
1361 591 1621 633 iurispatronatus
1639 589 1778 623 Heni-ico

1128 643 1168 677 de
1203 643 1349 677 Bourbon
1382 644 1518 687 principi
1551 642 1715 681 Condaeo,
1748 645 1779 674 ct

1130 698 1200 731 eius
1225 696 1475 738 successoribus,
1500 697 1574 729 769.

1041 750 1145 785 XCIV.
1170 751 1251 794 Regi
1275 751 1429 784 catholico
1447 750 1578 783 facultas
1596 749 1780 782 conceditur

1129 804 1313 838 conferendi
1339 804 1442 837 officia
1468 803 1610 836 mititaris
1635 802 1780 841 Ordinis,

1128 867 1184 892 seu
1208 858 1374 891 Societatis
1398 856 1450 889 del
1482 856 1597 889 Tuison
1623 859 1711 889 extra
1730 864 1781 888 ca-

1130 910 1264 954 pitulum
1295 909 1445 953 generale
1478 909 1621 943 ciusdem
1650 908 1780 943 Ordinis

1130 973 1186 997 seu
1211 964 1387 1003 Societatis,
1413 962 1487 996 778.

1042 1015 1131 1051 XCV.
1148 1016 1318 1050 Revocatio
1345 1024 1618 1060 quarumcumque
1644 1014 1781 1048 licentia-

1130 1080 1200 1104 rum
1225 1068 1353 1112 legendi
1377 1072 1407 1102 et
1432 1068 1560 1102 tenendi
1585 1067 1779 1111 quomodoli-

1129 1122 1184 1156 bet
1206 1121 1303 1155 IIbros
1328 1120 1504 1165 prohibitos
1527 1120 1781 1164 qulbuscumque

1132 1176 1275 1218 personis
1292 1174 1331 1208 ab
1351 1174 1508 1215 omnibus,
1525 1175 1618 1207 etiam
1633 1173 1782 1207 Romanis

1131 1227 1346 1268 Pontificibus,
1363 1236 1596 1268 concessarum,
1617 1227 1692 1260 779.

1044 1279 1147 1314 XCVI.
1172 1280 1416 1323 CongregatIoni
1441 1279 1546 1312 Matris
1570 1279 1628 1312 Dei
1661 1288 1782 1312 conce-

1133 1334 1249 1368 duntur
1273 1334 1491 1376 exemptiones
1512 1342 1621 1366 omnes
1639 1336 1670 1366 et
1687 1333 1783 1375 privi-

1132 1387 1216 1429 legia
1233 1386 1356 1420 clericis
1381 1385 1580 1428 regularibus
1599 1384 1783 1418 Mendican-

1134 1440 1218 1474 tibus
1243 1449 1404 1480 concessa,
1430 1440 1504 1473 780.

1047 1493 1166 1527 XCVII.
1192 1492 1393 1526 Confirmatio
1417 1492 1591 1525 litterarum
1616 1490 1786 1524 cardinalis

1133 1546 1296 1580 Ludovisii
1313 1549 1441 1580 sanctae
1454 1545 1614 1579 Romanae
1626 1544 1786 1578 Ecclesiae

1134 1600 1317 1641 camerarii,
1343 1599 1457 1643 quibus
1489 1599 1600 1641 vigore
1633 1598 1785 1641 pontificii

1135 1653 1340 1697 chirographi
1365 1652 1544 1685 facultatem
1569 1651 1783 1684 Feri-ariensi—

1135 1707 1193 1741 bus
1210 1706 1318 1740 tribuit
1333 1705 1469 1749 vectigal
1487 1704 1670 1748 imponendi
1687 1713 1782 1746 super

1135 1761 1287 1794 armentis
1311 1760 1430 1793 exteris
1456 1760 1486 1791 111
1512 1759 1669 1792 territorio
1693 1759 1787 1790 cius-

1137 1814 1210 1847 dem
1234 1813 1366 1847 ducatus
1390 1810 1643 1853 hibernantilius,
1668 1811 1742 1843 781.

1049 1867 1180 1902 XCVIII.
1192 1867 1362 1900 Revocatio
1375 1874 1647 1910 quarumcumque
1661 1873 1788 1908 praece-

1138 1921 1333 1961 dentiarum,
1358 1929 1416 1953 seu
1440 1920 1662 1962 paternitatum
1686 1917 1789 1951 fratri-

1138 1973 1197 2007 bus
1228 1972 1402 2007 Minoribus
1426 1974 1527 2006 sancti
1556 1972 1717 2005 Francisci
1748 1970 1786 2003 de

1138 2026 1369 2067 Observanua,
1399 2030 1526 2070 praeter
1549 2026 1788 2058 constitutiones

1138 2080 1270 2115 Ordinis
1299 2081 1482 2113 auctoritate
1513 2078 1684 2122 apostolica
1715 2086 1789 2110 con-

1139 2135 1286 2175 1111113135,
1312 2141 1544 2171 concessarum,
1570 2131 1642 2164 785.

1051 2187 1157 2222 XCIX.
1182 2186 1430 2220 Communicatio
1455 2189 1484 2218 et
1516 2185 1658 2218 extensio
1684 2184 1786 2226 privi-

1140 2241 1306 2283 legiorum,
1317 2240 1548 2272 immunitatum
1565 2240 1596 2270 et
1613 2237 1790 2278 exemptio-

1141 2303 1225 2333 num⁷
1251 2293 1432 2335 gratiarum,
1456 2290 1656 2324 indultorum.
1677 2293 1740 2322 tam
1758 2290 1789 2321 in

1140 2344 1366 2389 spiritualibus,
1382 2353 1476 2388 quam
1496 2344 1527 2375 in
1552 2341 1788 2385 temporalibus,

1142 2397 1309 2443 quibusvis
1335 2396 1416 2436 aliis,
1442 2400 1505 2429 tam
1528 2394 1788 2434 mendicantium,

1141 2460 1235 2495 quam
1258 2459 1320 2483 non
1344 2449 1592 2483 mendicantium
1616 2447 1791 2483 Ordinibus

1141 2514 1198 2548 per
1223 2512 1437 2548 quoscumque
1449 2503 1604 2536 Romanos
1622 2501 1791 2535 Pontifices

1142 2566 1377 2597 concessorum,
1403 2560 1433 2589 ct
1457 2557 1488 2588 in
1509 2556 1648 2588 futurum
1673 2563 1788 2587 concc-

1143 2610 1328 2650 dendorum,
1346 2608 1384 2642 ad
1401 2618 1526 2642 sacrum
1545 2607 1698 2643 OrdInom
1717 2607 1789 2640 Car-
1820 2616 1824 2618 ’

1145 2663 1349 2705 thusiensem⁷
1375 2662 1448 2695 785.
