2293 3231
244 263 296 292 Au.
310 261 340 290 c.
363 260 426 290 εδει
476 251 541 287 5⁶24

275 695 371 717 Facultiz
382 696 432 716 dan-

249 724 268 743 ·*i
281 724 432 745 absolutiones.

255 757 301 776 ,ns
327 754 401 770 norant
420 756 432 770 a

248 777 414 801 lr.{n<):ros·1l·u<
429 792 433 799 ,

247 803 433 825 lisbrautsmuinti-

248 831 393 850 inflationibus
413 832 434 850 el»

246 857 433 881 rozervaiionibus,

263 887 267 895 .

300 1510 326 1532 Et
338 1510 436 1531 licentias

252 1537 357 1558 retinendi

252 1563 343 1585 stabilia.
359 1564 436 1589 illaque

252 1590 385 1611 conducendi
409 1589 436 1609 ad

253 1619 333 1637 certum
355 1619 437 1642 tempus

252 1643 364 1669 privative:

381 1536 436 1556 bona

321 1879 437 1904 Exercentli

254 1912 320 1930 artem
343 1914 439 1930 nummu-

254 1936 309 1960 latin

322 2200 440 2223 Prohibitio

257 2228 387 2249 concedendi
405 2229 442 2249 he·

257 2255 328 2276 tii-aeis
349 2256 442 2276 recensi·

257 2282 442 2303 tashtcliccntias.

1028 258 1208 284 umanum

445 306 638 354 ubicumque
670 308 834 352 expediet.
864 307 986 347 adsint,
1017 317 1052 339 ac
1083 306 1207 348 omnia{

445 364 547 397 officia
560 363 664 396 debita
677 366 837 405 praestare
852 365 1035 405 procurent,
1049 359 1188 402 alioquin
1204 366 1207 374 '

445 417 629 450 sententiam
655 416 718 448 sive
745 425 896 459 poenam,
919 424 1012 459 quam
1038 414 1104 458 ipse
1131 414 1207 447 rite,

446 470 548 503 tulerit
567 481 621 502 seu
639 469 781 501 statuerit
801 468 832 501 in
853 468 998 503 rebelles.
1019 472 1119 500 ratam
1138 467 1190 499 ha—

446 523 589 556 bebimus
607 527 634 554 et
654 522 813 561 faciemus,
831 526 960 554 auctore
978 520 1121 559 Domino,
1143 531 1192 552 us-

446 587 506 619 que
527 576 564 608 ad
583 575 824 608 satisfactionem
839 574 1028 618 condignam
1054 573 1208 606 inviola-'

447 629 550 661 hiliter
570 629 749 662 ohservare.

493 684 507 722 ,ξ
538 682 584 715 12).
611 682 776 716 Praeterea
789 682 934 716 volumus
951 687 980 714 et
998 681 1192 721 ordinamus,
1207 666 1210 715 i

448 735 532 781 qnod
546 735 612 780 ipse
627 736 802 769 Ludovieus
815 736 983 769 cardinalis
996 746 1030 767 ac
1045 746 1103 779 pro
1119 741 1193 767 tem-
1207 722 1210 786 1

448 800 524 834 pore
550 790 685 823 existens
710 790 924 829 camerarius,
956 789 1191 828 absolutiones,

448 853 525 887 quas
541 847 650 876 vocant
668 854 685 875 a
703 842 968 885 transgressibus,
990 841 1136 874 hebraeis
1154 841 1191 873 ad

448 907 519 929 cum
546 895 784 929 recurrentibus
809 895 996 934 (dummodo
1021 896 1095 927 liant
1120 905 1191 927 eum

448 949 690 983 limitationibus
704 953 735 981 ct
748 949 1016 982 reservationihus
1033 948 1193 981 introscri-

449 1003 520 1047 ptis,
539 1003 680 1036 videlicet
699 1003 782 1035 lesae
799 1002 987 1042 maiestatis,
1014 1001 1191 1041 homicidii,

447 1057 606 1099 sacrilegii
622 1084 628 1097 ,
647 1056 827 1091 rebellionis
842 1084 849 1097 ‚
874 1068 908 1089 ac
927 1057 1022 1088 salsae
1047 1059 1192 1089 monetae

448 1110 608 1146 dun'itaxat
631 1111 784 1156 exceptis,
805 1117 834 1143 et
851 1110 1024 1143 dummodo
1044 1121 1102 1154 pro
1119 1110 1194 1142 ‹leli—

448 1164 506 1197 etis
523 1164 709 1208 delinquens
732 1175 795 1197 non
823 1165 917 1197 l'uerit
937 1163 1120 1208 inquisitus,
1146 1164 1192 1195 vel

448 1217 562 1250 delicta
579 1217 617 1250 ad
635 1218 773 1251 otlicium
805 1217 1014 1261 inquisitionis
1039 1227 1100 1249 uon
1127 1227 1195 1260 per-

449 1271 578 1311 tineant,
592 1282 627 1304 ac
642 1271 747 1304 habita
758 1281 834 1314 pace
848 1277 876 1303 el
892 1270 1081 1304 concordata
1095 1275 1194 1314 parte,

449 1324 481 1357 in
501 1325 625 1357 casibus
650 1324 681 1357 in
703 1324 818 1368 quihus
831 1324 868 1357 ‹le
886 1324 955 1357 iure.
972 1324 1053 1357 venit
1069 1333 1196 1356 coneor-

450 1378 561 1419 danda,
579 1383 609 1412 et
626 1378 832 1412 nihilominus
851 1378 932 1422 parti
958 1378 1040 1411 lesae
1063 1377 1132 1410 iure
1157 1377 1196 1409 ci—

450 1431 554 1466 viliter
572 1431 684 1474 agendi
702 1433 888 1475 reservato),

496 1486 511 1530 §
536 1486 586 1518 r153.
614 1486 746 1530 Insuper
770 1486 912 1518 licentias
934 1484 1087 1518 retinendi
1113 1484 1195 1517 bona

451 1539 574 1572 stabilia
598 1545 625 1571 et
652 1540 703 1573 illa
729 1539 759 1572 in
794 1539 980 1573 locationem
1000 1537 1195 1572 conducendi

451 1593 490 1625 ad
506 1599 626 1626 certum
646 1598 769 1636 tempus
787 1593 954 1636 (privative
967 1592 1071 1636 quoad
1086 1602 1195 1625 omnes

452 1651 482 1680 et
498 1647 640 1689 singulos
657 1647 886 1689 gubernatores
904 1652 933 1678 et
950 1646 1028 1679 alios
1046 1646 1195 1679 officiales

452 1699 544 1732 etiam
563 1699 703 1732 eiusdem
726 1699 755 1733 S.
780 1700 814 1732 R.
839 1700 871 1732 E.
894 1699 1068 1731 cardinales
1092 1699 1131 1731 ‹le
1155 1699 1197 1730 la-

452 1758 517 1785 tere
537 1753 672 1795 legatos,
693 1753 723 1785 in
739 1753 990 1796 quibuseumspie
1014 1751 1196 1796 provinciis,

453 1805 641 1845 civitatibus,
667 1806 759 1839 terris
784 1810 812 1839 et
837 1806 931 1846 locis,
950 1805 1044 1838 eliam
1066 1805 1095 1837 in
1114 1805 1196 1838 dicta

453 1859 536 1893 Urbe
556 1859 722 1904 deputatos
739 1870 793 1892 seu
812 1858 1023 1903 deputandos)
1041 1858 1196 1899 hebraeis,

453 1923 576 1947 necnon
599 1914 693 1947 etiam
719 1913 884 1947 exercendi
906 1919 1004 1946 artem
1022 1913 1198 1946 nummula-

454 1967 492 2000 rii
510 1978 565 2000 seu
581 1967 790 2008 bancheroffl,
808 1967 902 1999 etiam
920 1966 1024 2011 quoad
1041 1971 1199 2010 permuta-

452 2020 571 2054 tionem
585 2021 653 2053 auri
671 2026 701 2053 et
716 2021 848 2063 argenti,
864 2031 924 2065 pro
937 2030 1071 2053 numero
1085 2024 1115 2052 ot
1128 2030 1199 2053 con-

455 2074 627 2108 ditionibus
649 2073 707 2118 ipsi
727 2073 884 2107 henevisis
898 2073 1071 2107 concedere
1088 2073 1197 2117 possit.

500 2128 515 2172 ἓ
539 2128 590 2161 Μ.
612 2127 770 2161 Abstineat
789 2133 892 2160 tamen
909 2127 1069 2171 perpetuis
1087 2127 1199 2161 suturis

456 2181 651 2226 temporibus
675 2192 692 2214 a
716 2181 916 2214 concedendo
942 2180 1087 2213 hebraeis
1113 2186 1199 2213 extra

456 2235 575 2268 Statum
606 2240 750 2268 nostrum
776 2234 1028 2267 Ecclesiasticum
1060 2233 1199 2266 licentias

456 2288 654 2328 foenerandi,
678 2298 755 2332 quas
776 2287 957 2320 tolerantias
981 2292 1114 2327 vocant,
1140 2287 1198 2320 nisi

456 2341 575 2375 domini
593 2342 781 2385 temporales
802 2341 946 2374 locorum
971 2341 999 2373 id
1026 2342 1199 2384 postulave-

456 2395 528 2428 rint.
542 2395 575 2428 ln
585 2396 670 2428 Statu
684 2398 786 2428 autem
798 2394 1016 2427 Ecclesiastico
1027 2394 1198 2438 [ancilis-to,

456 2449 509 2481 uhi
534 2449 661 2482 hebraei
686 2454 936 2489 commorantur,
961 2448 1004 2482 uti
1031 2449 1198 2487 Avenione,

455 2503 602 2536 Anconae
625 2507 656 2535 et
680 2502 712 2535 in
735 2502 892 2545 legatione
918 2502 1097 2542 Ferrariae,
1123 2502 1198 2545 ipsis

457 2554 602 2588 hebraeis
616 2555 731 2589 ibidem
742 2555 1012 2588 commorantibus
1026 2555 1198 2588 eoin-edere

458 2609 566 2653 possit.
585 2609 618 2641 ln
636 2609 719 2642 Urbe
737 2619 862 2653 quoque
879 2619 1049 2642 numerum
1066 2609 1199 2642 banche-

459 2661 582 2694 riorum
597 2662 803 2705 septuaginta,
819 2662 894 2695 alias
919 2667 1119 2703 conventum,
1135 2662 1195 2695 nisi

1232 257 1387 284 nomam!

1223 317 1260 337 ex
1281 305 1385 349 aliqua
1413 305 1493 338 iusta
1509 310 1541 338 et
1559 305 1750 340 rationabili·
1762 306 1857 340 causa
1873 305 1965 339 aliter

1223 359 1281 391 sibi
1305 359 1405 391 visum
1423 358 1532 398 suerit,
1549 368 1613 392 non
1632 364 1755 401 augeat.
1772 359 1966 392 Tolerantias

1223 417 1251 444 et
1277 412 1440 455 privilegia
1466 411 1694 456 praeiudicium
1719 412 1965 446 christianorum

1224 466 1466 506 concernentia,
1498 478 1533 499 ac
1555 466 1696 499 licentias
1721 466 1885 505 medendi,
1909 466 1968 500 eri-

1225 520 1317 561 gendi
1344 530 1537 563 synagogas,
1563 519 1696 553 ducendi
1719 519 1811 552 aliam
1836 529 1967 553 uxorem

1227 574 1347 607 vivente
1372 574 1487 617 prima,
1504 573 1626 617 aliaque
1647 578 1755 607 contra
1777 572 1970 607 constitutio-

1226 636 1280 659 nes
1293 626 1480 670 apostolicas
1493 626 1624 660 faciendi
1634 625 1654 666 ¹,
1667 626 1808 660 licentias
1821 636 1884 660 non
1897 636 1970 660 con-

1226 680 1324 713 cedat.

1271 734 1285 775 ,ξ
1310 733 1361 766 15.
1387 734 1455 767 Nou
1475 733 1572 778 possit
1602 733 1677 767 darc
1704 733 1862 766 licentiam
1887 733 1969 766 dese·
2021 746 2168 778 niqquiiqm

1227 787 1315 819 rendi
1340 786 1377 819 ad
1404 787 1519 821 L'rbem
1545 793 1714 831 quati-enos
1744 792 1797 820 aut.
1826 792 1968 821 monetas
1983 772 2168 822 t'ffi‘w‘lttssss’ss

1978 257 2028 286 An.
2042 257 2071 285 C.
2085 257 2159 288 ,162¹

1228 840 1419 884 reprobatas.
1439 841 1461 873 A
1483 840 1685 873 concessione
1707 840 1968 881 moratoriarum,
1985 827 2120 854 '⁰⁰¹⁰b²⁸²⁵;

1226 895 1289 927 sive
1306 894 1503 935 dilationum,
1517 899 1651 938 quar'um
1669 893 1915 938 prohibitionem
1926 893 1971 928 in-

1226 958 1388 985 novamus.
1407 947 1499 980 etiam
1518 948 1680 980 abstineat.

1271 1004 1285 1045 ς·
1311 1001 1360 1034 16.
1382 1002 1448 1035 Non
1466 1002 1514 1035 det
1533 1002 1811 1036 salv-oscendnctus
1833 1012 1892 1046 pro
1916 1001 1970 1035 de·
2050 1014 2170 1036 Prohibiuo

1227 1054 1299 1088 bitis
1317 1055 1348 1088 in
1366 1055 1527 1099 praedicto
1547 1056 1634 1088 Statu
1660 1055 1877 1089 Ecclesiastico
1899 1065 1973 1089 con·
1985 1041 2171 1099 2gggss30.„{²¹'3?f¹g

1228 1109 1357 1143 tractis:
1383 1120 1441 1153 pro
1466 1109 1579 1143 debitis
1603 1115 1707 1142 autem
1733 1114 1821 1143 extra
1850 1108 1969 1142 dictum
1985 1095 2170 1152 fffi's’lllsissffi'ff-

1228 1163 1348 1196 Statum
1373 1163 1542 1196 contractis
1561 1163 1721 1203 concedat,
1739 1163 1823 1197 iuxta
1843 1161 1969 1197 solitum
1985 1150 2172 1202 22²J¹⁸⁵¹252veffss

1229 1217 1379 1250 hactenus
1396 1217 1606 1250 observatum.
1625 1217 1732 1260 Neque
1752 1216 1879 1250 eedulas
1896 1216 1970 1250 Non
1985 1201 2171 1251 iiii‘iunimm'ni‘iibi'-

1228 1274 1382 1314 araretur
1402 1276 1606 1314 nuncupatas,
1631 1276 1739 1304 contra
1764 1269 1910 1304 mandata
1930 1270 1970 1302 ab
1985 1262 2042 1278 ‘⁰¹¹¹‘

1229 1324 1297 1357 aliis
1308 1324 1464 1357 iudicibus
1475 1325 1621 1363 relaxata,
1633 1324 1725 1358 etiam
1737 1324 1795 1357 sub
1807 1329 1971 1367 praetextu

1229 1378 1364 1421 depositi
1381 1377 1453 1420 (nisi
1473 1388 1532 1421 pro
1549 1377 1650 1417 ‹liei-tis,
1664 1382 1715 1410 aut
1732 1377 1838 1420 aliquo
1851 1387 1972 1417 eorum,

1229 1431 1373 1464 ordinem
1399 1436 1543 1463 nostrum
1568 1436 1619 1463 aut
1649 1441 1707 1474 pro
1732 1436 1875 1474 tempore
1907 1429 1974 1464 exi-

1230 1485 1338 1518 stentis
1373 1483 1490 1516 tomani
1514 1484 1673 1517 l'ontilicis
1693 1483 1815 1524 habeat,
1832 1483 1891 1517 nisi
1912 1483 1975 1517 sint

1229 1548 1382 1582 personae
1404 1537 1619 1581 privilegiatae
1644 1543 1675 1569 et.
1696 1537 1904 1570 jurisdictioni
1930 1537 1970 1570 it-

1230 1592 1289 1625 lius
1307 1591 1466 1624 subiectae
1487 1591 1609 1624 ratione
1626 1591 1802 1625 officiorum
1819 1597 1873 1624 aut
1889 1591 1969 1624 alio-

1229 1656 1299 1678 rum
1315 1645 1556 1689 privilegiorum
1570 1645 1799 1688 eameralium),
1811 1644 1970 1678 concedat.

1274 1700 1289 1741 ξ
1313 1699 1357 1732 17.
1380 1698 1413 1730 ln
1438 1698 1694 1731 concessionibus
1711 1702 1882 1731 traciarum
1907 1698 1972 1731 fru-
2004 1707 2172 1738 ‚nicomeden-

1230 1756 1419 1792 mentorum,
1440 1751 1616 1792 bladarmn,
1633 1751 1840 1795 leguminum,
1861 1751 1923 1785 olei
1941 1756 1972 1784 et
1987 1734 2171 1786 «Ἧοιιιῖῗῗιᾶιῗιιῐὲἓῖ

1230 1805 1413 1838 animalium
1451 1810 1615 1838 serventur
1648 1805 1886 1838 constitutiones
1915 1814 1973 1848 per
1987 1794 2049 1846 {2¹3ssss
2064 1787 2174 1846 9i5??¹21¹1‘2

1230 1859 1489 1902 praedecessores
1499 1862 1624 1892 nostros
1635 1859 1794 1892 Romanos
1806 1857 1974 1892 Pontifices
1987 1842 2128 1895 ii'zinsii'iiinnu
2138 1847 2173 1863 ‘¹'

1230 1912 1365 1956 desuper
1382 1911 1501 1952 editae,
1522 1911 1653 1955 ipseque
1678 1911 1855 1945 Ludovieus
1875 1911 1976 1945 cardi-

1230 1966 1320 2006 nalis,
1337 1971 1365 1999 et
1384 1976 1443 2010 pro
1458 1971 1600 2009 tempore
1618 1965 1753 1999 existens
1770 1966 1973 2008 camerarius,

1231 2021 1318 2053 nullo
1335 2019 1428 2053 niodo
1447 2025 1534 2053 extra
1554 2020 1674 2053 Statum
1697 2020 1951 2054 Ecclesiasticum
1965 2047 1973 2062 ‚

1231 2084 1354 2107 necnon
1379 2073 1471 2106 etiam
1496 2073 1534 2106 ad
1560 2073 1700 2106 civitates
1725 2078 1755 2107 et
1780 2074 1848 2107 loca
1872 2073 1974 2107 Bono-

1232 2127 1313 2167 niae,
1331 2127 1506 2167 Feri-ariae,
1531 2127 1597 2160 sine
1617 2127 1831 2171 chirographo
1854 2131 1974 2168 nostro,

1233 2191 1286 2213 seu
1304 2190 1362 2224 pro
1381 2186 1521 2225 tempore
1539 2180 1700 2213 existentis
1720 2180 1852 2214 Romani
1873 2180 1975 2214 Ponti-

1234 2235 1311 2275 t‘icis,
1330 2239 1444 2268 tractas
1463 2234 1644 2267 huiusmodi
1663 2234 1822 2274 concoctae
1839 2234 1893 2267 ubi
1917 2244 1974 2268 au-

1233 2294 1293 2321 tem
1312 2288 1409 2321 aderit
1428 2288 1607 2322 huiusmodi
1633 2288 1892 2332 chirographum,
1908 2287 1973 2321 sive

1232 2342 1270 2376 sit
1287 2353 1344 2385 pro
1362 2343 1447 2375 certa
1468 2343 1602 2385 persona
1618 2342 1665 2374 vel
1684 2341 1895 2382 universitate,
1908 2341 1973 2374 sive

1231 2407 1290 2439 pro
1309 2395 1435 2428 incertis
1456 2394 1599 2438 personis
1623 2394 1845 2434 facultativum,
1861 2398 1892 2426 et
1907 2393 1973 2427 cui-

1232 2460 1367 2494 cumque
1389 2448 1554 2487 directum,
1576 2447 1628 2480 liat
1645 2446 1800 2490 expeditio
1816 2457 1874 2491 per
1889 2457 1974 2480 euru-

1232 2501 1302 2534 dem
1320 2501 1512 2535 Ludovicnm
1541 2500 1731 2533 cardinalem
1757 2505 1788 2533 et
1811 2510 1869 2543 pro
1894 2505 1974 2534 tem-

1231 2566 1308 2599 pore
1320 2555 1501 2588 existentem
1516 2553 1724 2587 camerarium
1739 2554 1852 2594 solum,
1867 2559 1898 2588 et
1909 2563 1974 2589 non

1231 2619 1288 2653 per
1312 2608 1418 2641 alium.

1267 2672 1278 2698 1
1296 2669 1366 2698 Edit.
1382 2669 1466 2698 Μαίη.
1481 2668 1545 2704 legit
1559 2669 1702 2703 facientia
1716 2671 1754 2705 (n.
1771 2671 1820 2704 τ.).

2014 2305 2126 2333 expeditio
2142 2305 2174 2327 di-

1988 2336 2069 2355 ctarum
2094 2333 2173 2354 tracu-

1988 2366 2033 2381 rnm
2049 2361 2109 2381 extra
2124 2358 2174 2381 Sta-

1989 2389 2030 2408 tum
2042 2386 2079 2407 nat
2090 2391 2128 2412 per
2137 2390 2173 2407 cii-

1988 2413 2101 2435 mei-arium
2139 2416 2173 2434 εο-

1989 2441 2030 2461 tum
2044 2441 2066 2460 et
2079 2443 2121 2461 non
2135 2443 2173 2465 per

1988 2467 2060 2488 atium.
