2293 3231
323 292 371 319 Αι.
388 291 418 318 e.
441 291 508 318 «ωε
554 282 618 316 808

521 340 685 383 praelatos,
709 347 828 371 necnon
854 337 1080 381 parochialium
1105 337 1256 370 ecclesia-

520 403 589 424 rum
615 398 762 429 rectores,
783 396 969 434 ceterosque
986 390 1174 423 residentiae
1191 400 1259 434 per-

521 445 618 477 sonali
643 443 819 487 praedictae
851 443 1035 483 adstrictos,
1060 449 1148 476 extra
1172 443 1257 475 illam

519 497 817 541 quomodocumque
849 496 1052 536 decedentes,
1078 505 1122 529 vn
1155 495 1260 529 kalen-

519 551 565 582 dis
596 550 771 582 decembris
802 549 1002 593 pontificatus
1031 549 1079 582 sui
1110 559 1192 582 anno
1216 549 1258 582 v¹

518 608 567 634 aut
593 602 654 635 alio
679 602 794 634 veriori
816 607 958 646 tempore
975 602 1137 642 emanafis,
1155 607 1185 634 et
1201 601 1259 634 sub

518 656 766 698 quibuscumque
791 655 859 687 aliis
883 655 1180 695 constitutionibus,
1205 659 1259 687 aut

518 708 779 748 revocationibus,
789 708 1057 752 suspensionibus,
1069 707 1260 740 limitationi-

518 762 586 796 bus.
601 761 896 802 modificationibus,
916 761 1060 801 decretis,
1077 761 1260 795 declaratio-

518 814 609 846 nibus
632 814 820 858 apostolicis‚
840 814 1045 847 cancellariae
1069 814 1258 858 apostolicae

519 867 645 910 regulis,
663 878 699 899 ex
716 867 878 910 quibusvis
894 867 1007 908 causis,
1019 871 1260 911 quantumcum—

518 931 578 964 que
603 920 746 953 maximis
763 926 793 953 et
809 920 995 964 urgentibus
1019 925 1050 953 et
1071 920 1260 963 inexcogita-

518 974 644 1013 bilibus,
665 973 758 1006 etiam
787 973 818 1006 in
846 974 985 1007 favorem
1009 972 1083 1006 fidei
1107 978 1138 1006 et
1161 973 1258 1006 divini

518 1028 620 1060 cultus
655 1032 880 1070 augmentum,
915 1037 952 1060 ac
981 1027 1257 1068 consistorialiter,

519 1081 610 1113 etiam
628 1091 645 1112 a
664 1080 755 1113 nobis
773 1086 801 1113 et
819 1080 897 1113 Sede
913 1080 1073 1124 praedicta
1095 1080 1257 1121 hactenus,

519 1134 565 1166 x‘el
590 1144 682 1174 nunc,
703 1137 755 1167 aut
774 1144 832 1177 pro
850 1138 992 1177 tempore
1004 1133 1093 1167 factis
1108 1139 1139 1166 et
1155 1133 1257 1175 editis,

518 1187 647 1220 minime
671 1187 907 1230 comprehendi,
925 1187 978 1220 sed
996 1197 1122 1231 semper
1140 1187 1180 1220 ab
1197 1187 1258 1220 illis

519 1247 658 1284 excepta,
675 1247 705 1274 et
724 1241 847 1285 quoties
863 1246 1007 1274 emanata
1021 1241 1148 1282 suerint,
1166 1242 1258 1275 toties

519 1295 550 1327 in
573 1295 739 1339 pristinum
765 1300 795 1328 ct
819 1295 1045 1328 validissimum
1069 1301 1184 1328 statum
1209 1297 1258 1339 (ac

519 1349 611 1382 etiam
636 1350 692 1382 sub
717 1349 787 1382 data
810 1349 989 1393 posteriori,
1006 1349 1099 1382 etiam
1119 1360 1191 1382 cum
1209 1349 1260 1383 de-

520 1403 736 1446 rogationibus
760 1409 789 1436 et
813 1403 961 1436 clausulis
985 1403 1078 1437 etiam
1095 1403 1259 1446 derogato-

519 1457 637 1490 riarum
673 1457 902 1500 derogatoriis,
935 1456 1198 1502 irritantibusque
1228 1462 1259 1490 et

520 1511 587 1544 aliis
606 1511 749 1553 decretis,
774 1522 830 1555 pcr
854 1511 981 1544 eosdem
1005 1511 1205 1555 cappellanos
1229 1516 1259 1544 et

520 1576 628 1598 eorum
646 1565 786 1607 singulos
803 1565 956 1608 eligenda,
968 1565 1157 1609 apponenda
1174 1569 1203 1599 et
1219 1565 1260 1598 la-

520 1619 637 1651 tissime
661 1618 883 1662 speciticanda)
900 1618 1048 1662 reposita,
1068 1618 1213 1651 restituta
1229 1623 1260 1651 et

520 1672 659 1715 plenarie
673 1671 873 1714 reintegrata,
891 1682 927 1704 ac
943 1671 981 1704 dc
1000 1681 1083 1705 novo
1100 1681 1258 1712 concessa,

519 1735 554 1758 ac
580 1725 679 1757 valida
702 1730 733 1758 et
756 1725 894 1758 efficacia
911 1725 988 1765 sore,
1005 1734 1130 1758 necnon
1148 1735 1259 1769 perpe-

521 1781 572 1812 tua
589 1779 736 1811 firmitate
751 1779 932 1819 subsistere,
949 1789 1087 1822 suosque
1099 1779 1260 1823 plenarios

520 1837 547 1864 et
574 1842 682 1865 omnes
705 1833 835 1866 omnino
864 1832 1013 1873 effectus,
1038 1833 1092 1877 qui
1117 1832 1156 1866 de
1180 1833 1259 1873 iure,

521 1885 602 1925 stilo,
619 1885 854 1925 consuetudine,
867 1896 903 1919 ac
922 1886 997 1919 alias
1014 1885 1261 1930 quomodocum-

520 1948 580 1981 que
604 1938 710 1971 sortiri
735 1944 893 1982 poterunt,
914 1939 1031 1980 sortiri,
1048 1950 1084 1973 ac
1101 1940 1165 1972 vim
1182 1940 1259 1981 veri,

523 1991 661 2034 legitimi,
674 1992 790 2041 jurati,
815 1993 952 2036 stipulati
977 2003 1013 2026 ac
1036 1993 1131 2027 validi
1147 1998 1175 2027 et
1193 1994 1259 2027 effi-

522 2045 603 2078 cacis
616 2049 794 2079 contractus
819 2046 899 2080 intcr
915 2046 1042 2080 eosdem
1060 2047 1260 2091 cappellanos

522 2108 559 2130 ex
584 2100 663 2138 una,
687 2109 723 2131 ac
746 2108 803 2131 nos
826 2105 856 2131 et
879 2099 990 2133 Sedem
1015 2101 1206 2144 praefatam,
1230 2105 1261 2134 et

522 2162 679 2184 cameram
703 2152 906 2196 apostolicam
931 2164 968 2186 ex
992 2154 1091 2187 altera
1118 2154 1262 2198 partibus

523 2205 652 2244 haberc;
684 2215 741 2238 nec
777 2206 869 2239 ctiam
901 2217 957 2250 per
981 2207 1198 2250 promotiones
1221 2207 1261 2241 ad

523 2258 687 2291 ecclesiam
712 2259 937 2300 cathedralem,
958 2260 1051 2293 etiam
1077 2261 1260 2304 metropoli-

524 2316 625 2345 tanam
638 2312 659 2352 ²,
684 2317 736 2344 aut
760 2313 979 2347 translationes
995 2315 1043 2347 vel
1061 2315 1138 2348 alios
1162 2320 1261 2348 status

524 2369 552 2398 et
570 2376 774 2408 personarum
788 2367 986 2407 mutationes,
999 2378 1056 2401 nec
1072 2378 1129 2411 per
1143 2368 1261 2401 similes

525 2418 570 2450 vel
595 2418 761 2451 dissimiles
790 2420 907 2461 gratias
938 2420 1014 2464 ipsis
1043 2431 1207 2454 concessas
1231 2426 1262 2454 et

524 2471 738 2504 concedendas
761 2473 927 2512 confundi3
952 2473 1006 2506 sed
1030 2473 1106 2517 ipsis
1126 2474 1262 2507 cumula-

527 2523 584 2555 tivc
610 2524 639 2556 in
663 2525 807 2557 omnibus
832 2531 861 2558 et
885 2537 941 2569 per
964 2527 1069 2560 omnia
1093 2527 1154 2567 uti,
1181 2532 1212 2560 et
1235 2527 1260 2560 si

526 2576 599 2618 quid
632 2577 662 2609 in
696 2581 756 2610 unii
787 2589 824 2611 ex
855 2580 1051 2613 facultatibus
1081 2580 1261 2614 huiusmodi

563 2648 571 2672 1
590 2646 659 2677 Quas
676 2647 733 2675 vide
753 2648 778 2674 in
794 2652 857 2675 tom.
873 2655 917 2679 vu,
932 2657 994 2685 pag.
1010 2650 1061 2677 332
1076 2652 1116 2685 (a.
1132 2651 1180 2685 τ.).

560 2689 577 2716 2
591 2689 660 2717 Edit.
677 2691 758 2718 Main.
772 2692 837 2728 legit
851 2693 1069 2729 metropolitani
1083 2701 1121 2728 m.
1138 2695 1186 2730 τ.).

1108 288 1289 314 anunm!
1311 287 1468 314 Rom

1292 335 1427 370 defuerit
1449 346 1507 380 per
1530 336 1623 369 aliam
1648 337 1789 381 suppleri
1819 337 1951 379 debere;
1975 347 2034 372 nec

1292 388 1455 430 haeredes,
1480 389 1649 432 legatarios
1666 395 1696 423 et
1719 390 1798 432 loca,
1815 391 1854 424 ad
1877 402 1957 436 quos
1979 402 2034 425 seu

1292 452 1373 486 quae
1396 442 1498 484 bona,
1523 443 1592 476 iura
1623 449 1653 476 et
1684 444 1823 478 actiones
1853 444 2034 480 huiusmodi

1292 496 1485 538 devenerint,
1510 497 1558 530 vel
1583 497 1629 530 eis
1651 497 1880 542 relinquentur,
1903 503 1957 531 aut
1969 509 2036 533 exe-

1293 553 1445 592 quutores
1461 549 1651 593 praedictos,
1668 549 1707 583 ad
1724 550 1849 584 tertiam
1869 561 1926 584 seu
1941 551 2035 584 aliam

1292 601 1421 635 illorum
1446 607 1569 646 partem
1591 603 1700 646 (quam
1716 603 1810 636 etiam
1827 614 1864 637 ex
1880 614 1963 638 nunc
1980 604 2035 646 eis,

1292 665 1329 688 ac
1351 655 1440 696 locis,
1464 655 1664 696 haeredibus,
1685 656 1844 699 legatariis
1864 662 1895 691 et
1910 657 2036 692 donata-

1293 708 1362 750 riis,
1387 709 1563 743 liberaliter
1587 710 1790 744 concedimus
1812 716 1844 744 et
1867 711 2035 756 donamus)

1293 771 1447 803 camerae,
1463 763 1511 796 vel
1529 763 1677 804 fabricae,
1693 769 1746 796 aut
1761 763 1924 798 beneficiis
1946 775 2037 809 prae-

1292 815 1373 856 fatis,
1398 816 1491 849 etiam
1516 826 1575 860 pro
1599 816 1796 861 expeditione
1821 822 1931 851 contra
1958 817 2033 850 infi-

1292 867 1393 911 deles,
1423 872 1454 903 et
1482 869 1676 913 quibuslibet
1706 869 1776 903 aliis
1805 870 2037 914 quantumlibet

1291 920 1352 965 piis
1368 921 1479 955 usibus
1503 921 1699 963 solvendum,
1723 933 1760 956 ac
1783 933 1856 956 cum
1880 923 1925 957 eis
1948 923 2037 957 desu-

1292 984 1350 1018 per
1365 975 1632 1020 componendum,
1649 976 1698 1009 vel
1723 986 1777 1010 eos
1800 975 1840 1009 ad
1855 976 1950 1009 aliam
1966 987 2037 1021 par-

1292 1027 1456 1061 ticularem
1480 1028 1640 1062 licentiam
1654 1055 1662 1070 ,
1687 1029 1753 1062 sive
1777 1029 1934 1063 indultum
1949 1057 1956 1070 ,
1983 1035 2037 1063 aut

1292 1081 1567 1115 confirmationem
1590 1082 1804 1126 praesentium
1827 1092 1846 1115 3
1868 1082 1961 1116 nobis
1987 1083 2036 1116 vel

1293 1135 1530 1169 successoribus
1541 1136 1658 1170 nostris
1670 1135 1819 1169 Romanis
1831 1135 2036 1169 Pontificibus

1292 1188 1464 1232 petendum
1478 1216 1486 1230 ,
1510 1189 1558 1222 vel
1587 1189 1820 1233 impetrandum
1833 1215 1841 1229 ,
1865 1194 1919 1222 aut
1941 1189 2037 1222 etiam

1293 1242 1353 1275 alia
1378 1242 1472 1275 simili
1497 1243 1599 1286 gratia
1619 1243 1686 1276 sine
1709 1242 1777 1276 eius
1797 1242 2037 1276 confirmatione

1292 1296 1369 1340 ipsis
1377 1297 1677 1340 quomodocumque
1686 1295 1887 1330 concedenda
1900 1296 1939 1329 de
1950 1307 2038 1340 prae-

1293 1350 1373 1383 senti
1396 1350 1590 1384 mentionem
1614 1349 1752 1394 aliquam
1775 1349 1949 1383 faciendam
1969 1350 2033 1383 rni-

1291 1404 1378 1437 nime
1401 1403 1511 1444 teneri,
1528 1413 1587 1436 nec
1611 1403 1649 1436 ad
1673 1402 1705 1436 id
1721 1402 1803 1436 ulla¹
1820 1413 1970 1447 umquam
1986 1413 2039 1436 ne-

1293 1457 1436 1490 cessitate
1460 1457 1531 1500 cogi
1548 1467 1655 1501 posse:
1680 1462 1711 1490 et
1731 1457 1777 1490 sic
1798 1457 1831 1490 in
1854 1457 2037 1501 praemissis

1293 1511 1439 1544 omnibus
1463 1516 1493 1544 et
1517 1510 1649 1554 singulis
1671 1520 1730 1555 per
1752 1520 1971 1555 quoscumque
1994 1510 2038 1544 iu-

1293 1564 1378 1598 dices
1405 1563 1582 1597 ordinarios
1606 1569 1636 1597 et
1659 1564 1819 1607 delegatos
1843 1563 1937 1597 etiam
1963 1574 2037 1597 cau-

1293 1627 1398 1651 sarum
1429 1617 1537 1661 palatii
1561 1617 1726 1661 apostolici
1757 1617 1917 1650 auditores
1945 1621 1976 1650 et
2003 1627 2037 1650 e-

1293 1672 1415 1705 iusdem
1440 1671 1469 1705 S.
1499 1672 1534 1705 R.
1557 1671 1590 1705 E.
1616 1671 1801 1712 cardinales,
1827 1681 1953 1705 necnon
1976 1681 2037 1716 pro

1294 1730 1438 1769 tempore
1454 1724 1639 1758 existentem
1659 1724 1801 1758 eiusdem
1818 1724 1969 1758 ecclesiae
1986 1735 2038 1758 ca-

1294 1778 1476 1819 merarium,
1497 1777 1722 1822 praesidentes,
1747 1783 1778 1811 et
1802 1778 1935 1811 clericos
1951 1788 2039 1822 prae-

1294 1833 1383 1873 fatos,
1400 1832 1432 1865 in
1448 1832 1558 1876 quavis
1577 1833 1673 1866 causa
1692 1835 1723 1866 et
1738 1831 1884 1866 instantia
1900 1832 2038 1875 (sublata

1294 1886 1339 1919 eis
1362 1890 1393 1919 et
1416 1896 1527 1919 eorum
1551 1885 1680 1918 cuilibet
1708 1885 1820 1929 quavis
1849 1884 1940 1918 aliter
1961 1884 2039 1918 iudi-

1294 1939 1385 1972 candi
1410 1944 1440 1972 et
1465 1938 1692 1983 interpretandi
1716 1939 1862 1972 facultate
1881 1943 1912 1971 et
1935 1942 2039 1972 aucto-

1293 1993 1399 2036 ritate)
1419 1992 1551 2026 iudicari
1575 1997 1606 2025 et
1629 1992 1755 2026 definiri
1771 1992 1898 2033 debere,
1912 1991 2038 2026 irritum

1294 2056 1441 2090 quoque,
1466 2049 1497 2080 et
1524 2046 1617 2079 inane
1648 2045 1675 2079 si
1707 2056 1797 2079 secus
1829 2054 1925 2090 super
1948 2044 1998 2078 his
2021 2055 2039 2078 a

1294 2110 1454 2144 quoquam
1478 2099 1590 2143 quavis
1619 2098 1804 2133 auctoritate
1827 2098 1973 2138 scienter,
1988 2098 2037 2130 vel

1295 2153 1479 2196 ignoranter
1499 2152 1668 2195 contigerit
1684 2151 1839 2185 attentari.
1857 2150 2038 2184 Mandantes

1295 2206 1418 2240 dilectis
1430 2206 1504 2239 filiis
1519 2211 1629 2240 nostro
1642 2205 1819 2239 Alexandro
1833 2205 1862 2238 S.
1876 2204 2037 2238 Laurentii

1295 2259 1327 2293 in
1361 2259 1496 2294 Damaso
1531 2259 1664 2293 diacono
1699 2258 1851 2292 cardinali
1888 2257 2037 2291 Montalto

1294 2319 1487 2358 nuncupato,
1501 2313 1676 2347 litterarum
1693 2312 1940 2357 apostolicarum
1957 2322 2038 2346 sum-

1296 2367 1421 2408 matori,
1445 2366 1632 2411 plumbique
1655 2371 1686 2399 et
1708 2365 1836 2409 registri
1855 2364 1956 2398 nostri
1974 2374 2038 2397 ma-

1295 2420 1414 2464 gistris,
1437 2419 1616 2454 secretariis
1631 2424 1663 2452 et
1679 2419 1792 2452 ceteris
1815 2418 1855 2451 ad
1873 2428 1952 2461 quos
1969 2427 2040 2462 per-

1296 2474 1394 2515 tinet,
1418 2472 1476 2507 sub
1509 2472 1717 2516 suspensione
1747 2471 1786 2506 ab
1816 2471 2039 2505 emolumentis

1295 2537 1426 2561 suorum
1440 2526 1592 2570 cuiusque
1605 2525 1793 2564 officiorum,
1806 2534 1901 2568 quam
1914 2534 1952 2558 eo
1968 2524 2039 2569 ipso

1295 2579 1418 2614 censeri
1443 2579 1588 2613 volumus
1612 2577 1794 2618 incurrisse,
1818 2582 1852 2610 ut
1869 2577 1957 2611 nullo
1977 2578 2039 2612 alio

1293 2634 1429 2678 desuper
1458 2632 1628 2672 mandato,
1653 2631 1701 2664 vel
1738 2630 1959 2672 ordinatione,
1983 2636 2038 2665 aut

1327 2695 1342 2722 1
1358 2694 1430 2722 Edit.
1444 2693 1526 2722 Mein.
1541 2693 1607 2730 legit
1619 2693 1682 2722 visa
1696 2701 1744 2730 pro
1759 2692 1820 2721 ulla'
1834 2693 1874 2728 (n.
1890 2693 1942 2729 t).

2115 2269 2223 2292 Maricla

2052 2297 2079 2318 de
2104 2296 2231 2325 expedi

2052 2323 2126 2351 gratis.
