2293 3231
262 281 307 306 ain.
327 281 344 305 ⁴:
381 280 440 307 162¹
491 272 554 305 6:3⁹2

463 330 620 362 Romanae
647 329 801 361 Ecclesiae
825 328 1039 361 cardinalibus
1062 327 1149 371 prius
1170 327 1201 359 in

461 382 647 415 consistorio
661 386 768 413 nostro
785 386 916 421 secreto,
933 386 963 413 et
979 380 1091 413 deinde
1108 380 1200 412 etiam

463 436 492 468 in
517 435 577 466 alia
608 434 702 466 simili
727 433 972 476 congregatione
996 432 1135 476 generali
1162 432 1200 465 ad

462 489 520 520 hoc
545 487 729 520 nominatim
760 486 867 519 habita
893 486 924 520 in
948 487 1059 519 eodem
1085 486 1200 530 palatio

461 546 578 580 nostro,
603 539 828 572 deliberatione
851 542 984 580 matura,
1001 540 1040 573 de
1056 539 1200 584 ipsorum

461 594 593 626 fratrum
610 597 805 627 nostrorum
816 592 948 626 consilio
966 593 1086 636 pariter
1106 597 1135 625 et
1151 603 1200 625 as-

462 657 565 687 sensu,
589 650 619 680 ct
642 657 677 679 ex
703 648 788 680 certa
814 648 922 680 nostra
948 646 1088 686 scientia,
1108 651 1139 679 et
1162 645 1200 679 de

461 699 649 743 apostolicae
672 699 834 743 potestatis
859 698 1062 743 plenitudine,
1083 698 1114 731 in
1139 698 1200 732 No—

463 753 545 785 mine
570 752 687 793 Patris,
713 757 743 785 et
767 752 854 792 Filii,
879 757 909 785 et
933 752 1066 796 Spiritus
1097 752 1200 785 Sancti

461 805 671 839 obedientiam
690 805 729 838 ab
751 805 861 839 eodem
887 805 1053 838 Francisco
1075 805 1154 839 duce
1171 810 1201 839 et

462 865 668 904 procuratore
689 861 816 894 nomine
842 861 939 905 ipsius
963 860 1099 904 Philippi
1117 860 1201 904 regis

461 913 552 947 nobis
576 924 611 947 ac
635 913 708 947 Sedi
732 924 768 947 ac
792 914 949 947 Ecclesiae
972 913 1151 958 praedictis,
1168 918 1202 946 ut

463 967 686 1011 praemittitur,
710 967 904 1011 praestitam,
929 967 1067 1011 itemque
1091 962 1210 1000 homa-²

461 1020 547 1063 gium
565 1025 595 1054 et
612 1020 822 1055 iuramentum
839 1020 995 1055 fidelitatis
1010 1019 1202 1061 huiusmodi,

462 1074 543 1107 lacto
567 1079 661 1118 atque
685 1074 777 1107 hilari
801 1074 907 1107 animo
931 1073 1142 1114 admittimus,
1167 1083 1202 1107 ac

463 1137 597 1171 regnum
611 1127 715 1172 ipsum
732 1127 855 1161 Siciliae
869 1133 900 1161 et
916 1127 1113 1161 Hierusalem
1129 1138 1202 1161 cum

463 1183 528 1214 tota
546 1183 632 1215 terra
655 1181 816 1226 praedicta
840 1182 919 1215 citra
943 1181 1078 1215 Pharum
1103 1191 1203 1225 usque

463 1235 502 1268 ad
526 1235 662 1269 confinia
694 1239 851 1269 terrarum
880 1235 1020 1268 eiusdem
1045 1235 1203 1269 Ecclesiae

464 1289 623 1322 Romanae
648 1289 799 1333 (excepta
823 1288 984 1332 praedicta
1008 1288 1132 1322 civitate
1152 1288 1205 1321 Be-

463 1344 636 1376 neventana
665 1353 738 1376 cum
767 1342 833 1375 eius
857 1342 1034 1383 territorio,
1060 1341 1204 1375 districtu

463 1401 494 1429 et
512 1396 720 1440 pertinentiis,
736 1405 793 1440 per
807 1405 866 1429 nos
883 1406 940 1429 seu
957 1396 1114 1429 Romanos
1127 1395 1205 1428 Pon-

422 1466 427 1473 ·
464 1449 563 1483 tifices
586 1449 750 1488 distinctis,
775 1459 811 1482 ac
835 1459 945 1482 eorum
965 1448 1086 1488 incolis,
1109 1458 1203 1492 quam

463 1503 566 1544 nobis,
588 1507 682 1547 prout
707 1503 792 1536 illam
816 1503 876 1536 sibi
901 1502 1019 1535 dudum
1043 1501 1204 1546 praedicta

464 1555 620 1590 Ecclesia*
637 1555 815 1600 specialiter
831 1555 960 1589 retinuit
975 1561 1005 1588 et
1021 1555 1202 1597 reservavit,

463 1610 577 1643 harum
609 1609 690 1642 serie
720 1610 782 1642 unzi
808 1619 879 1641 cum
905 1609 975 1642 loco
1008 1607 1203 1641 Pontiscurvi

463 1663 593 1706 eiusque
619 1661 778 1696 territorio
803 1661 894 1695 nobis
919 1666 949 1695 et
973 1661 1075 1695 eidem
1100 1661 1204 1695 Eccle-

463 1716 526 1749 siae
562 1715 740 1760 specialiter
772 1716 992 1759 reservamus)
1017 1714 1101 1748 dicto
1131 1714 1203 1747 Phi-

463 1770 550 1814 lippo
573 1769 640 1813 regi
665 1779 725 1813 pro
749 1780 791 1811 se,
816 1768 943 1812 suisque
966 1767 1157 1802 haeredibus
1173 1773 1204 1801 et

464 1823 701 1857 successoribus
715 1822 891 1866 Aragoniae
904 1821 1043 1865 regibus,
1053 1826 1116 1854 tam
1125 1831 1204 1855 mas-

463 1876 541 1910 culis
557 1887 653 1921 quam
673 1876 806 1917 seminis,
826 1886 863 1909 ex
889 1885 927 1909 eo
950 1877 1038 1909 recta
1054 1875 1136 1909 linea
1153 1875 1204 1909 de-

463 1929 694 1971 scendentibus,
717 1929 799 1962 natis
823 1935 854 1962 et
876 1928 1055 1970 nascituris,
1075 1938 1111 1962 ac
1135 1928 1204 1961 aliis

464 1983 609 2027 personis
630 1983 661 2016 in
678 1982 934 2016 concessionibus
951 1982 1118 2026 utriusque
1134 1981 1204 2015 Iulii

463 2046 499 2069 ac
526 2035 639 2069 Leonis
666 2040 697 2069 et
726 2035 893 2069 Clementis
924 2035 1205 2079 praedecessorum

465 2089 646 2123 huiusmodi
660 2088 907 2133 comprehensis,
922 2094 952 2122 et
966 2099 1025 2132 per
1042 2098 1094 2122 eas
1117 2098 1206 2122 voca-

465 2143 515 2183 tis,
528 2142 560 2175 in
577 2142 705 2175 seudum
719 2147 908 2186 perpetuum
921 2152 980 2186 pro
994 2141 1086 2175 solito
1100 2151 1205 2175 annuo

465 2205 562 2229 censu
586 2200 706 2239 septem
735 2195 869 2228 millium
901 2195 1088 2229 ducatorum
1113 2195 1206 2228 simi-

466 2248 542 2282 lium
571 2253 602 2281 et
626 2248 718 2281 unius
741 2248 917 2292 parasraeni
949 2247 1032 2289 albi,
1056 2253 1092 2280 ut
1118 2258 1207 2292 prae-

466 2303 574 2343 fertur,
590 2301 751 2342 solvendo,
765 2306 794 2335 et
811 2302 869 2335 suh
887 2301 1129 2342 conditionibus,
1144 2311 1208 2335 mo-

466 2355 524 2396 dis,
538 2355 658 2396 formis,
675 2354 914 2395 adiectionibus,
932 2354 1206 2398 promissionibus,

467 2408 626 2449 clausulis,
643 2407 784 2448 cautelis,
806 2407 1019 2441 voluntatibus
1038 2412 1069 2440 et
1085 2407 1209 2441 ordina-

469 2462 606 2495 tionibus
626 2462 658 2495 in
682 2461 794 2494 litteris
819 2461 984 2504 utriusque
1007 2460 1077 2494 Iulii
1097 2466 1127 2494 ct
1146 2461 1209 2495 Cle-

469 2514 580 2549 mcntis
608 2525 644 2548 ac
668 2514 870 2548 concessione
891 2513 1003 2548 Leonis
1027 2513 1210 2558 praedeces-

469 2577 576 2600 sorum
601 2567 781 2601 liuiusmodi
809 2567 980 2608 contentis,
1004 2577 1139 2611 quarum
1162 2578 1210 2601 rc-

469 2619 649 2652 missionem
666 2631 723 2663 per
747 2619 858 2653 sedem
883 2620 1077 2663 praedictam
1094 2620 1208 2654 saetam

504 2681 516 2707 1
535 2681 606 2709 Edit.
621 2681 699 2709 Main-
709 2681 775 2718 legit
781 2683 948 2718 praedictae
958 2682 1101 2711 Ecclesiae
1111 2682 1146 2719 (a.
1158 2682 1207 2718 12).

1034 281 1209 304 ut'tJAntt'M
1236 280 1389 304 ROMANUM

1983 279 2030 306 An.
2052 279 2081 306 C.
2104 277 2168 307 ¹62¹
2218 141 2237 292 Ξ

1235 327 1330 360 t'uissc
1354 336 1418 360 non
1449 327 1629 370 apparebit,
1653 328 1738 360 omni
1763 327 1886 361 meliori
1910 338 1973 371 quo

1235 390 1404 424 possumus
1421 380 1515 413 modo
1532 380 1733 413 concedimus
1749 386 1779 414 et
1791 381 1974 424 elargimur,

1235 444 1269 466 ac
1286 443 1419 476 regnum
1437 434 1539 477 ipsum
1557 434 1718 477 praedicto
1735 434 1880 478 Philippo
1895 434 1974 478 regi,

1235 486 1330 520 modo
1354 492 1384 520 et
1408 488 1510 520 forma
1538 487 1737 531 praemissis,
1761 487 1974 527 intendamus,

1235 549 1371 584 cumque
1388 540 1426 573 de
1444 540 1498 573 illo
1513 550 1571 584 per
1587 540 1685 584 ipsius
1710 539 1869 573 Francisci
1887 539 1976 573 ducis

1235 598 1265 626 et
1288 593 1504 637 procuratoris
1535 592 1573 625 ad
1601 593 1745 627 osculum
1779 592 1895 637 pedum
1918 602 1975 626 no-

1235 651 1374 680 strorum
1399 646 1623 680 admissionem
1648 646 1841 679 investimus.

1279 699 1294 742 g
1319 699 1349 732 7.
1373 699 1519 732 Volentes
1543 704 1573 732 et
1596 699 1792 733 intendentes
1806 726 1814 740 ,
1838 703 1872 732 ut
1895 698 1976 732 infra
2006 711 2175 743 ‘numentanam

1235 762 1390 793 annum,a
1402 752 1474 785 data
1487 753 1704 796 praesentium
1717 751 1975 797 computandum,
1989 738 2115 793 ssl-{fflahoe
2136 743 2170 759 ⁰¹⁸

1236 806 1318 840 idem
1334 806 1496 850 Philippus
1512 817 1567 840 rex
1584 807 1786 852 privilegium
1803 816 1895 839 suum
1911 805 1978 839 bul-

1236 860 1265 893 la
1288 861 1384 893 aurea
1406 859 1560 894 bullatum
1582 861 1632 904 (in
1652 871 1716 904 quo
1740 859 1873 904 proprio
1897 859 1978 892 iura-

1237 919 1342 947 mento
1372 913 1506 947 fateatur
1537 919 1567 947 et
1590 918 1798 957 recognoscat
1829 922 1977 958 expresse

1236 977 1370 1010 regnum
1395 966 1518 1000 Siciliae
1538 972 1567 1000 et
1593 967 1800 1007 Hierusalem,
1821 976 1858 999 ac
1880 969 1978 1001 totam

1237 1025 1354 1053 terram
1372 1019 1498 1054 eorum¹
1516 1030 1596 1065 quae
1616 1024 1662 1054 est
1677 1020 1756 1054 citra
1773 1020 1911 1053 Pharum
1929 1025 1978 1054 us-

1237 1083 1298 1116 que
1314 1072 1352 1106 ad
1365 1072 1500 1107 confinia
1517 1073 1617 1117 ipsius
1633 1072 1791 1106 Ecclesiae
1807 1073 1978 1113 Romanae,

1237 1127 1375 1171 exceptis
1395 1126 1519 1160 civitate
1534 1127 1750 1161 Beneventana
1766 1132 1797 1161 et
1813 1127 1883 1162 loco
1903 1127 1979 1161 Pon-

1237 1180 1378 1221 tiscurvi,
1399 1190 1471 1214 cum
1487 1180 1615 1214 illorum
1632 1180 1811 1222 territoriis
1829 1180 1978 1214 districti-

1236 1233 1306 1275 bus,
1323 1239 1353 1267 et
1372 1233 1580 1278 pertinentiis,
1597 1244 1678 1278 quae
1694 1234 1795 1268 eidem
1820 1234 1978 1268 Ecclesiae

1237 1292 1430 1327 remaneant,
1454 1286 1615 1331 praedicto
1639 1286 1786 1331 Philippo
1810 1287 1878 1330 regi
1898 1287 1979 1321 suis-

1237 1350 1299 1384 que
1322 1339 1511 1374 haeredibus
1535 1345 1567 1374 et
1589 1339 1827 1374 suecessoribus
1850 1350 1887 1374 ex
1911 1341 1980 1375 sola

1237 1393 1339 1435 gratia
1362 1398 1394 1426 et
1416 1395 1505 1427 mera
1524 1392 1712 1427 liberalitate
1734 1392 1823 1427 Sedis
1847 1394 1979 1437 Aposto-

1237 1445 1315 1479 licae
1335 1452 1365 1479 et
1380 1447 1489 1480 nostra
1506 1446 1604 1480 fuisse
1621 1456 1780 1488 concessa,
1801 1456 1918 1490 eosque
1934 1456 1983 1480 re-

1239 1499 1360 1543 cepisse
1371 1498 1392 1540 ⁹,
1421 1505 1452 1533 et
1475 1504 1582 1533 tenere
1613 1509 1748 1543 regnum
1779 1499 1922 1541 Siciliae,
1951 1505 1983 1534 et

1240 1558 1357 1585 terram
1370 1552 1551 1586 huiusmodi
1566 1563 1584 1586 a
1596 1552 1687 1586 nobis
1700 1556 1731 1586 et
1742 1552 1825 1586 dicta
1840 1553 1982 1587 Romana

1238 1605 1389 1646 Ecclesia,
1398 1606 1458 1638 sub
1470 1605 1580 1650 pactis,
1591 1605 1692 1639 modis
1705 1611 1735 1640 et
1747 1605 1981 1641 conditionibus

1237 1658 1438 1703 supradictis)
1446 1658 1546 1700 nobis,
1556 1669 1611 1693 seu
1620 1659 1761 1693 Romano
1771 1659 1913 1694 Pontifici
1921 1670 1981 1704 pro

1237 1717 1382 1756 tempore
1395 1712 1550 1754 existenti,
1561 1713 1636 1746 dare
1649 1717 1680 1747 et
1691 1713 1816 1747 tradere
1828 1717 1980 1748 teneatur.

1282 1765 1297 1808 ἓ
1307 1764 1336 1804 8.
1349 1765 1408 1799 Per
1420 1766 1593 1809 praemissa
1601 1771 1705 1800 autem
1715 1776 1778 1800 non
1790 1766 1980 1801 intendimus

1237 1818 1298 1852 iuri
1315 1818 1543 1863 cuiuscumque
1559 1819 1591 1852 in
1607 1819 1713 1864 aliquo
1729 1820 1956 1864 praeiudicare.

1281 1872 1297 1916 ἓ
1321 1872 1350 1905 9.
1370 1872 1493 1906 Forma
1512 1883 1585 1906 vcro
1601 1873 1784 1907 iuramenti
1797 1874 1980 1918 peripsum

1237 1924 1454 1958 Franciscum
1463 1925 1576 1959 ducem
1592 1931 1621 1959 et
1634 1931 1879 1970 procuratorem
1887 1937 1981 1971 prae-

1237 1977 1309 2010 stiti
1327 1977 1402 2011 talis
1420 1982 1476 2012 est:
1492 1978 1558 2022 Ego
1574 1979 1760 2013 Franciscus
1773 1979 1854 2013 dela
1866 1979 1979 2022 Cueva,

1238 2030 1301 2064 dux
1313 2030 1352 2064 de
1364 2031 1616 2076 Alburquerque‚
1633 2032 1777 2066 marchio
1793 2033 1832 2067 de
1849 2033 1982 2075 Cuellar,

1238 2094 1345 2118 comes
1370 2084 1408 2118 de
1433 2084 1583 2118 Ledesma
1603 2090 1634 2119 et
1649 2085 1687 2119 de
1711 2086 1856 2128 Gulman,
1879 2087 1982 2121 domi-

1238 2148 1297 2171 nus
1321 2138 1354 2171 in
1378 2138 1605 2182 temporalibus
1635 2139 1674 2173 de
1703 2139 1921 2175 Monbeltrano
1952 2146 1983 2174 et

1240 2191 1277 2225 de
1289 2192 1317 2225 la
1329 2192 1492 2233 Codosera,
1505 2193 1699 2226 serenissimi
1713 2193 1833 2227 domini
1847 2193 1982 2239 Philippi

1240 2244 1294 2278 Dei
1319 2245 1422 2288 gratia
1445 2245 1530 2289 regis
1547 2246 1670 2280 Siciliae
1694 2247 1773 2280 citra
1797 2247 1935 2281 Pharum
1951 2252 1983 2282 et

1241 2298 1438 2332 Hierusalem
1463 2308 1499 2333 ac
1522 2299 1745 2343 Hispaniarum
1773 2300 1891 2334 domini
1919 2301 1982 2334 mei

1241 2351 1450 2392 consiliarius,
1467 2357 1498 2386 ct
1516 2353 1601 2397 apud
1624 2353 1855 2387 sanctissimum
1879 2353 1982 2387 domi-

1242 2415 1316 2438 num
1347 2410 1491 2439 nostrum
1516 2406 1550 2439 D.
1575 2406 1764 2449 Gregorium
1792 2406 1907 2450 Papam
1931 2407 1982 2440 XV

1242 2464 1273 2492 et
1296 2463 1436 2492 sanctam
1457 2458 1570 2493 Sedcm
1586 2459 1797 2504 Apostolicam
1821 2464 1929 2493 orator
1952 2463 1982 2494 et

1242 2516 1432 2556 procurator
1445 2511 1484 2544 ad
1500 2511 1578 2545 haec
1594 2512 1700 2546 omnia
1719 2512 1897 2556 specialiter
1913 2522 1984 2546 con-

1243 2565 1379 2606 stitutus,
1389 2564 1515 2609 speciali
1531 2565 1678 2598 mandato
1686 2565 1848 2599 Sanctitati
1856 2566 1984 2600 Vestrae

2007 1775 2142 1806 *Restitutio
2149 1776 2181 1798 in-

1994 1808 2049 1824 rium
2054 1808 2180 1833 cuicumque

1995 1832 2168 1856 competentium.

2035 1882 2105 1914 Teum·
2124 1882 2180 1904 iun-

1995 1911 2063 1967 3222
2080 1914 2183 1966 '’rat-{535

1995 1968 2052 1990 rogis
2066 1963 2172 1990 praestiti.

1281 2639 1290 2664 1
1308 2637 1340 2665 Ni
1355 2637 1483 2665 malueris
1496 2635 1587 2672 legere
1601 2644 1666 2664 eam
1679 2638 1717 2671 (n.
1733 2636 1781 2673 τ.).

1277 2682 1294 2710 2
1308 2682 1379 2711 Edit.
1394 2682 1474 2710 Μαίη.
1490 2681 1555 2718 legit
1568 2682 1714 2711 recessisse
1728 2682 1767 2718 (a.
1783 2683 1833 2718 T.)-
