2293 3231
302 295 391 324 Aac,
415 297 482 326 ¹6¹2

533 289 592 324 1-28

500 358 570 380 rum
582 375 589 388 ‚
607 348 746 382 solvatur
763 355 853 393 prout
872 348 909 381 de
926 348 1008 382 soliis
1029 349 1237 392 registrorum

499 400 617 434 dictum
635 407 690 434 est.

543 453 594 487 49.
619 454 679 487 Pro
703 465 903 498 quocumque
928 456 1150 494 instrumento.
1175 456 1239 490 sive

498 508 731 552 prorogationis
748 509 959 550 remissoriae,
976 509 1041 544 sire
1058 511 1240 544 mutationis

499 560 649 602 iudicum,
665 561 711 594 vel
729 562 861 596 alicuius
878 562 1094 605 intimationis,
1111 570 1164 598 aut
1178 565 1239 599 alio

498 613 610 657 quovis
627 619 697 646 actu
715 614 853 648 iudiciali
874 616 904 649 in
929 616 1087 660 publicam
1105 618 1239 652 formam

499 666 644 707 redacto,
662 667 727 700 iulii
744 673 864 712 septem
882 680 955 702 eum
972 670 1113 706 dimidio.

543 718 593 752 50.
609 719 669 753 Pro
685 731 887 766 quocumque
904 722 1047 767 deposito
1063 725 1240 758 cuiuscum-

498 784 560 817 que
576 783 720 807 summae
737 774 784 808 vel
801 775 925 820 rei,per
940 776 1084 810 cedulam
1103 777 1149 812 vel
1162 778 1239 820 sine,

498 827 575 860 nihil
592 827 773 872 recipiatur.

542 879 593 913 51.
619 881 680 914 Pro
707 881 906 916 restitutione
934 894 1009 918 vero
1040 884 1168 919 cedulae
1192 885 1239 919 vel

497 933 646 978 depositi,
660 945 759 980 usque
772 935 810 968 ad
823 946 978 970 summam
992 943 1155 972 scutorum
1168 949 1241 984 qua-

498 986 784 1033 dragintaquinque
801 989 953 1024 inclusive
964 1018 972 1032 ,
988 991 1141 1036 recipiant
1156 998 1241 1026 nota-

498 1040 538 1074 rii
557 1041 643 1074 omni
661 1052 735 1075 casu
752 1042 937 1078 bononenos
954 1044 1033 1079 duos
1049 1049 1168 1080 tantum
1181 1057 1239 1091 pro

496 1095 638 1140 quolibet
654 1102 753 1139 scuto,
767 1108 824 1131 nec
841 1099 924 1132 aliud
941 1099 1121 1143 quicquam,
1138 1110 1239 1144 neque

497 1159 556 1193 pro
578 1149 776 1185 restitutione
799 1151 946 1193 cedulae,
963 1162 1065 1198 neque
1081 1164 1139 1197 pro
1156 1164 1240 1187 man-

497 1201 587 1243 dato,
604 1213 707 1247 neque
722 1214 780 1249 pro
797 1204 999 1249 quietatione;

542 1255 593 1289 52.
611 1257 634 1290 Α
651 1257 748 1290 scutis
763 1257 1112 1303 quadragintaquinque
1129 1270 1238 1304 supra,

497 1320 597 1354 usque
614 1311 652 1344 ad
670 1321 902 1356 quamciunque
923 1323 1096 1354 summam,
1114 1313 1239 1357 quando

498 1364 678 1410 depositum
691 1370 739 1398 est
756 1365 871 1398 factum
889 1370 960 1399 ante
973 1365 1110 1399 mandati
1124 1367 1240 1400 relaxa-

497 1418 626 1459 tionem,
635 1417 753 1463 absque
762 1418 941 1452 conditione
953 1419 1001 1453 vel
1014 1420 1239 1464 protestatione

497 1473 690 1514 extrinseca,
710 1483 782 1506 cum
804 1482 959 1506 consensu
977 1473 1061 1517 quod
1077 1474 1240 1518 consigne-

498 1532 549 1561 tur
572 1526 751 1571 adimpletis
776 1526 938 1560 conventis
954 1531 984 1560 et
998 1527 1080 1560 sacta
1098 1527 1239 1571 legitima

497 1581 707 1626 quietatione‚
727 1585 801 1614 tune
824 1591 883 1625 pro
907 1581 1054 1615 mandato
1078 1581 1117 1616 de
1141 1582 1240 1616 consi-

497 1634 623 1678 gnando
653 1634 766 1667 habeat
799 1633 941 1668 notarius
976 1634 1069 1669 iulios
1104 1639 1239 1680 quatuor

497 1699 569 1722 cum
587 1687 728 1728 dimidio,
742 1692 771 1720 et
785 1687 863 1721 alios
876 1692 1010 1731 quatuor
1022 1699 1095 1722 cum
1108 1688 1238 1723 dimidio

497 1753 556 1787 pro
580 1741 817 1785 consignatione
842 1740 982 1783 cedulae,
1006 1746 1036 1775 et
1059 1751 1122 1776 non
1146 1743 1237 1784 ultra;

541 1794 592 1829 53.
616 1794 746 1835 Quando
777 1805 852 1828 vero
884 1794 1062 1839 depositum
1090 1801 1137 1829 est
1166 1807 1238 1830 cum

496 1849 722 1894 protestatione
736 1849 783 1883 vel
797 1848 976 1883 conditione
989 1849 1163 1884 extrinseca
1175 1860 1238 1884 non

497 1904 650 1937 conventa
668 1902 698 1936 in
716 1903 873 1947 scriptura
889 1902 979 1936 cuius
995 1903 1104 1946 vigore
1123 1903 1237 1958 agigur,

497 1957 575 1991 adeo
588 1956 672 2001 quod
684 1956 806 1990 oriatur
820 1967 915 2001 super
928 1957 965 1989 ea
978 1955 1151 1998 decretum,
1164 1962 1237 1991 tunc

496 2021 555 2055 pro
572 2010 719 2043 mandato
737 2009 776 2043 de
795 2009 1012 2053 consignando
1033 2009 1110 2043 illud
1125 2009 1238 2044 haheat

496 2064 638 2098 notarius
661 2069 792 2104 tantum,
805 2068 956 2108 quantum
981 2063 1156 2097 solveretur
1178 2074 1237 2109 pro

498 2118 644 2151 mandato
662 2117 745 2151 illius
762 2127 903 2150 summae
920 2117 1120 2162 exequutiro,
1133 2122 1163 2151 et.
1176 2128 1239 2151 ain-

496 2171 578 2217 plius
595 2171 687 2206 iulios
703 2176 838 2215 quatuor
850 2182 921 2205 cum
939 2171 1070 2205 dimidio
1078 2182 1137 2216 pro
1150 2173 1238 2207 resti-

496 2225 616 2259 tutione
637 2224 782 2265 cedulae,
800 2224 825 2257 si
847 2224 1050 2268 consignetur
1070 2225 1101 2258 in
1118 2229 1218 2259 totum
1230 2253 1237 2266 ,

497 2278 545 2312 sin
563 2279 686 2320 minus,
711 2278 821 2312 iulium
845 2288 943 2312 unum
965 2288 1025 2322 pro
1047 2278 1237 2322 quietatione

496 2342 638 2366 summae
653 2342 733 2377 quae
749 2331 996 2375 consignabitur‚
1015 2337 1045 2364 et
1065 2342 1128 2366 non
1144 2333 1236 2373 ultra;

541 2386 592 2420 54.
616 2385 746 2426 Quando
769 2385 946 2430 depositum
971 2390 1017 2419 est
1036 2385 1151 2419 factum
1167 2391 1238 2430 post

497 2440 634 2473 mandati
649 2439 828 2483 exequutivi
853 2439 1088 2481 relaxationem,
1109 2451 1238 2483 quomo-

497 2493 675 2538 documque
698 2493 768 2534 fiat,
785 2493 879 2527 etiam
897 2493 981 2538 quod
996 2493 1087 2538 plura
1102 2493 1238 2538 desuper

497 2546 564 2579 sieri
589 2546 715 2580 decreta
738 2546 908 2590 contingat,
929 2557 1105 2591 numquam
1125 2547 1238 2581 habeat

497 2600 637 2634 notarius
661 2600 719 2633 nisi
745 2601 837 2634 iulios
860 2606 995 2645 quatuor
1019 2612 1090 2635 cum
1107 2601 1237 2636 dimidio

497 2664 556 2698 pro
580 2653 726 2687 mandato
750 2654 788 2687 de
813 2655 1036 2698 consignando,
1053 2660 1083 2689 et
1107 2655 1236 2689 totidem

497 2718 556 2755 pro
580 2707 777 2743 restitutione
800 2708 929 2742 cedulae
953 2714 983 2742 et
1006 2708 1194 2753 quietantia,
1211 2710 1236 2743 si

1081 303 1258 328 BL'LLARlUM
1283 303 1435 328 Romnum

1272 350 1428 395 integrum
1446 352 1659 396 consignetur,
1676 353 1914 399 alioquin,ultra
1929 365 2013 389 man-

1271 404 1334 438 dati
1367 404 1518 449 praedicti
1550 406 1738 447 mercedem,
1759 407 1871 441 habeat
1902 408 2011 442 iulium

1272 468 1370 491 unum
1394 468 1454 502 pro
1479 458 1664 502 quietantia,
1690 464 1723 493 ut
1747 470 1858 505 supra,
1883 466 1911 494 et
1935 461 2012 494 nihil

1273 511 1408 556 amplius
1426 511 1456 545 in
1473 512 1614 556 quolibet
1628 513 1860 557 praedictorum
1873 524 2011 548 casuum.

1609 582 1624 626 ἓ
1649 583 1681 616 V.

1512 653 1602 687 Tama
1625 654 1777 688 archivii.

1318 725 1347 758 1.
1360 724 1421 758 Pro
1434 724 1574 769 quolibet
1586 725 1660 759 folio
1676 725 1785 770 copiae
1801 726 1899 760 factae
1916 727 2014 761 instar

1273 777 1347 811 boni
1363 777 1544 821 originalis,
1561 777 1718 812 bononeni
1739 789 1801 812 sex.

1317 829 1347 863 2.
1364 830 1424 864 Pro
1441 830 1502 864 fide
1518 830 1686 864 cuiuslibet
1701 831 1795 875 primi
1814 836 1902 866 actus
1913 859 1921 873 ,
1946 832 2013 866 iulii

1273 889 1409 928 quatuor
1433 894 1505 917 cum
1529 883 1670 918 dimidio.

1316 936 1346 971 3.
1371 937 1409 971 Et
1432 937 1456 970 si
1483 936 1600 971 fuerint
1622 937 1745 982 plures,
1769 938 1923 973 addantur
1946 938 2012 973 iulii

1272 990 1335 1025 duo
1358 1000 1417 1035 pro
1440 990 1581 1034 quolibet
1604 995 1684 1024 actu.

1317 1043 1347 1077 4.
1365 1044 1425 1078 Pro
1441 1043 1582 1088 quolibet
1598 1044 1778 1079 centenario
1795 1045 1922 1089 registri
1938 1045 2012 1080 boni

1273 1097 1358 1130 iuxta
1367 1097 1625 1132 reformationem
1636 1098 1829 1132 Sanctissimi
1840 1098 1899 1132 sub
1911 1099 2013 1133 rubri-

1273 1152 1309 1184 ca
1327 1150 1375 1185 De
1392 1151 1552 1195 registris,
1569 1151 1635 1185 iulii
1657 1151 2011 1196 quadragintaquatuor.

1317 1203 1346 1237 5.
1364 1203 1425 1238 Pro
1441 1204 1582 1248 quolibet
1597 1204 1779 1238 centenario
1796 1205 2014 1240 rubricaturae

1272 1268 1440 1302 processus
1456 1257 1494 1291 de
1509 1257 1669 1302 partibus,
1686 1257 1753 1291 iulii
1770 1257 1890 1302 viginti.

1317 1310 1346 1344 6.
1359 1311 1476 1352 Testes,
1485 1311 1538 1355 qui
1552 1321 1614 1345 non
1627 1311 1838 1352 rubricantur,
1851 1312 2013 1346 solvantur

1272 1375 1330 1410 pro
1347 1364 1523 1398 medietate.

1318 1418 1346 1453 7.
1372 1419 1542 1454 Processus
1559 1419 1656 1454 habiti
1672 1420 1781 1464 vigore
1799 1420 2012 1462 remissoriae,

1272 1483 1328 1507 seu
1344 1473 1590 1518 compulsoriae‚
1607 1479 1637 1507 et
1653 1473 1705 1507 alii
1722 1474 1816 1507 etiam
1839 1485 1903 1508 non
1927 1485 2013 1509 exce-

1272 1526 1386 1563 dentes
1403 1527 1477 1562 folia
1500 1527 1686 1571 vigintiduo,
1705 1538 1769 1562 non
1793 1528 2013 1572 registrentur‚

1272 1585 1302 1615 et
1318 1582 1401 1615 circa
1417 1581 1650 1615 rubricaturarn
1666 1581 1720 1615 fiat
1734 1583 1912 1616 numeratio
1928 1583 2014 1616 iuxta

1271 1635 1386 1669 dictam
1402 1635 1660 1669 reformationem
1676 1634 1872 1669 Sanctissimi
1889 1635 1948 1669 sub
1963 1647 2013 1670 ru-

1271 1688 1359 1722 brica
1382 1688 1430 1722 De
1452 1688 1612 1732 reyistris.

1316 1740 1345 1775 8.
1364 1741 1424 1776 Pro
1440 1743 1514 1775 nota
1538 1742 1710 1775 sententiae
1726 1742 1758 1775 in
1774 1742 1879 1787 prima
1899 1742 2013 1777 instan-

1272 1797 1315 1830 tia
1339 1805 1446 1830 coram
1471 1795 1696 1836 referendario,
1720 1795 1786 1829 iulii
1811 1795 1952 1840 triginta;

1315 1849 1396 1884 9.1n
1419 1849 1574 1891 secunda,
1598 1849 1664 1883 iulii
1689 1849 1809 1893 viginti;

1316 1903 1367 1937 10.
1392 1903 1425 1937 ln
1449 1903 1558 1944 tertia,
1583 1903 1649 1937 iulii
1673 1903 1861 1947 quindecim.

1315 1959 1366 1992 11.
1391 1959 1452 1992 Pro
1470 1959 1543 1993 nota
1560 1958 1730 1992 sententiae
1745 1957 2010 2000 interlocutoriae,

1271 2013 1337 2047 iulii
1358 2011 1506 2057 quinque.

1314 2065 1365 2099 12.
1391 2065 1452 2099 Pro
1470 2065 1544 2098 nota
1568 2064 1740 2099 sententiae
1767 2064 2010 2106 declaratoriae,

1270 2120 1337 2154 iulii
1361 2120 1509 2164 quinque.

1315 2173 1366 2208 13.
1383 2174 1444 2207 Pro
1459 2173 1668 2207 instrumento
1690 2172 1926 2214 declaratoriae‚
1943 2172 2010 2206 iulii

1271 2239 1334 2262 sex.

1315 2281 1367 2315 Μ.
1387 2281 1447 2316 Pro
1464 2280 1595 2314 brachio
1612 2279 1757 2321 seculari,
1774 2279 1841 2313 iulii
1858 2278 1967 2313 decem
1980 2284 2011 2313 et

1270 2341 1351 2370 octo.

1315 2389 1366 2423 215.
1391 2389 1452 2423 Pro
1475 2390 1549 2422 nota
1573 2386 1744 2422 sententiae
1765 2385 1976 2420 absolutoriae
1992 2397 2010 2419 a

1271 2442 1423 2483 censuris,
1448 2441 1514 2475 iulii
1539 2441 1687 2486 quinque.

1315 2496 1365 2529 16.
1399 2495 1459 2529 Pro
1485 2495 1694 2528 instrumento
1718 2493 1936 2534 absolutionis,
1963 2498 2009 2526 et-

1270 2549 1374 2583 tiamsi
1398 2548 1515 2582 fuerint
1526 2547 1643 2592 plures,
1659 2551 1712 2580 aut
1731 2546 1914 2591 capitulum,
1927 2556 2010 2580 eom-

1271 2603 1417 2643 munitas‚
1434 2602 1482 2635 vel
1506 2600 1674 2644 collegium
1698 2600 1729 2633 in
1753 2600 1862 2634 eadem
1887 2599 2009 2644 expedi-

1269 2657 1355 2690 tione
1377 2660 1408 2688 et
1431 2656 1534 2694 causa,
1558 2653 1625 2687 iulii
1650 2663 1703 2687 sex
1713 2652 1732 2686 ¹.

1307 2721 1318 2748 t
1341 2718 1499 2747 Declaratur
1516 2716 1544 2745 in
1563 2715 1654 2746 Coust.
1674 2725 1732 2754 seq.
1752 2717 1766 2754 5
1784 2716 1820 2746 20
1838 2718 1878 2754 (n.
1893 2717 1942 2752 τ.).

2229 192 2266 245 ῂ

2235 246 2267 274 ²*
