2293 3231
269 297 318 325 Αη.
336 297 365 326 c.
382 296 447 324 162¹
498 287 562 322 494

359 574 453 594 ssunuttut

271 605 349 624 tructus
400 600 453 620 male

270 631 382 657 perceptos

271 663 311 678 non
348 657 454 676 recitati»)-

270 689 318 705 uem
356 683 454 703 horarum

271 710 425 731 canoniratuin.

300 1003 454 1031 nuperumque

272 1036 335 1056 nuper
356 1031 455 1052 inhabili-

271 1061 314 1077 tate
336 1058 362 1078 ad
384 1064 455 1078 sacros

271 1083 367 1104 ordines.

287 1700 317 1720 Ab
334 1699 363 1719 eis
376 1705 457 1720 omnem

273 1726 372 1746 natalium
387 1732 458 1747 inacu-

272 1753 315 1773 lam
330 1753 438 1779 abstergit.

315 2196 343 2216 Ac
359 2194 459 2215 habilitat

277 2221 303 2241 ait
314 2222 459 2242 successiones

277 2250 298 2267 et
308 2247 459 2269 haereditates:

468 355 677 388 rumcumquc
702 344 835 377 aliorum
868 344 1046 388 principum
1080 345 1209 389 imposi-

469 406 591 439 tarum,
617 405 644 430 vt
673 398 936 442 imponendarum
966 409 1024 443 pro
1050 404 1209 442 tempore.

470 453 637 485 liberamus
663 457 690 485 ct
717 452 899 491 eximimus,
924 452 1103 496 liberosque
1116 459 1145 486 ct
1163 463 1211 486 ex-

469 510 590 549 emptos
606 506 671 538 sore
691 510 721 538 et
741 515 809 538 esse
827 505 1044 539 decernimus:

513 561 528 601 ς’
545 560 574 590 tt.
594 558 732 602 ipsisque
758 559 955 592 conclaristis
973 559 1104 602 singulis
1121 570 1211 604 quos-

428 636 438 645 „
469 623 603 656 cumque
634 612 778 652 fructus,
808 612 948 645 redditus
979 618 1006 646 et
1040 620 1211 657 proventus

469 666 708 705 ecclesiasticos,
722 666 815 699 etiam
834 666 998 700 occasione
1023 668 1208 711 pensionum

469 730 644 753 annuarum
681 720 757 763 ipsis
783 720 829 753 vel
859 730 968 753 eorum
995 721 1086 754 alicui
1112 732 1211 755 reser-

470 779 611 807 vatarum
627 801 634 814 ,
660 774 780 807 ratione
805 774 984 808 omissionis
1017 775 1211 809 recitationis

468 829 619 862 horarum
637 828 860 862 canonicarum
882 828 1018 862 indebite
1035 835 1210 874 perceptos,

469 881 694 925 cuiuscumque
720 883 901 926 quantitatis
925 883 1050 919 suerint.
1075 883 1211 926 gratiose

469 936 658 969 remittimus
672 940 701 970 et
719 937 934 970 condonamus
948 947 956 969 τ

513 990 528 1033 ,ξ
554 990 581 1023 7.
607 991 651 1024 Ac
671 1000 742 1023 cum
760 991 804 1023 cis
821 1001 916 1034 super
934 991 1137 1031 inhabilitate,
1155 1002 1212 1035 per

471 1053 524 1076 eos
537 1049 703 1087 propterea
717 1044 955 1087 quomodolibet
975 1047 1146 1085 contracta,
1164 1045 1211 1078 vel

471 1098 564 1130 etiam
601 1108 636 1131 ex
662 1109 699 1131 co
743 1099 827 1143 quod
857 1099 1000 1132 censuris
1031 1098 1212 1133 huiusmodi

471 1151 557 1194 ligati
583 1152 694 1185 missas
719 1157 749 1185 ct
769 1153 829 1185 alia
853 1152 958 1185 divina
983 1153 1083 1186 officia
1098 1180 1105 1193 ,
1127 1153 1213 1186 dum-

471 1205 565 1239 modo
604 1210 708 1239 tamen
738 1216 802 1239 non
834 1206 865 1238 in
895 1211 1109 1250 contemptum
1144 1207 1209 1240 cla-

473 1259 571 1301 vium,
597 1260 846 1301 celebraverint,
871 1266 922 1293 aut
944 1261 1020 1293 alias
1044 1261 1075 1293 in
1100 1260 1213 1294 divinis

471 1323 502 1345 se
528 1313 767 1353 immiscuerint,
784 1319 827 1354 ut,
842 1314 893 1347 illa
920 1320 947 1347 et
972 1314 1040 1347 aliis
1064 1315 1214 1358 praemis-

471 1366 512 1399 sis
535 1377 598 1400 non
623 1367 828 1408 obstantibus,
849 1368 887 1400 ad
913 1378 1033 1407 omnes,
1052 1368 1143 1401 etiam
1170 1379 1214 1401 sa-

471 1430 542 1453 cros
567 1426 595 1453 et
620 1421 855 1465 presbyteratus
891 1422 1017 1454 ordines
1049 1422 1124 1454 alias
1155 1422 1213 1455 rite

470 1474 662 1517 promoveri,
683 1480 711 1506 et
737 1474 767 1506 in
793 1475 862 1517 illis,
877 1486 912 1507 ac
931 1475 960 1507 in
986 1475 1140 1519 susceptis
1157 1486 1214 1519 per

471 1537 525 1560 eos
549 1527 624 1560 alias
649 1527 708 1560 rite
732 1527 905 1563 ordinibus,
931 1529 1024 1561 etiam
1050 1529 1081 1561 in
1107 1529 1214 1562 altaris

472 1581 646 1614 ministerio
671 1581 861 1621 ministrare,
882 1582 975 1615 etiam
1001 1582 1100 1615 libere
1125 1588 1152 1615 et
1182 1583 1214 1615 li-

472 1634 531 1667 cite
556 1635 687 1672 valeant,
704 1634 946 1679 dispensamus':

517 1687 532 1731 ξ
551 1686 579 1720 8.
601 1689 643 1721 Ac
668 1688 795 1721 eosdem
821 1688 1035 1729 conclavistas,
1052 1689 1076 1721 si
1093 1690 1146 1732 qui
1165 1700 1212 1723 co-

473 1751 543 1774 rum
579 1741 733 1774 desectum
764 1742 914 1774 natalium
946 1753 983 1775 ex
1013 1753 1214 1786 quocumque

473 1794 620 1828 damnato
645 1801 671 1827 et
700 1795 808 1829 illicito
833 1796 916 1829 coitu
929 1795 950 1837 ⁹,
968 1796 1088 1829 etiamsi
1107 1808 1144 1830 cx
1162 1807 1215 1830 no-

473 1848 634 1882 bilissimis
670 1849 852 1892 parentibus
885 1855 912 1882 ct
945 1849 1058 1883 vilibus
1092 1851 1215 1884 seminis

475 1904 577 1936 forsan
602 1904 760 1947 procreati
794 1904 872 1944 sint,
897 1904 1019 1937 etiamsi
1050 1904 1214 1947 legitimati

473 1957 548 1991 alias
564 1958 706 1996 existant,
724 1958 949 2001 leghimamus,
970 1968 1160 2002 omnemque
1177 1959 1216 1991 ab

474 2011 534 2044 illis
559 2011 721 2054 geniturae
745 2011 926 2045 huiusmodi
963 2012 1119 2045 maculam
1152 2013 1216 2045 sive

473 2068 579 2098 notam
605 2065 815 2108 abstergimus
832 2070 859 2098 et
885 2065 1060 2101 abolemus,
1082 2076 1117 2098 ac
1133 2071 1216 2099 nata-

475 2117 555 2151 libus
571 2118 766 2151 restituimus
781 2129 786 2157 ;

519 2172 534 2214 ξ
557 2171 586 2203 9.
613 2172 647 2204 Et
674 2183 745 2205 cum
763 2183 872 2206 eorum
891 2173 1035 2216 singulis,
1052 2179 1084 2206 ut
1102 2173 1132 2205 in
1149 2173 1216 2217 qui-

475 2225 672 2269 buscumque
696 2225 788 2259 bonis
818 2227 958 2270 paternis
986 2231 1014 2261 ct
1045 2227 1214 2268 maternis,

475 2284 504 2312 et
521 2279 655 2312 aliorum
667 2280 986 2322 consanguineorum,
1001 2290 1055 2313 seu
1071 2286 1216 2323 cognato-

476 2344 562 2374 rum,
587 2333 633 2366 vcl
664 2333 799 2367 aliorum
828 2344 1120 2377 quorumcumque,
1149 2334 1215 2367 sine

475 2392 579 2419 tamen
592 2386 786 2431 praeiudicio
804 2387 993 2420 venientium
1010 2387 1049 2420 ab
1060 2387 1214 2426 intestato,

477 2440 522 2473 vel
548 2451 583 2474 ex
608 2440 872 2481 fflcicommisso,
898 2451 952 2473 seu
979 2441 1054 2473 alias
1086 2440 1124 2473 de
1149 2440 1217 2473 iure

477 2495 576 2528 valida
601 2495 806 2539 dispositione
831 2495 1009 2535 succedere,
1035 2501 1062 2528 et
1090 2495 1141 2528 illa
1166 2495 1218 2529 do-

512 2586 521 2611 l
541 2585 581 2612 De
600 2589 688 2613 aetate
712 2589 740 2613 et
762 2585 891 2621 qualitate
915 2585 1159 2621 promovendorum
1183 2585 1216 2612 ad

477 2629 590 2657 Ordines
599 2630 685 2658 habes
695 2630 720 2657 in
734 2630 860 2659 Concilio
875 2631 1059 2665 Tridentino,
1071 2638 1138 2658 sess.
1150 2638 1215 2667 xxii,

477 2682 537 2710 cap.
552 2681 571 2702 11
585 2678 612 2702 et
626 2681 672 2702 xii.

513 2717 530 2744 2
541 2717 656 2746 Videtur
669 2717 764 2748 deense
777 2718 890 2748 verbum
903 2719 1105 2749 contraxerint
1119 2720 1216 2755 (κ.τ.).

1075 294 1254 322 nrttilntmt
1274 294 1429 322 Romnum

1244 345 1378 379 nationis
1404 345 1451 378 vel
1487 344 1548 378 alio
1571 346 1682 389 quovis
1709 346 1800 380 titulo
1833 347 1981 391 consequi

1245 403 1273 433 ct
1297 399 1425 439 habere,
1442 409 1477 432 ac
1502 399 1539 432 ad
1564 400 1711 444 aequales
1733 400 1894 444 portiones
1909 411 1982 435 cum

1246 452 1392 495 legitimis
1416 452 1605 490 succedere.
1630 463 1684 487 eos
1713 453 1751 486 ad
1775 455 1880 488 omnia
1904 454 1983 495 iura,

1245 506 1400 549 legitimas
1424 506 1649 547 successiones,
1667 517 1703 540 ex
1727 510 1912 542 testamento
1935 508 1984 541 vel

1245 559 1283 592 ab
1308 559 1452 593 intestato
1476 559 1696 601 haereditates,
1720 560 1837 604 legata,
1861 560 1986 595 liberta-

1245 619 1290 646 tes
1318 613 1512 648 restituendo
1545 619 1573 647 et
1604 614 1828 659 reintegrando
1858 614 1986 649 realiter

1245 673 1273 700 et
1295 678 1366 701 cum
1383 667 1506 709 ellectu,

1289 723 1304 763 g
1336 720 1385 754 «10.
1412 722 1454 755 Ac
1483 720 1523 754 ad
1554 720 1743 765 dignitates,
1771 722 1927 764 bonores,
1956 725 1986 756 et

1245 784 1461 819 quaecumque
1481 775 1541 808 alia
1562 775 1664 809 officia
1679 775 1843 817 secularia,
1858 775 1985 821 publica
2001 791 2100 818 guium.

1246 828 1292 861 vel
1313 828 1444 872 privata,
1461 829 1555 862 etiam
1579 829 1708 870 assumi,
1733 830 1849 874 illaque
1873 840 1985 874 gerere

1246 887 1274 914 et
1299 892 1457 924 exercere,
1479 882 1509 915 in
1529 883 1677 916 omnibus
1698 888 1725 916 et
1744 894 1802 929 per
1817 883 1934 925 omnia,
1950 894 1986 917 ac

1246 936 1270 968 si
1295 935 1332 968 de
1357 936 1499 979 legitimo
1530 937 1730 971 matrimonio
1759 937 1917 982 procreati
1940 937 1987 972 fo-

1245 995 1326 1025 rent.
1351 1001 1386 1024 ac
1411 991 1523 1024 eodem
1549 991 1672 1025 defectu
1695 1001 1759 1025 non
1784 991 1937 1033 obstante,
1961 992 1987 1026 si

1246 1043 1329 1076 aliud
1354 1045 1539 1078 canonicum
1565 1045 1609 1077 eis
1632 1044 1896 1090 impedimentum
1924 1055 1987 1080 non

1246 1097 1387 1138 obsistat,
1407 1103 1439 1131 ut
1465 1098 1601 1131 clericali
1632 1098 1831 1140 charactere,
1855 1098 1908 1143 qui
1933 1098 1988 1132 illo

1245 1151 1386 1185 nondum
1411 1151 1562 1195 insigniti,
1579 1162 1615 1185 ae
1639 1152 1677 1185 ad
1697 1162 1807 1186 omnes
1831 1152 1924 1187 etiam
1944 1162 1989 1186 sa-

1247 1215 1318 1239 eros
1342 1211 1369 1238 et
1395 1205 1628 1249 presbyteratus
1645 1205 1782 1247 ordines,
1807 1206 1833 1239 si
1848 1205 1987 1240 nondum

1247 1258 1285 1290 ad
1310 1258 1380 1292 illos
1404 1259 1540 1303 promoti
1557 1259 1626 1300 sint,
1643 1259 1835 1303 promoveri,
1855 1269 1891 1294 ac
1906 1265 1990 1304 post-

1248 1312 1376 1345 modum
1387 1312 1568 1346 charactere
1578 1318 1608 1346 et
1620 1313 1784 1347 ordinibus
1796 1313 1987 1354 huiusmodi,

1248 1366 1437 1410 illorumque
1468 1365 1652 1410 privilegiis,
1676 1367 1731 1406 uti,
1756 1376 1792 1400 ac
1816 1366 1848 1399 in
1869 1367 1987 1400 eisdem

1249 1419 1413 1453 ordinibus
1430 1420 1523 1452 etiam
1543 1419 1573 1452 in
1599 1420 1705 1453 altaris
1731 1420 1906 1455 ministerio
1931 1421 1989 1454 mi-

1248 1473 1393 1514 nistrare,
1402 1484 1437 1507 ae
1451 1484 1679 1518 quaecumque,
1693 1479 1723 1508 et
1735 1474 1988 1520 qualiacumque,

1249 1538 1320 1561 cum
1345 1530 1420 1561 eura
1445 1533 1475 1561 et
1499 1528 1564 1562 sine
1589 1531 1684 1569 cura,
1713 1529 1866 1563 beneficia
1893 1529 1991 1563 eccle·

1249 1582 1388 1623 siastica,
1413 1582 1533 1616 etiamsi
1566 1587 1769 1627 personatus,
1794 1583 1990 1617 administra-

1249 1635 1349 1669 tiones
1373 1641 1401 1669 et
1426 1636 1539 1678 officia,
1557 1636 1651 1669 etiam
1677 1642 1786 1670 curata
1813 1641 1843 1670 et
1859 1636 1990 1670 electiva

1249 1689 1279 1722 in
1313 1690 1547 1724 cathedralibus
1583 1696 1610 1723 et
1641 1691 1912 1735 metropolitanis,
1941 1690 1989 1723 vel

1249 1743 1422 1786 collegiatis
1446 1744 1604 1784 ecclesiis,
1629 1755 1684 1778 seu
1714 1744 1911 1788 parochiales
1942 1754 1991 1778 ec—

1249 1797 1372 1838 clesiae,
1390 1797 1437 1831 vel
1462 1808 1570 1831 earum
1596 1803 1768 1842 perpetuae
1792 1797 1938 1838 vicariae,
1954 1807 1990 1830 ac

1250 1851 1450 1884 canonicatus
1467 1855 1497 1884 et
1508 1851 1716 1895 praebendae,
1733 1850 1912 1894 dignitates,
1926 1859 1990 1884 non

1250 1909 1354 1937 tamen
1378 1904 1578 1948 principales,
1596 1904 1627 1937 in
1652 1904 1826 1948 collegiatis
1850 1903 1990 1937 ecclesiis

1250 1957 1430 1991 huiusmodi
1455 1958 1580 1999 fuerint,
1605 1958 1630 1991 si
1656 1957 1715 1990 sibi
1739 1957 1815 1991 alias
1840 1957 1990 1992 canonice

1251 2010 1478 2052 conserantur¹,
1495 2017 1545 2044 aut
1571 2012 1630 2056 ipsi
1655 2011 1821 2055 eligantur,
1845 2021 1992 2056 praesen-

1251 2069 1370 2106 tentur,
1396 2065 1445 2098 vel
1469 2065 1545 2098 alias
1575 2071 1776 2099 assumantur
1799 2065 1838 2098 ad
1862 2065 1937 2106 illa,
1962 2068 1992 2099 et

1251 2119 1451 2154 instituantur
1475 2119 1506 2152 in
1531 2119 1668 2160 eisdem,
1693 2119 1835 2164 recipere
1867 2122 1897 2153 el
1919 2118 1992 2152 reti-

1250 2184 1324 2207 nere
1341 2174 1441 2207 libere
1461 2178 1489 2206 et
1506 2173 1589 2207 licite
1607 2173 1755 2206 valeant’:

1294 2228 1309 2271 ἓ
1333 2227 1348 2259 ·1
1358 2227 1384 2259 l.
1410 2226 1588 2270 Omnesque
1618 2231 1647 2260 et
1676 2236 1892 2271 quaecumque
1917 2235 1989 2270 gra·
2029 2236 2190 2265 ειροιιειῡοιιι-

1250 2281 1319 2321 tiae,
1339 2280 1546 2325 provisiones,
1571 2280 1786 2321 commendae,
1806 2284 1837 2313 et
1863 2280 1990 2324 quaevis
2005 2266 2191 2345 Ξὲἷξιξῶᾖῖ

1250 2334 1327 2367 aliae
1351 2335 1474 2368 litterae
1498 2334 1696 2378 apostolicae,
1713 2333 1807 2366 etiam
1832 2333 1863 2366 in
1887 2333 1990 2366 forma
2005 2343 2110 2366 facienda.

1250 2387 1366 2429 Brevis,
1376 2398 1434 2431 pro
1448 2387 1508 2420 illis
1517 2386 1727 2431 expediendae
1735 2386 1756 2427 ⁸,
1764 2386 1861 2430 gratis
1873 2385 1990 2430 ubique

1251 2440 1466 2485 expediantur,
1483 2446 1546 2474 tam
1564 2440 1603 2473 de
1619 2439 1770 2484 capienda
1792 2438 1990 2483 possessione

1250 2494 1537 2527 nomine'camerae
1553 2492 1754 2538 apostolicae,
1771 2503 1865 2537 quam
1885 2493 1917 2526 in
1931 2492 1992 2526 sor-

1251 2549 1303 2581 ma
1320 2548 1494 2581 litterarum
1512 2546 1767 2591 apostolicarum,
1783 2545 1837 2579 ubi
1862 2545 1924 2579 illis
1939 2555 1991 2579 su-

1287 2630 1297 2655 1
1317 2627 1388 2656 Edit.
1403 2627 1482 2656 Μαίη.
1499 2627 1581 2655 babet
1594 2628 1747 2662 conserant
1760 2628 1799 2663 (u.
1814 2627 1863 2663 τ.).

1287 2673 1304 2700 2
1316 2673 1496 2709 Subintellige
1510 2672 1710 2708 dispensamus
1722 2673 1764 2708 (a.
1785 2673 1834 2708 12).

1286 2717 1302 2747 3
1316 2717 1388 2746 Edit.
1403 2717 1482 2747 Mein.
1498 2717 1583 2747 habet
1595 2717 1782 2754 expediendis
1794 2717 1834 2753 (a.
1847 2717 1897 2752 τ.).

1997 298 2048 328 An.
2065 298 2093 328 C.
2113 299 2178 329 ¹621

2043 735 2130 760 Nm·
2156 736 2186 758 ω

2000 764 2093 786 honore·
2111 764 2134 787 al
2152 762 2187 785 dt-
