2293 3231
301 289 351 316 An.
367 287 395 315 c.
418 287 486 316 ¹6¹2
531 280 596 313 1ῧῦ
1079 289 1258 314 BULLARIUM
1281 289 1437 315 Romami

545 341 560 381 g
583 338 613 371 si.
646 338 714 371 Non
746 337 942 371 obstantibus
970 337 1245 371 constitutionibus
1277 338 1382 380 gensis
1405 338 1438 371 in
1462 338 1606 372 manibus
1621 338 1682 372 tuis
1704 345 1816 384 sponte
1839 339 1962 381 saetam,
1986 345 2017 373 et

500 395 529 424 ct
553 390 806 424 ordinationibus
829 389 1009 433 apostolicis
1032 400 1090 422 nec
1114 399 1177 423 non
1201 390 1245 422 di·
1277 401 1333 434 per
1357 396 1396 431 te,
1421 392 1606 425 auctoritate
1630 403 1647 425 a
1671 392 1763 426 nobis
1781 393 1839 426 tibi
1855 393 2017 433 attributa,

2029 291 2078 320 Αη.
2094 291 2123 321 C.
2144 292 2212 322 tm
2237 335 2239 339 ἢ
2262 301 2269 323 ‚⁴

310 351 425 381 [heroa-atio
436 357 485 372 cun-

301 379 422 400 uariorum.

328 2438 423 2461 Ecclesia
446 2441 485 2463 Sa-

300 2464 429 2492 lisburgensi
451 2474 486 2489 va-

301 2494 376 2517 cante,
405 2496 485 2520 capitu.

302 2518 486 2570 's'iffiu12”⁰{¹3¹ffl'0³l
501 2530 594 2562 minis
606 2535 636 2563 et
648 2530 927 2564 administrationis
940 2531 1127 2564 venerabilis
1140 2531 1244 2564 fratris

501 450 567 477 ctae
584 444 732 477 eeclesiae
749 444 856 482 (etiam
874 444 1060 484 iuramento,
1078 444 1245 477 consu-ina-

500 497 582 530 tione
607 497 788 540 apostoliea,
813 497 860 529 vel
885 497 994 540 quavis
1018 497 1166 531 firmitate
1182 498 1242 530 alizl

499 550 669 586 roboratis)
687 549 809 582 statutis
826 555 853 582 ct
872 550 1165 591 consuetudinibus,
1181 551 1245 594 pri-

500 603 622 645 vilegiis
638 613 774 646 quoquc,
794 602 921 636 indultis
938 609 966 636 et
993 603 1105 636 litteris
1121 609 1244 648 aposto-

498 656 579 695 licis,
605 656 706 689 eidem
732 657 899 698 ccclesiae,
925 657 1070 701 illiusque
1095 658 1242 701 praesuli,

498 710 635 753 capitulo
660 715 689 743 et
714 710 887 749 canonicis,
912 711 970 743 sub
992 711 1243 755 quibuscumque

498 763 659 796 tenoribus
689 770 720 797 et
752 764 882 802 formis.
914 770 944 798 et
975 775 1047 798 eum
1079 765 1243 809 quibusvis

498 817 647 849 clausulis
671 822 701 850 et
725 817 869 857 decretis,
887 817 917 850 in
937 818 1132 851 contrarium
1156 829 1244 862 prae-

498 869 666 903 missorum
699 871 936 913 quomodolibet
968 871 1142 911 concessis,
1171 882 1244 904 con-

497 922 630 956 firmatis
655 929 683 956 et
708 924 871 957 innovatis.
897 924 1015 963 Quibus
1040 925 1189 958 omnibus
1213 931 1240 957 et

497 976 639 1019 singulis,
664 988 775 1010 eorum
801 983 927 1011 tenores
950 978 1168 1021 praesentibus
1183 989 1242 1022 pro

497 1030 588 1073 plene
613 1035 642 1063 et
667 1031 858 1064 sufficienter
881 1032 1038 1074 expressis
1062 1037 1089 1064 et
1116 1032 1155 1064 ad
1171 1042 1242 1065 ver-

496 1083 572 1116 bum
598 1084 723 1117 insertis
749 1084 921 1125 habentes,
947 1084 1007 1117 illis
1031 1085 1106 1117 alias
1130 1085 1160 1117 in
1185 1096 1242 1118 suo

496 1137 612 1170 robore
644 1137 879 1180 permansuris,
905 1138 962 1171 liae
988 1138 1054 1171 vice
1081 1138 1239 1172 dumtaxat

497 1191 674 1234 specialiter
698 1196 726 1223 ct
753 1202 899 1235 expresse
928 1191 1137 1235 derogamus,
1162 1196 1243 1224 eete-

497 1244 635 1288 terisque
659 1245 826 1278 contrariis
850 1245 1111 1289 quibuscumque.

540 1298 651 1331 Datum
676 1299 794 1331 Romae
818 1298 900 1342 apud
928 1304 1070 1332 sanetum
1097 1299 1240 1339 Petrum,

497 1352 555 1385 sub
587 1353 704 1386 annulo
735 1353 921 1390 piscatoris,
954 1353 1004 1386 die
1040 1363 1104 1386 xxx
1137 1353 1239 1386 martii

497 1415 622 1445 uncxit,
647 1405 848 1449 pontificatus
872 1406 971 1438 nostri
996 1416 1077 1438 anno
1103 1416 1155 1439 vu.

532 1467 593 1494 Dat.
609 1467 652 1494 die
668 1467 703 1494 30
718 1467 805 1494 martii
819 1467 900 1501 1612,
918 1468 1014 1503 pontif.
1035 1475 1079 1494 an.
1097 1474 1142 1494 vn.

842 1622 895 1654 CC.

496 1719 653 1753 Familia-s
680 1720 802 1752 numia
831 1719 1074 1763 Salisburqensi
1105 1730 1240 1763 suspen-

542 1772 641 1806 dendi
663 1772 827 1816 quaedam
850 1776 975 1805 statuta
999 1783 1018 1805 a
1042 1773 1188 1816 capitulo
1213 1777 1241 1806 et

540 1826 706 1859 canonicis
725 1826 830 1869 ipsius
849 1826 998 1859 ecelesiae
1013 1825 1242 1870 Salisburfsen-

542 1880 587 1912 sis
605 1879 721 1913 edita¹.

498 1977 616 2006 Dilecto
631 1977 693 2005 filio
709 1977 851 2012 magistro
870 1978 996 2006 Antonio
1013 1977 1092 2011 Diaz,
1109 1978 1140 2006 in
1156 1977 1242 2006 utra-

534 2029 590 2056 que
607 2021 765 2056 signatura
784 2022 889 2050 nostra
907 2023 1120 2057 referendario,
1138 2026 1242 2050 nostro

534 2069 566 2094 et
578 2066 663 2094 Sedis
674 2066 862 2100 Apostolicae
874 2066 952 2100 apud
964 2067 1090 2094 dilectos
1108 2067 1199 2093 etiam
1210 2067 1243 2093 fi-

534 2111 591 2139 lios
601 2113 816 2146 praepositum.
829 2111 975 2139 decanum
985 2113 1016 2138 et
1028 2110 1198 2145 capitulum
1211 2115 1243 2138 et.

535 2157 694 2184 canonicos
707 2156 855 2184 ecelesiae
870 2155 1109 2190 Salishurqensis
1120 2155 1241 2187 nuncio,

732 2227 844 2255 Paulus
874 2227 953 2262 Papa
981 2228 1011 2254 v.

561 2299 676 2327 Dilecta
693 2299 737 2326 fili
748 2300 770 2332 Ξ,
788 2299 918 2326 salutem
934 2301 964 2326 et
979 2297 1177 2333 apostolicam

744 2343 996 2372 benedictionem.

543 2425 559 2467 ξ
583 2424 612 2457 1.
637 2425 724 2465 Cum,
749 2425 829 2459 sieut
853 2425 1047 2469 acecpimus,
1065 2435 1175 2469 nuper,
1195 2435 1244 2458 ec-

501 2477 595 2510 elesia
615 2477 845 2521 Salisburgensi
866 2479 936 2522 (per
962 2478 1136 2511 cessionem
1163 2478 1245 2519 regi-

501 2583 658 2625 Wolfangi
691 2584 919 2628 archiepiscopi
955 2595 1056 2628 nuper
1088 2584 1244 2618 Salisbur—

539 2655 549 2679 t
570 2652 605 2680 Ex
622 2653 728 2689 Regest.
746 2654 772 2680 in
787 2653 889 2681 Sem-et.
912 2654 1046 2682 Brevium.

538 2697 555 2724 2
574 2697 695 2726 Erronee
711 2698 777 2726 edit.
798 2698 878 2727 Main.
898 2698 951 2727 sert
969 2699 1065 2728 dilecti
1078 2699 1135 2735 filii
1149 2699 1242 2734 (n·'r.).

1276 444 1458 488 admissam)
1474 451 1612 486 vacante,
1629 445 1734 479 dilecti
1749 446 1842 480 etiam
1859 447 1914 480 filii
1931 457 2019 490 prae-

1277 498 1405 541 positus,
1430 499 1566 532 ‹let-anus
1590 504 1619 532 et
1644 499 1815 543 capitulum
1832 505 1863 534 et
1877 500 2018 534 canonici

1276 551 1376 585 dictae
1400 552 1550 585 ccclesiae
1570 557 1641 585 ante
1657 552 1843 586 electionem
1860 559 1945 586 certa
1960 558 2020 586 sta-

1277 609 1352 645 tuta,
1370 605 1605 645 conventiones,
1623 616 1677 639 seu
1693 611 1793 649 pacta,
1810 612 1863 640 aut
1885 607 2020 651 capitula

1276 658 1403 691 severint
1430 664 1460 691 et
1485 659 1666 699 iuraverint,
1683 669 1719 692 ae
1744 659 1805 692 illis
1829 669 1861 693 se
1884 660 2021 693 subscri-

1277 711 1409 754 pserint,
1434 721 1514 755 quae
1538 712 1690 745 nonnulla
1712 712 1947 756 praeiudicialia
1971 713 2019 746 iu-

1277 764 1449 798 risdictioni
1474 775 1532 809 pro
1547 770 1692 809 tempore
1709 766 1852 799 existenti
1866 766 2020 810 archiepi-

1276 828 1373 861 scopo
1398 818 1627 861 Salisburgensi
1644 819 1844 862 competenti,
1861 823 1891 852 et
1913 820 2018 852 forsan

1275 871 1335 904 alia
1360 872 1457 904 saeris
1473 872 1648 905 canonibus
1667 872 1825 906 contraria
1841 872 2016 907 continent:

1320 925 1335 967 ξ
1359 925 1388 958 9..
1414 925 1486 965 Nos,
1504 925 1618 969 quibus
1642 926 1784 959 omnium
1811 926 2016 960 ecclesiarum

1276 1091 1458 1130 praesentes
1477 1086 1703 1120 committimus
1720 1092 1749 1120 et
1763 1087 1959 1127 mandamus,
1972 1093 2016 1125 ut,

1275 1139 1299 1171 si
1319 1139 1360 1171 ita
1377 1139 1431 1171 tibi
1450 1139 1616 1179 videbitur,
1631 1139 1706 1173 etin
1720 1140 1854 1173 Domino
1867 1140 2016 1184 expedire

1276 1192 1473 1232 iudicaret-is,
1495 1198 1620 1233 statuta,
1636 1193 1871 1233 conventiones,
1888 1204 1943 1226 seu
1960 1203 2017 1237 pa-

1275 1252 1323 1279 cta
1354 1251 1404 1278 aut
1429 1246 1566 1290 capitula
1592 1246 1793 1285 huiusmodi,
1826 1246 2016 1290 illorumque

1274 1300 1432 1339 ellectum,
1450 1300 1549 1333 donec
1570 1304 1599 1334 et
1616 1310 1780 1343 quousque
1798 1310 1817 1332 a
1833 1299 1924 1333 nobis
1941 1299 2016 1340 visa,

1274 1353 1461 1393 examinata,
1475 1357 1514 1391 et,
1536 1352 1612 1396 quid
1629 1353 1767 1396 desuper
1783 1352 2016 1386 decernendum

1275 1406 1344 1443 erit,
1365 1416 1382 1438 a
1399 1406 1491 1439 nobis
1511 1412 1542 1439 et
1561 1406 1742 1449 Apostolica
1759 1406 1838 1439 Sede
1855 1406 2016 1440 decretum

1275 1461 1385 1496 t'uerit,
1411 1460 1597 1493 auctoritate
1621 1461 1730 1492 nostra
1755 1460 1930 1503 apostoliea
1949 1470 2018 1493 sus-

1276 1513 1404 1556 pendas.
1422 1518 1448 1545 ct
1475 1513 1514 1545 ad
1538 1512 1667 1545 illorum
1683 1513 1937 1546 observationem
1955 1518 2017 1546 tam

1275 1567 1410 1599 electum
1431 1566 1714 1609 Salisburgensem,
1738 1577 1833 1610 quam
1858 1567 2020 1611 praeposi-

1276 1626 1362 1661 tum,
1387 1620 1559 1659 decanum,
1584 1621 1758 1664 capitulum
1790 1624 1821 1654 et
1849 1620 2019 1654 canonicos

1275 1674 1454 1717 praedictos
1483 1680 1512 1707 et
1543 1674 1621 1707 alios
1648 1684 1864 1717 quoscumque
1889 1674 2018 1706 minime

1277 1727 1376 1760 teneri
1401 1727 1572 1765 decernas,
1597 1738 1649 1766 ae,
1674 1732 1828 1771 quatenus
1857 1737 1936 1771 opus
1960 1727 2017 1767 sit,

1276 1791 1494 1824 quaecumque
1524 1780 1700 1813 iuramenta
1724 1790 1781 1824 per
1805 1791 1859 1813 cos
1883 1780 2018 1824 desuper

1276 1834 1424 1878 praestita
1443 1834 1481 1866 ad
1505 1834 1651 1866 effectum
1669 1833 1878 1877 praemissum
1896 1834 2018 1867 relaxes

1276 1898 1329 1920 seu
1354 1887 1543 1931 suspendas,
1568 1887 1634 1927 vel,
1659 1887 1684 1919 si
1715 1887 1809 1919 etiam
1840 1897 1921 1930 opus
1950 1897 2018 1920 esse

1275 1941 1412 1979 duxeris,
1433 1941 1542 1974 eadem
1567 1944 1690 1979 statuta,
1715 1940 1939 1974 conventiones
1962 1951 2020 1974 seu

1275 2001 1366 2039 pacta
1391 2000 1444 2028 aut
1468 1995 1622 2039 capitula,
1647 1994 1779 2038 reliquis
1802 1994 1942 2028 eiusdem
1967 2004 2018 2028 ec-

1275 2049 1390 2082 clesiae
1407 2049 1529 2082 statutis
1545 2049 1576 2081 in
1593 2059 1650 2082 suo
1660 2048 1776 2081 robore
1792 2048 2018 2092 permansuris,

1276 2102 1359 2135 (licta
1372 2102 1559 2135 auctoritate
1575 2112 1689 2141 casses,
1700 2101 1806 2134 irrites
1822 2106 1852 2134 et
1863 2101 2017 2141 annuttes,

1277 2155 1458 2199 viribusque
1491 2160 1520 2188 et
1551 2155 1664 2188 cll'eetu
1693 2165 1842 2195 evacues,
1867 2159 1920 2187 aut
1941 2153 2018 2188 alias

1278 2209 1417 2246 mandes,
1435 2214 1552 2242 statuas
1569 2213 1599 2241 et
1613 2209 1774 2241 decernas.

1322 2265 1336 2303 ,ξ
1360 2262 1390 2294 13.
1416 2263 1479 2294 Nos
1502 2261 1585 2294 enim
1617 2261 1673 2293 tibi
1698 2271 1793 2305 super
1818 2259 2016 2304 praemissis,

1277 2369 1398 2401 nonieis
1414 2368 1594 2412 praedictis,
1604 2372 1634 2401 et
1650 2367 1812 2412 quibusvis
1827 2367 1905 2407 aliis,
1922 2367 2017 2400 etiam

1278 2432 1334 2466 per
1356 2422 1536 2462 sententias,
1561 2431 1711 2454 censuras
1734 2426 1764 2454 et
1786 2430 1905 2464 poe-nas
1920 2420 2019 2454 eccle-

1277 2476 1429 2515 siasticas,
1455 2474 1619 2508 inhibendi
1641 2474 1765 2517 aliaque
1789 2474 1962 2518 praemissa
1986 2474 2018 2507 in

1278 2530 1396 2563 eisdem
1421 2535 1451 2562 et
1474 2529 1558 2562 circa
1589 2539 1625 2562 ea
1648 2528 1887 2572 quomodolibet
1912 2537 2020 2561 neees-

1278 2583 1360 2616 saria
1383 2582 1527 2622 faciendi,
1543 2581 1677 2622 dicendi,
1694 2581 1834 2624 gerendi,
1851 2580 2018 2615 exercendi

1279 2642 1309 2670 et
1328 2635 1513 2680 exequendi,
1529 2635 1664 2679 plenam,
1681 2634 1812 2668 liberam
1833 2640 1864 2668 et
1878 2635 2015 2679 amplam

1275 2690 1453 2723 laeultatem
1478 2693 1509 2722 et
1536 2687 1772 2729 auctoritatem,
1797 2687 1908 2722 eadem
1939 2698 2018 2732 apo-

2075 937 2216 963 Committitur

1275 983 1303 1013 et
1321 990 1484 1012 sacrorum
1499 989 1655 1012 canonum
1671 980 1838 1013 commissa
1853 983 1901 1014 est
1915 986 2019 1014 eusto-
2031 966 2217 1022 lllssffl‘ssssss‘&

1275 1032 1336 1071 dia,
1353 1043 1390 1065 ex
1416 1032 1514 1065 nostri
1541 1034 1737 1076 apostolatus
1753 1033 1868 1073 officio,
1884 1033 1940 1066 tibi
1959 1044 2018 1077 per
2031 1018 2215 1071 affigimus„-

2032 2295 2037 2299 .
2059 2267 2170 2289 conco-ais
2186 2265 2215 2298 μὶ
2236 2264 2247 2299 ⁷„

1277 2304 1386 2355 electo,
1411 2315 1601 2359 praeposito,
1622 2314 1751 2354 decano,
1769 2314 1906 2358 capitulo
1923 2318 1953 2346 ct
1969 2324 2018 2347 ca·
2031 2294 2248 2349 ἴξεαιὲῗῗῑῗῧῗωῑ
2267 2319 2269 2321 ’
