2293 3231
40 301 89 329 An.
107 301 136 328 C.
157 301 217 328 162¹

845 299 1020 323 ‹tnnflonttts
1044 299 1084 323 XV
1109 299 1155 321 ΓΡ.

238 348 386 387 rectione,
414 357 534 379 necnon
568 358 625 390 pro
651 352 791 390 tempore
816 346 974 380 existentis

238 399 393 433 Ordinarii
419 400 477 433 loci
514 401 616 443 quoad
642 410 749 433 curam
775 400 974 433 intirmorum

238 458 268 485 et
291 453 512 496 hospitalitatis
536 452 762 486 visitationcm¹
790 453 909 493 vivant,
941 463 977 485 ae

238 506 482 549 hospitalitatem
515 511 546 538 ct
577 517 684 539 curam
715 511 802 550 peste
832 505 976 538 laboran-

239 558 316 591 tium
332 586 339 600 ,
364 560 504 602 religiosi
529 560 672 592 videlicet
700 570 774 602 erga
800 560 978 599 masculos,

240 613 271 644 in
288 612 439 653 virorum,
463 612 614 645 moniales
638 623 713 645 vero
730 623 804 655 erga
822 613 868 645 sui
887 623 979 645 sexus

240 666 422 710 peregrinas
446 666 478 698 in
502 666 670 699 mulierum
697 666 920 710 hospitalibus,
946 671 980 697 ut

241 730 354 763 supra,
378 720 531 753 distinctis
555 726 585 753 et
609 717 770 764 separatis,
796 724 978 763 perpetuam

242 778 345 805 tamen
371 773 548 805 clausuram
573 783 697 817 semper
715 773 877 813 servando,
895 782 981 805 exer-

241 829 348 866 ceant,
373 825 538 868 ininngas3
563 836 599 859 ac
623 836 681 870 pro
716 825 979 858 monasteriorum

241 883 272 911 et
288 878 489 922 hospitalium
515 879 693 912 huiusmodi
719 889 872 922 prospero
898 883 927 910 et
944 878 983 910 fe-

242 931 293 964 lici
306 931 461 974 regimine
477 937 507 965 et
525 931 804 972 administratione,
819 931 982 973 dictaeque

242 985 501 1028 Congregationis
532 985 732 1028 ampliatione
766 988 796 1018 et
830 993 983 1027 propaga-

242 1038 348 1080 tione,
373 1038 590 1082 superioribus
614 1043 642 1070 et
668 1037 823 1080 religiosis
856 1037 982 1070 illorum

242 1101 458 1134 quaecumque
482 1094 611 1131 statuta,
628 1090 840 1124 ordinationes
860 1094 890 1122 et
903 1089 984 1132 capi-

242 1144 328 1184 tula,
353 1143 446 1176 etiam
475 1143 615 1176 virorum
640 1146 670 1177 et
693 1142 876 1175 monialium
901 1152 984 1174 rece-

242 1196 393 1240 ptionem,
418 1199 562 1236 aetatem,
588 1195 763 1238 qualitates,
783 1194 982 1236 directiones,

242 1253 272 1281 et
291 1248 352 1281 alia
367 1247 552 1288 necessaria,
569 1258 605 1280 ac
628 1247 830 1291 hospitalium
856 1246 982 1279 illorum

242 1307 273 1335 et
286 1301 550 1335 monasteriorum
560 1301 804 1345 praedictorum,
815 1300 983 1340 honorum,

243 1361 274 1389 et
302 1355 482 1389 reddituum
516 1354 819 1388 administrationem
855 1364 985 1387 concer-

244 1409 359 1450 nentia,
380 1409 464 1442 licita
489 1414 592 1441 tamen
617 1413 647 1442 et
670 1409 811 1448 honesta,
829 1418 865 1441 ac
888 1407 985 1440 sacris

246 1463 417 1496 canonibus
441 1466 471 1497 et
496 1462 771 1496 constitutionibus
795 1461 985 1505 apostolicis,

244 1516 382 1560 dictique
405 1516 534 1550 Concilii
566 1515 738 1548 Tridentini
775 1514 932 1555 decretis,
957 1519 986 1546 et

244 1569 426 1613 praemissis
459 1569 590 1602 huiusce
621 1568 754 1601 instituti
786 1567 904 1610 regulis
935 1572 987 1599 aut

247 1622 391 1656 formulis
404 1623 534 1655 minime
548 1622 715 1662 contraria,
728 1632 785 1666 per
801 1631 858 1654 nos
883 1624 987 1654 tamen

246 1681 277 1709 et
300 1676 412 1709 Sedem
435 1676 666 1720 Apostolieam,
686 1675 751 1708 sive
774 1675 917 1707 locorum
935 1673 988 1707 Or-

246 1728 384 1762 dinarios
397 1739 457 1773 pro
473 1733 616 1772 tempore
633 1728 800 1761 existentes
825 1727 864 1760 de
882 1728 989 1761 nostra

247 1787 278 1816 et
293 1782 394 1815 dietae
418 1782 505 1816 Sedis
529 1781 714 1816 auctoritate
738 1780 943 1814 examinanda
958 1785 988 1813 et

247 1835 473 1880 approbanda,
501 1845 538 1868 ac
566 1845 624 1879 per
654 1835 739 1879 ipsos
767 1834 989 1878 hospitalarios

248 1893 280 1921 et
303 1888 521 1932 hospitalarius
555 1887 690 1920 firmiter
713 1892 744 1920 et
767 1886 989 1920 inviolabiliter

250 1941 444 1975 observanda
467 1946 498 1974 et
521 1940 732 1985 adimplenda,
756 1940 898 1980 faciendi,
921 1949 991 1972 con-

251 1993 354 2035 dendi,
381 2004 427 2034 ac,
452 1993 575 2038 quoties
598 2003 657 2037 pro
681 2003 787 2026 rerum
820 1996 850 2026 et
873 1998 992 2036 tempo·

251 2057 322 2080 rum
357 2047 505 2090 qualitate
533 2048 581 2080 vel
617 2047 692 2080 alias
723 2047 798 2091 ipsis
823 2047 991 2091 expediens

251 2099 418 2141 videbitur,
449 2099 645 2140 immutandi,
670 2100 861 2143 corrigendi,
887 2110 990 2133 emen-

252 2152 355 2193 dandi,
372 2163 408 2186 ac
432 2153 464 2186 in
488 2153 600 2186 melius
624 2153 838 2193 reformandi,
867 2154 990 2197 aliaque

253 2217 289 2239 ex
314 2206 448 2249 integro,
464 2206 600 2250 praeviis
624 2207 766 2239 examine
783 2211 813 2239 et
836 2207 990 2250 approba-

253 2259 337 2293 tione
360 2259 544 2303 praedietis,
568 2259 732 2300 condendi,
755 2269 877 2292 necnon
901 2269 992 2302 quae-

253 2322 389 2356 cumque
423 2313 492 2346 loca
523 2322 578 2345 seu
613 2312 724 2346 domus
748 2312 785 2345 ad
809 2312 991 2345 abitandum

253 2365 367 2399 donata
390 2375 445 2398 seu
469 2365 618 2408 acquisita
642 2365 690 2397 vel
715 2364 754 2397 ab
778 2365 839 2397 illis
863 2375 994 2408 quomo-

253 2419 371 2452 dolibet
401 2419 507 2452 habita
531 2419 562 2451 in
587 2418 733 2451 eeclesias
758 2423 788 2451 ct
811 2418 922 2452 domos
945 2429 994 2451 re-

255 2472 379 2515 gulares
402 2483 458 2505 seu
481 2478 652 2505 conventus
677 2477 706 2505 et
730 2472 918 2506 monasteria
937 2482 992 2505 seu

254 2526 422 2569 hospitalia
444 2531 475 2559 et
498 2526 635 2560 oratoria
655 2525 778 2559 Ordinis
802 2531 832 2559 et
855 2526 991 2569 Congre-

257 2578 390 2622 gationis
406 2579 587 2612 huiusmodi
601 2579 787 2622 (dummodo
811 2585 913 2611 tamen
933 2590 992 2623 pro

256 2642 530 2676 quorumcumque
546 2632 808 2666 monasteriorum
822 2632 994 2675 praedicto-

293 2695 303 2721 1
323 2693 424 2721 Forsan
438 2693 581 2729 legendum
596 2695 760 2722 visitatione
774 2694 811 2729 (n.
827 2695 875 2729 T.).

348 2747 427 2775 Bull.
447 2747 528 2775 Rom.
547 2762 582 2768 —
598 2748 657 2776 Vol.
678 2747 744 2776 XII.
904 2748 935 2775 81

1653 287 1710 319 ott

1008 357 1077 378 rum
1095 346 1166 377 dote
1183 355 1218 377 ac
1237 345 1456 388 religiosorum
1484 354 1536 376 seu
1563 344 1747 377 monialium

1010 401 1039 432 in
1058 400 1109 431 illa
1130 398 1429 432 introducendorum
1455 403 1483 430 et
1510 397 1751 431 introducenda-

1011 463 1080 484 rum
1117 451 1375 491 manutentione,
1409 461 1586 494 eorumque
1619 460 1750 483 onerum

1011 504 1257 549 supportatione,
1279 503 1507 547 quadringenta
1531 507 1628 543 scuta,
1646 508 1680 535 ut
1704 513 1752 534 su⁴

1012 569 1087 602 pra,
1112 558 1271 591 annuatim
1296 558 1519 601 assignentur),
1537 557 1655 601 absque
1672 559 1752 589 noval

1013 612 1114 644 dictae
1139 611 1226 643 Sedis
1251 610 1386 653 desuper
1415 609 1584 643 obtinenda
1608 609 1754 642 facultate

1014 669 1043 697 et
1060 663 1300 708 approbatione,
1319 661 1487 705 erigendi¹,
1505 673 1560 695 seu
1580 661 1659 704 erigi
1684 672 1755 704 pro-

1015 716 1143 750 curandi
1165 716 1352 759 (dummodo
1371 716 1401 748 in
1422 725 1577 748 novorum
1601 719 1755 747 monaste-

1015 770 1134 803 riorum
1172 775 1201 802 et
1237 769 1441 812 hospitalium
1477 768 1617 813 virorum
1650 767 1756 799 huius-

1016 823 1100 856 modi
1119 822 1331 855 erectionibus
1349 821 1589 855 Ordinariorum
1612 820 1756 853 locorum

1016 877 1142 910 accedat
1166 886 1332 916 assensus,
1357 875 1523 908 duodecim
1554 874 1664 907 saltem
1689 873 1758 906 reli-

1016 930 1178 972 giosorum
1212 939 1364 961 numerus
1394 928 1425 960 in
1457 927 1600 971 quolibet
1631 927 1758 960 illorum

1016 987 1266 1023 manuteneatur,
1284 987 1489 1024 serveturque
1506 981 1537 1013 in
1554 980 1683 1023 reliquis
1700 980 1760 1012 sor-

1017 1046 1067 1068 ma
1091 1035 1211 1068 decreti
1229 1035 1327 1068 felicis
1345 1033 1574 1068 recordationis
1592 1033 1759 1067 Clementis

1017 1089 1117 1132 Papae
1141 1088 1206 1121 VllI
1224 1087 1477 1132 praedecessoris
1501 1086 1602 1120 nostri
1620 1086 1681 1119 iam
1698 1086 1759 1130 pri-

1017 1141 1087 1174 dem
1108 1147 1138 1175 et
1162 1141 1368 1175 cardinalium
1391 1140 1626 1184 praedictorum
1654 1144 1758 1173 aucto-

1016 1194 1108 1227 ritate
1142 1205 1236 1238 super
1267 1204 1422 1227 novorum
1457 1198 1667 1227 conventuum
1691 1203 1760 1226 ere-

1017 1248 1120 1281 ctione
1143 1247 1313 1281 novissime
1331 1246 1419 1287 editi;
1437 1247 1467 1279 in
1484 1247 1668 1279 monialium
1684 1257 1760 1279 vero

1019 1301 1228 1341 monasteriis,
1241 1305 1274 1333 ut
1287 1300 1476 1344 praefertur,
1486 1299 1644 1342 erigendis
1658 1304 1761 1333 certus

1017 1354 1204 1389 monialium
1237 1363 1391 1386 numerus
1408 1380 1416 1393 ,
1440 1352 1494 1397 qui
1517 1362 1554 1385 ex
1578 1353 1761 1386 eorumdem

1018 1408 1192 1441 redditibus
1231 1406 1397 1440 commode
1439 1406 1539 1439 valeat
1570 1406 1761 1448 sustentari,

1019 1460 1259 1495 Ordinariorum
1294 1461 1436 1494 locorum
1454 1487 1461 1500 ,
1486 1460 1517 1492 in
1552 1459 1668 1503 quihus
1704 1469 1762 1502 pro

1019 1520 1162 1558 tempore
1187 1514 1369 1556 erigentur,
1393 1513 1525 1547 arbitrio
1548 1512 1762 1557 praefigatur;

1020 1569 1142 1612 puellae
1158 1567 1348 1601 monasteria
1365 1567 1546 1600 huiusmodi
1563 1567 1764 1609 ingressurae

1021 1621 1222 1665 qualitatihus
1245 1620 1431 1654 necessariis
1455 1620 1515 1653 sint
1538 1620 1708 1664 praeditae,
1727 1630 1764 1652 ae

1022 1684 1229 1718 unaquaeque
1253 1684 1361 1707 earum
1386 1678 1504 1707 certam
1529 1673 1665 1706 dotalem
1682 1673 1764 1706 elee-

1023 1738 1195 1772 mosynam,
1216 1726 1373 1760 Ordinarii
1397 1726 1528 1759 arbitrio
1552 1725 1697 1759 similiter
1721 1730 1765 1758 ta-

1023 1781 1166 1822 xandam,
1184 1779 1376 1813 monasterio
1400 1779 1526 1813 realiter
1551 1783 1581 1813 ct
1604 1789 1676 1811 cum
1694 1778 1765 1811 effe·

1023 1839 1074 1866 ctu
1091 1834 1222 1878 pendat,
1244 1843 1323 1876 quae
1348 1836 1452 1866 autem
1477 1842 1571 1876 supra
1595 1842 1763 1864 numerum

1023 1886 1214 1929 huiusmodi,
1246 1891 1280 1919 ut
1304 1895 1420 1930 supra,
1446 1884 1685 1929 praefigendum
1711 1884 1762 1917 in-

1024 1940 1113 1984 gredi
1129 1939 1296 1979 voluerint,
1313 1939 1504 1983 duplicatam
1521 1938 1627 1972 dotem
1645 1938 1766 1982 persol-

1024 1997 1116 2034 vant,
1141 1993 1328 2036 solitamque
1361 1992 1521 2025 licentiam
1545 2002 1563 2024 a
1587 1991 1666 2025 Sede
1689 1993 1768 2035 Apo-

1025 2047 1135 2080 stoliea
1151 2047 1322 2090 impetrare
1347 2046 1538 2089 teneantur),
1551 2055 1586 2078 ac
1600 2055 1768 2089 quoscum-

1025 2111 1085 2144 que
1110 2100 1267 2133 seculares
1298 2099 1430 2132 clericos
1459 2109 1513 2132 seu
1537 2098 1633 2132 laicos
1658 2098 1767 2142 quavis

1026 2153 1176 2197 dignitate
1200 2153 1375 2196 fungentes,
1388 2152 1442 2196 qui
1456 2152 1520 2185 Deo
1533 2152 1720 2195 inspirante,
1734 2161 1767 2184 se

1025 2207 1063 2239 ad
1077 2206 1258 2240 huiusmodi
1278 2206 1359 2239 vitae
1379 2205 1554 2239 institutum
1569 2205 1767 2238 conformare

1026 2260 1225 2301 intenderint,
1238 2259 1421 2304 recipiendi,
1436 2264 1466 2292 et
1482 2259 1521 2291 ad
1536 2258 1766 2302 professionem

1025 2313 1218 2353 admittendi,
1244 2316 1275 2346 et
1302 2313 1327 2346 si
1355 2312 1430 2355 quid
1463 2322 1523 2355 pro
1546 2311 1769 2355 hospitalitatis

1027 2367 1175 2400 oneribus
1196 2365 1418 2410 supportandis
1440 2365 1583 2406 defuerit,
1604 2364 1771 2409 eleemosy-

1026 2430 1081 2453 nas
1097 2430 1155 2464 pro
1172 2419 1414 2464 peregrinorum
1433 2418 1660 2451 sustentatione
1679 2428 1772 2462 quae-

1026 2473 1158 2513 ritandi,
1184 2478 1214 2505 et
1237 2473 1380 2516 insuper,
1407 2471 1516 2505 habita
1544 2471 1665 2505 ratione
1687 2472 1771 2515 quod

1027 2526 1203 2559 institutum
1231 2524 1413 2558 huiusmodi
1449 2525 1633 2558 charitatem
1657 2529 1771 2567 urget,

1031 2578 1147 2611 eisdem
1165 2588 1223 2622 pro
1243 2581 1386 2621 tempore
1403 2577 1608 2611 existentibus
1623 2577 1771 2621 praelatis

1764 296 1813 322 An.
1831 296 1858 321 C.
1879 296 1948 322 ¹0:2¹

1029 2643 1084 2666 seu
1108 2631 1324 2676 superioribus
1349 2630 1529 2664 huiusmodi
1549 2630 1770 2674 Congregatio-
1817 2663 1820 2665 .

1067 2697 1077 2722 1
1097 2693 1163 2722 Male
1178 2693 1243 2722 edit.
1260 2693 1338 2722 Main.
1354 2693 1420 2729 legit
1434 2693 1579 2729 erigendis
1596 2693 1636 2729 (n.
1651 2693 1700 2727 τ.).
