2293 3231
276 302 374 329 Aac.
398 301 464 329 ¹622
511 292 575 326 735,>

309 363 404 384 ‹tr—men<
419 362 464 383 viu
524 350 606 383 Alias
618 348 771 392 siquidem
785 358 802 380 a
812 347 909 379 felicis
922 346 1150 379 recordationis
1159 346 1222 379 Cle-

280 391 465 439 1⁰.'.'.¹.'.'.32..‘³‘‘ts-llll&
480 409 583 436 mente
598 403 677 445 Papa
690 401 752 433 vtll
763 400 1005 444 praedecessore
1018 405 1127 433 nostro
1137 410 1220 432 ema-

281 446 591 492 f÷¹‡¹·'.}-'i‘l'.¹‘'⁰''‘¹¹‘nai-uni
617 455 738 487 litterae
763 454 881 487 tenoris
905 453 1146 497 subsequentis,
1179 453 1223 485 vi-

480 510 608 542 delicet:
1012 536 1013 539 ,

654 553 799 587 Clemens
824 552 918 595 Papa
950 551 1046 591 VIII,

573 606 616 639 ad
638 610 829 649 perpetuam
855 605 904 638 rei
928 606 1132 638 memoriam.

526 668 694 712 Apostolici
709 667 848 700 muneris
866 666 956 700 nobis
973 667 1045 700 licet
1060 667 1226 699 immeritis

481 720 583 753 divina
610 720 1000 764 dispositionecommissi
1025 720 1106 753 ratio
1124 726 1228 764 postu-

482 775 532 814 lat,
543 780 574 807 ut
586 774 806 816 religiosorum
818 784 1104 818 quorumcumque,
1116 784 1226 807 eorum

481 828 666 872 praesertim
691 827 743 870 qui
767 827 825 859 sub
843 826 992 859 strictiori
1019 828 1147 870 regulae
1172 827 1228 860 ob-

482 881 638 914 servantia
651 881 810 914 Altissimo
824 880 968 913 famulari
980 880 1116 919 student,
1131 881 1227 924 quieti

482 941 511 967 et
528 945 682 979 prospero
700 934 846 977 regimini
865 934 999 967 libenter
1016 935 1228 975 consulamus,

481 999 599 1031 eosque
616 987 805 1032 specialibus
822 987 984 1020 favoribus
995 991 1025 1021 et
1038 987 1147 1030 gratiis
1159 997 1231 1031 pro-

483 1051 661 1083 sequamur,
687 1043 782 1084 prout
806 1040 836 1072 in
861 1039 994 1073 Domino
1019 1040 1231 1084 conspicimus

483 1094 652 1126 salubriter
676 1093 834 1137 expedire.

529 1148 544 1191 ξ
569 1147 598 1179 l.
623 1147 700 1180 Cum
718 1146 840 1190 itaque,
866 1147 945 1179 sicut
969 1146 1158 1190 accepimus,
1179 1157 1230 1179 ve-

486 1201 635 1233 nerabilis
660 1202 758 1233 frater
774 1200 956 1233 Dominicus
973 1200 1231 1244 archiepiscopus

486 1255 678 1299 Sipontinus,
704 1260 810 1288 noster
828 1260 857 1287 ct
874 1254 1072 1298 Apostolicae
1092 1254 1180 1287 Sedis
1199 1254 1231 1286 in

487 1309 594 1351 regnis
612 1308 834 1352 Hispaniarum
855 1307 999 1348 nuncius,
1020 1308 1129 1350 vigore
1148 1318 1232 1341 com-

409 1357 432 1393 μ’
444 1353 471 1393 5Ῐῖ
488 1363 646 1395 missionis
663 1367 691 1394 et
711 1362 866 1395 facultatis
884 1372 942 1406 per
958 1373 1015 1394 nos
1033 1362 1092 1394 sibi
1113 1362 1151 1394 ad
1173 1362 1231 1395 lioc

286 1400 472 1451 iiie‘it‘ssiifiiss'r‘iiit}
488 1427 544 1460 per
569 1421 693 1449 nostras
718 1415 748 1447 in
774 1416 875 1448 forma
900 1415 1007 1448 Brevis
1031 1415 1151 1447 litteras
1175 1416 1232 1447 sub

285 1454 472 1500 lslelffli¹⁴¹0¹5fflfif
487 1469 557 1503 data
573 1469 623 1502 die
647 1479 722 1502 xxiv
748 1468 852 1501 martii
878 1478 951 1501 unci
970 1469 1139 1512 expeditas,
1161 1479 1233 1512 qua-

287 1509 357 1562 llllffl
370 1506 472 1553 affilffi'li
488 1533 558 1555 rum
584 1528 709 1555 tenores
739 1522 957 1566 praesentibus
987 1533 1047 1566 pro
1077 1522 1233 1565 expressis

285 1559 472 1612 {llsslincffssf‘ffm
487 1576 597 1608 baberi
618 1576 772 1616 volumus,
793 1575 970 1615 attributae,
991 1575 1232 1607 assentientibus

489 1633 518 1663 ct
550 1629 730 1673 petentibus
765 1628 887 1661 dilectis
924 1627 996 1660 filiis
1024 1628 1131 1672 priore
1162 1639 1234 1672 pro-

488 1682 612 1716 vinciali
638 1687 666 1714 et
691 1682 842 1715 fratribus
867 1681 992 1714 Ordinis
1021 1681 1232 1714 Eremitarum

487 1736 515 1769 S.
531 1735 696 1779 Augustini
707 1734 856 1769 Calceatis
876 1735 1057 1779 provinciae
1071 1735 1232 1775 Castellae,

487 1790 526 1822 ab
551 1800 662 1822 eorum
687 1789 851 1833 provincia
876 1788 1007 1822 dilectos
1031 1789 1126 1821 etiam
1151 1789 1233 1822 lilios

487 1843 670 1876 definitores
687 1847 718 1875 et
735 1843 848 1876 fratres
874 1842 1069 1876 Recollectos
1087 1853 1142 1875 seu
1166 1842 1233 1875 Dis-

487 1897 640 1929 ealceatos
660 1896 803 1929 eiusdem
820 1895 945 1929 Ordinis
964 1895 992 1928 S.
1010 1895 1177 1938 Augustini
1202 1896 1234 1928 in

488 1950 648 1993 praedicta
681 1949 843 1993 provincia
870 1949 1020 1982 Castellae
1048 1949 1232 1990 existentes,

488 2014 662 2047 eorumque
693 2008 864 2037 conventus
892 2003 1023 2043 Matriti,
1048 2003 1233 2043 Talaverae,

488 2057 610 2097 Nabae,
636 2056 754 2089 Portitli
779 2061 809 2089 et
829 2056 941 2089 Tovosi
966 2067 1001 2089 ae
1026 2056 1235 2089 alios'funda-

489 2116 537 2143 tos
554 2116 584 2143 et
601 2103 786 2150 t'undandos,
799 2120 922 2155 necnon
939 2120 990 2143 res
1004 2115 1034 2142 et
1047 2110 1129 2143 bona
1141 2120 1235 2153 quae-

489 2174 635 2208 cumque,
656 2168 809 2207 perpetuo
826 2163 1017 2207 separaverit
1038 2168 1068 2196 et
1087 2173 1234 2206 segrega-

490 2218 578 2258 verit,
603 2228 638 2250 ac
658 2228 676 2250 a
693 2217 848 2260 gubernio
873 2222 903 2250 et
923 2217 1147 2260 superioritate
1163 2227 1235 2260 pro-

490 2271 631 2304 vincialis
657 2276 687 2303 et
714 2271 848 2303 fratrum
872 2270 1089 2304 Calceatorum
1114 2270 1235 2313 praedi-

491 2330 613 2358 ctorum
640 2325 792 2358 exemerit
816 2329 847 2357 et
875 2324 1072 2364 liberaverit,
1098 2334 1134 2356 ac
1157 2323 1234 2356 alias

491 2378 574 2411 circa
590 2382 705 2411 statum
718 2382 748 2410 et
761 2377 953 2420 gubernium
974 2376 1160 2409 eorumdem
1175 2378 1234 2409 fra-

492 2436 574 2464 trum
586 2431 836 2465 Rccollectorum
854 2431 1117 2464 Discalceatorum
1131 2430 1235 2474 dispo-

492 2484 590 2517 suerit
606 2489 636 2517 et
652 2483 855 2525 ordinaverit,
875 2488 971 2528 prout
995 2483 1025 2515 in
1050 2482 1148 2526 ipsius
1172 2483 1234 2516 Do-

493 2537 599 2570 minici
623 2537 851 2581 archiepiscopi
877 2542 908 2569 et
931 2536 1038 2570 nuncii
1058 2536 1235 2580 patentibus

493 2590 605 2623 litteris
629 2590 765 2635 desuper
789 2590 958 2634 expeditis,
983 2600 1118 2634 quarum
1141 2590 1236 2624 etiarn

494 2648 635 2677 tenorem
655 2645 872 2688 praesentibus
885 2655 944 2689 pro
961 2655 1110 2689 expresso
1126 2644 1236 2679 haberi

496 2698 649 2738 volumus,
665 2699 788 2743 plenius
808 2699 924 2732 dicitur
939 2699 1111 2734 contineri:

291 1160 469 1186 Arcluiepiscopns

285 1188 409 1213 sipontinus
432 1192 469 1206 au>

285 1217 383 1234 ctoritate
419 1219 469 1239 apo-

285 1242 359 1261 stativa
374 1240 471 1260 disnima-

284 1267 354 1287 brarit
369 1273 394 1287 ac
410 1273 470 1292 sepa·

285 1294 338 1314 ravit
349 1294 422 1313 fratres
431 1294 471 1314 Rc.-

426 1321 472 1340 itu-

285 1321 368 1340 colli-rh

1058 298 1239 323 BULLARIUM
1262 298 1418 322 Romanum

2012 290 2114 324 Κηϊα·
2131 288 2201 325 im

1300 346 1315 389 ἓ
1338 344 1367 378 ’2.
1392 346 1466 386 Nos,
1491 340 1832 379 eorumdem'fratrum
1856 340 1999 380 Recolle-
2014 358 2110 380 Pontifex
2121 358 2201 380 instan-

1256 405 1380 432 ctorum
1396 399 1662 432 Discalceatorum
1687 399 1784 442 quieti
1801 404 1832 432 et
1844 409 1999 444 prospero
2015 385 2201 438 iffa-¹333!

1257 453 1348 485 statui
1374 453 1511 496 amplius
1535 453 1712 492 consulere,
1736 462 1863 496 eosque,
1880 456 1914 486 ut
1931 443 2203 488 stri-llssfsssta'affi&

1258 507 1388 540 ctiorem
1414 507 1593 550 regularem
1623 505 1876 546 observantiam,
1906 516 2001 550 quam

1258 560 1457 604 profitentur,
1482 560 1520 592 ad
1540 560 1594 594 Dei
1614 559 1740 593 laudem
1765 565 1795 593 et
1819 559 2004 593 christifide-

1260 614 1336 646 lium
1354 613 1603 647 aedificationem
1618 618 1648 647 et
1664 613 1841 646 animarum
1859 613 2002 655 salutem,

1260 672 1294 700 ut
1306 667 1405 707 decet,
1420 667 1555 700 retinere
1569 673 1596 700 et
1611 667 1782 700 observare
1794 667 1925 711 possint,
1938 677 2004 711 spe-
2021 678 2025 681 ⁴

1261 720 1392 753 cialibus
1411 721 1571 754 favoribus
1595 726 1625 753 et
1649 721 1758 763 gratiis
1775 720 1923 765 prosequi
1949 731 2003 754 vo-

1261 774 1378 814 lentes,
1403 784 1525 807 necnon
1549 773 1748 807 defmitorem
1773 778 1803 808 et
1827 774 2004 817 singulares

1262 826 1375 859 fratres
1392 827 1586 860 Recolleetos
1599 827 1808 860 Discaleeatos
1821 826 2003 860 huiusmodi

1261 889 1278 911 a
1291 879 1453 922 quibusvis
1466 879 1811 919 excommunicationis,
1825 878 2004 923 suspensio-

1263 933 1310 965 nis
1323 938 1353 965 et
1367 933 1534 973 interdicti,
1553 933 1683 976 aliisque
1704 932 1925 966 ecclesiasticis
1936 942 2006 965 cen-

1263 986 1345 1018 suris
1361 991 1391 1018 et
1403 987 1524 1030 poenis,
1533 996 1549 1018 a
1560 986 1627 1019 iure
1641 986 1689 1019 vel
1698 986 1737 1018 ab
1747 986 1885 1026 homine,
1895 985 2006 1030 quailis

1263 1039 1428 1073 occasione
1445 1040 1492 1073 vel
1511 1042 1605 1073 causa
1625 1040 1713 1079 latis,
1741 1039 1767 1072 si
1789 1039 1904 1083 quibus
1927 1049 2006 1083 quo-

1265 1093 1437 1126 modolibet
1458 1093 1598 1126 innodati
1623 1093 1770 1133 existunt,
1796 1092 1835 1125 ad
1859 1091 2007 1125 effectum

1264 1147 1478 1190 praesentium
1495 1146 1656 1180 dumtaxat
1672 1146 1939 1190 consequendum,
1957 1146 2008 1178 ha-

1265 1210 1336 1232 rum
1361 1199 1443 1232 serie
1467 1199 1664 1233 absolventes
1693 1205 1724 1232 et
1755 1199 1917 1233 absolutos
1940 1198 2007 1232 fore

1265 1258 1439 1293 censentes,
1454 1253 1739 1296 supplicationibus
1752 1263 1862 1286 eorum
1879 1252 2008 1285 nomine

1265 1316 1322 1349 per
1339 1306 1488 1339 dilectum
1510 1306 1610 1339 tilium
1628 1307 1775 1339 loannem
1792 1306 1830 1339 de
1847 1306 1876 1339 S.
1896 1306 2007 1339 Hiero-

1264 1370 1360 1403 nymo
1377 1370 1487 1393 eorum
1506 1365 1747 1403 procuratorem
1771 1359 1951 1402 generalem
1976 1359 2008 1391 in

1266 1413 1405 1445 Romana
1418 1413 1511 1446 Curia
1525 1412 1716 1446 residentem
1732 1413 1826 1446 nobis
1838 1422 1935 1456 super
1948 1412 2009 1446 hoc

1266 1466 1430 1499 humiliter
1446 1466 1602 1510 porrectis
1619 1466 1768 1506 inclinati,
1778 1466 2008 1510 separationem

1266 1524 1295 1552 et
1315 1519 1501 1553 divisionem
1523 1520 1666 1564 ipsorum
1692 1519 1867 1553 definitoris
1891 1525 1922 1552 et
1944 1519 2009 1552 fra·

1267 1578 1350 1608 trum
1375 1574 1628 1607 Recollectorum
1654 1574 1921 1607 Discalceatorurn
1944 1572 2006 1607 Or-

1267 1627 1348 1660 dinis
1358 1627 1569 1660 Eremitarum
1587 1627 1615 1660 S.
1626 1626 1804 1670 Augustini,
1818 1627 1849 1659 in
1862 1636 2010 1670 quacum-

1267 1691 1328 1724 que
1345 1691 1518 1723 regnorum
1536 1681 1757 1724 Hispaniarum
1771 1685 1861 1724 parte
1877 1679 2011 1713 existen-

1266 1735 1355 1776 tium,
1373 1745 1391 1767 a
1409 1734 1594 1778 provinciali
1612 1739 1641 1767 et
1661 1734 1811 1768 fratribus
1828 1733 2010 1778 provinciae

1266 1788 1415 1822 Castellae
1428 1787 1552 1822 Ordinis
1562 1788 1695 1821 fratrum
1709 1787 1924 1821 Calceatorum
1938 1787 2010 1820 Ere-

1267 1842 1417 1875 mitarum
1435 1841 1464 1875 S.
1482 1841 1659 1884 Augustini,
1683 1852 1700 1874 a
1723 1840 1885 1885 praedicto
1908 1840 2011 1874 Domi-

1267 1896 1338 1929 nico
1363 1895 1604 1940 archiepiscopo
1628 1900 1659 1928 et
1677 1895 1793 1928 nuncio
1817 1895 1933 1935 factas,
1958 1899 2009 1934 et,

1267 1954 1362 1993 prout
1386 1949 1455 1982 illas
1474 1953 1690 1989 concernunt,
1720 1949 1838 1982 litteras
1867 1952 2010 1992 patentes

1267 2002 1409 2036 eiusdem
1433 2003 1587 2036 Dominici
1608 2001 1840 2046 archiepiscopi
1856 2006 1887 2034 et
1902 2000 2010 2035 nuncii

1267 2055 1404 2099 desuper
1428 2055 1598 2099 expeditas,
1619 2055 1805 2088 auctoritate
1824 2054 2009 2099 apostolica,

1268 2115 1376 2143 tenore
1387 2110 1610 2153 praesentium,
1620 2113 1774 2154 perpetuo
1783 2109 2010 2142 confirmamus

1268 2168 1297 2195 et
1321 2163 1551 2207 approbamus,
1575 2163 1700 2207 illisque
1724 2167 1895 2207 perpetuae
1915 2166 1947 2197 et
1967 2162 2011 2195 in-

1268 2216 1422 2250 violabilis
1437 2217 1628 2261 apostolicae
1645 2216 1802 2250 firmitatis
1819 2216 1918 2250 robur
1937 2216 2012 2249 adii-

1268 2270 1390 2312 cimus,
1418 2281 1455 2304 ac
1478 2280 1588 2304 omnes
1613 2275 1643 2304 et
1667 2270 1808 2313 singulos
1837 2275 1902 2303 tam
1932 2269 2011 2303 iuris

1268 2334 1362 2366 quam
1386 2323 1461 2356 facti
1483 2323 1633 2363 defectus,
1657 2323 1683 2356 si
1706 2323 1759 2366 qui
1777 2323 1809 2356 in
1831 2322 1950 2356 eisdem
1966 2321 2012 2354 in-

1268 2375 1477 2418 tervenerint,
1504 2376 1709 2419 supplemus:
1742 2380 1773 2408 et
1803 2374 2010 2408 nihilominus

1267 2429 1468 2462 definitorem
1491 2433 1522 2462 et
1544 2429 1658 2462 fratres
1682 2429 1876 2462 Recollectos
1895 2427 2012 2461 Discal·

1268 2488 1371 2516 ceatos
1394 2493 1568 2526 regnorum
1585 2482 1806 2527 Hispaniarum
1819 2480 2010 2526 praedictos,

1269 2547 1443 2580 eorumque
1467 2541 1638 2570 conventus
1652 2562 1660 2576 ,
1688 2545 1739 2568 res
1763 2539 1793 2568 et
1814 2534 1896 2568 bona
1919 2543 2013 2578 quae-

1269 2601 1414 2635 cumque,
1432 2601 1450 2623 a
1468 2589 1649 2634 provincia,
1676 2587 1862 2633 provinciali
1887 2592 1917 2622 et
1940 2585 2010 2621 fra·'

1270 2644 1372 2678 tribus
1395 2643 1544 2677 Calceatis
1567 2642 1641 2676 dicti
1657 2641 1782 2676 Ordinis
1799 2641 2011 2679 Eremitarum

1270 2698 1300 2733 S.
1327 2697 1520 2744 Augustini,
1554 2701 1619 2731 tam
1649 2695 1834 2741 provinciae
1862 2695 2012 2730 Castellae
