2293 3231
298 304 334 329 An
365 304 392 330 Γ..
415 303 479 330 iss-'⁵2

347 2185 405 2205 Pauli
424 2183 438 2203 V
453 2183 487 2203 ‹lt-v

303 2216 391 2234 οῐυὲιιιιι.

526 294 589 327 088

498 353 620 385 dalilvus·
645 351 784 384 ronciliis
817 350 929 390 editis,
960 351 1161 393 generalibus
1194 351 1259 395 vel¹

500 404 696 448 spccialilms,
722 403 998 436 constitutionibus
1023 408 1051 435 et
1073 397 1259 456 ordinatio-¹¹

500 458 600 494 nibus,
621 468 666 495 ac,
685 462 838 499 «pullenus
863 467 943 500 opus
967 457 1015 497 sil,
1042 457 1143 490 dictae
1163 457 1259 511 Con-4

498 511 691 554 greg-*ationis
724 511 830 553 retiam
856 511 1051 550 iuramento,
1077 512 1260 544 confirma-¹

499 565 582 596 tione
607 564 788 607 apostolica,
814 564 861 596 vel
886 564 996 607 quavis
1016 564 1164 598 firmitate
1182 565 1261 612 anag

498 617 670 659 roboratis)
691 618 814 650 statutis
833 623 861 650 et
884 618 1176 659 consuetudinibus,
1197 613 1261 652 ce-l

499 671 637 714 terisque
664 671 830 704 contrariis
855 671 1120 716 quibuscumque.
1258 643 1262 720 i

544 724 654 756 Datum
667 724 887 768 ltomac,apud
901 724 929 758 S,
941 725 1070 758 Mariam
1080 725 1242 766 Maiorem,
1259 722 1261 736 ⁴
1276 724 1336 757 alia
1356 725 1580 759 constitutione
1599 731 1724 760 sanctae
1744 727 1917 760 memoriae
1935 727 1979 760 Pii
1996 728 2019 761 V

499 778 556 810 sub
585 778 701 811 annulo
729 778 908 817 piscatoris,
935 778 985 811 die
1010 788 1109 812 xxvut
1135 779 1244 823 aprilis

499 842 647 872 iiocxxu,
668 832 870 876 pontificatus
890 832 990 865 nostri
1015 842 1097 866 anno
1121 842 1153 866 Π.

534 894 592 922 Dat.
607 894 650 922 die
669 895 704 924 28
723 896 818 931 aprilis
837 895 918 930 1622,
939 895 1035 931 pontif.
1052 904 1125 924 anno
1140 902 1170 924 ιι.

822 1021 886 1054 LIX
895 1019 916 1055 ¹.

500 1091 684 1136 Ampliatio
701 1096 729 1125 e!
749 1092 928 1126 declaratio
942 1092 1177 1137 prohibitionis
1193 1102 1244 1125 as-

543 1145 672 1179 serendi
685 1146 823 1179 Beatam
838 1147 977 1179 Mariam
995 1146 1162 1190 i'iryinem
1171 1157 1244 1180 con-

544 1203 669 1243 ceptam
685 1200 786 1243 fuisse
804 1199 839 1233 in
851 1204 980 1245 peccato
997 1200 1158 1244 oriyinali
1169 1200 1190 1233 ².

500 1281 534 1307 ln
550 1281 685 1313 generali
701 1280 934 1315 Congreqatione
956 1284 1080 1309 sanctae
1096 1282 1245 1310 Romanae

536 1329 566 1352 et
581 1326 764 1353 universalis
792 1326 1001 1360 inquisitionis
1023 1325 1129 1354 hahita
1147 1327 1178 1354 in
1197 1334 1245 1362 pa-

536 1370 610 1397 latio
631 1371 798 1404 apostolico
814 1373 845 1399 in
861 1375 962 1400 monte
983 1372 1129 1405 Quirinali
1145 1379 1245 1400 coram

537 1414 585 1441 SS.
603 1415 724 1443 Domino
743 1420 846 1444 nostro
868 1418 1004 1452 Gregorio
1024 1416 1126 1444 divina
1145 1417 1243 1451 provi-

535 1459 639 1487 dentia
663 1461 740 1494 Papa
762 1461 818 1494 XV,
840 1469 875 1490 ao
898 1462 1117 1489 illustrissimis
1141 1465 1171 1489 et
1197 1469 1245 1489 re-

535 1505 760 1532 verendissimis
775 1506 900 1533 dominis
918 1508 945 1534 S.
957 1507 988 1533 R.
1000 1506 1031 1534 E.
1043 1507 1245 1534 cardinalibus

537 1551 680 1576 adversus
703 1550 886 1578 haereticam
911 1551 1093 1585 pravitatem
1117 1551 1246 1585 Inquisi-

536 1594 650 1620 toribus
667 1595 858 1629 generamus
874 1603 891 1623 a
905 1595 1013 1623 sancta
1028 1596 1104 1623 Sede
1123 1597 1246 1630 Aposto-

537 1639 596 1667 lica
625 1641 797 1674 specialiter
826 1640 999 1675 deputatis,
1029 1639 1106 1668 feria
1128 1646 1174 1675 m,
1199 1641 1247 1668 die

536 1691 596 1710 xxiv
606 1685 687 1716 maii,
707 1692 784 1711 anno
801 1692 818 1712 a
834 1685 999 1712 Nativitate
1014 1685 1129 1712 Domini
1150 1685 1248 1713 nostri

536 1729 606 1757 Iesu
627 1729 736 1756 Christi
756 1736 874 1758 nocxxn.

546 1801 766 1834 Sanctissimus
775 1801 927 1834 Dominus
940 1806 1058 1842 noster,
1070 1801 1184 1835 auditis
1197 1812 1249 1835 vo-

503 1855 540 1887 tis
558 1855 842 1889 illustrissimorum
861 1861 891 1888 et
912 1855 1248 1889 reverendissimorum

502 1909 703 1942 dominorum
737 1909 943 1942 cardinalium
976 1914 1085 1942 contra
1112 1909 1248 1944 haereti-

502 1973 570 1996 cam
589 1963 773 2006 pravitatem
794 1963 990 2005 generalium
1006 1962 1248 2007 Inquisitorum‚

503 2016 665 2049 decretum
694 2016 770 2049 alias
797 2016 916 2049 editum
941 2026 959 2049 a
983 2016 1081 2050 felicis
1105 2016 1249 2050 recorda-

505 2070 596 2103 tionis
622 2070 717 2103 Paulo
739 2070 761 2102 V
779 2070 846 2103 eius
866 2070 1110 2114 praedecessore
1130 2070 1248 2104 tenoris

503 2123 672 2167 sequentis,
697 2123 877 2157 videlicet⁸2

548 2177 769 2211 Sanctissimus
789 2177 941 2211 Dominus
961 2182 1079 2219 noster,
1097 2182 1167 2222 post
1179 2177 1248 2211 lon-

503 2242 575 2275 gam
593 2237 623 2265 et
638 2237 795 2264 maturam
815 2231 1054 2272 discussionem,
1072 2231 1186 2265 auditis
1199 2243 1249 2266 vo-

505 2286 542 2319 tis
561 2286 847 2319 illustrissimorum
863 2289 891 2320 et
908 2285 1174 2319 reverendissimo
1193 2296 1247 2319 um

503 2340 705 2374 dominorum
739 2339 945 2373 cardinalium
970 2344 1080 2373 eontra
1115 2339 1248 2373 haereti-

503 2405 571 2427 cam
593 2394 778 2439 pravitatem
796 2393 991 2437 generalium
1010 2393 1246 2438 inquisitorum,

538 2502 550 2528 1
565 2501 641 2538 Apud
651 2501 729 2529 Main.
740 2501 829 2529 serius
839 2501 910 2528 edita
920 2501 972 2529 sub
983 2501 1245 2537 num.1.xv111(n.·r.).

537 2546 553 2572 ⁶2
570 2546 606 2573 eid
622 2546 689 2574 haec
705 2546 764 2574 vide
779 2545 854 2573 Pauli
870 2546 892 2572 V
907 2546 1001 2574 Const.
1014 2553 1135 2579 cccxxn,
1147 2546 1245 2581 Refic,

503 2598 585 2625 supra
601 2599 662 2626 pag.
678 2590 740 2618 356.
885 2577 893 2594 Ι

537 2634 554 2660 3
569 2634 688 2669 Sequens
703 2638 902 2670 transumptum
917 2634 1110 2671 correspondet
1123 2634 1249 2663 adamus-

503 2677 552 2704 sim
578 2677 668 2705 Const.
693 2686 786 2706 ccxciv
808 2679 881 2706 Pauli
897 2680 919 2706 V
938 2680 1039 2708 relatae
1058 2680 1092 2708 ad
1112 2689 1173 2716 pag.
1194 2680 1248 2709 396

505 2731 591 2762 usque
606 2723 639 2750 ad
655 2724 667 2758 ἓ
684 2729 721 2751 vu
735 2723 866 2752 inclusive
879 2726 918 2759 (R.
933 2727 982 2760 ¹12).

1107 304 1284 327 nt'LtiAntt'it
1306 303 1461 328 ROMANUM

2034 309 2080 334 An.
2099 307 2126 334 C.
2148 308 2214 337 1621

1274 362 1308 384 re
1329 357 1474 384 accurate
1498 362 1534 385 ac
1558 352 1724 395 diligenter
1749 357 1919 398 perpensa,
1946 365 2017 399 pro-

1275 404 1343 437 vide
1367 405 1581 446 considerans,
1605 406 1700 449 quod,
1724 408 1866 450 quamvis
1890 408 1921 440 in
1945 419 2016 442 con-

1275 457 1436 492 stitutione
1447 459 1545 492 felicis
1555 459 1783 493 recordationis
1793 460 1868 493 sixti
1877 461 1913 494 tv
1921 472 2017 505 super
2032 476 2218 502 onopruhibuitin

1276 511 1482 556 conceptione
1511 512 1710 546 Beatissimae
1735 513 1872 556 Virginis
1892 515 2016 556 Mariae,
2032 503 2218 552 issssssr'issemssiifif

1275 575 1334 609 pro
1355 565 1579 599 submovendis
1596 565 1678 599 inter
1697 566 1918 601 christifideles
1934 578 2019 601 scan-
2033 555 2231 611 'cfficppliil‘il'ssl'ff‘

1276 616 1365 659 dalis,
1375 618 1452 650 rixis
1465 623 1495 650 et
1507 619 1771 660 contentionibus,
1784 620 1867 653 edita
1881 631 1898 653 a
1911 623 2018 654 sancta
2034 614 2056 629 ⁵⁰
2086 614 2105 629 '¹²
2129 612 2218 635 ''⁰⁰⁰⁸‘'

2033 635 2131 660 originali
2141 651 2146 660 ‚
2161 639 2183 657 ut
2197 637 2219 658 in

1276 670 1458 703 Tridentina
1482 671 1607 717 Synodo
1630 672 1787 713 innovata,
1804 679 1833 706 et
1858 673 1970 707 deinde
1987 674 2019 707 in
2034 661 2222 684 ⁰⁰⁰³¹⁵¹¹¹¹⁶⁰¹²⁶⁶⁵⁸

2034 689 2078 708 uia
2093 689 2114 709 lu
2126 691 2177 711 uota
2191 689 2220 712 ad

2034 714 2148 737 rubricam.

1277 788 1372 822 super
1397 778 1505 812 eadem
1531 789 1565 812 re
1585 783 1676 824 <quas
1700 779 1845 814 similiter
1867 781 2020 815 Sanctitas

1276 831 1338 864 Sua
1361 832 1520 866 innovavit
1536 843 1607 865 eum
1625 832 1814 876 quibusdam
1834 834 2022 878 provisioni-

1277 884 1337 918 bus
1361 890 1390 917 et
1419 885 1647 919 adiectionibus
1674 896 1849 930 poenarum
1874 897 1932 931 pro
1956 888 2021 921 effi-

1277 937 1393 971 caciori
1422 949 1531 972 earum
1562 939 1795 983 observatione)
1823 939 2020 984 relinquatur

1276 991 1446 1036 unicuique
1461 992 1561 1026 libera
1579 993 1709 1026 facultas
1726 993 1851 1027 tenendi
1868 999 1898 1027 et
1925 994 2019 1027 etiam

1276 1045 1438 1078 asserendi
1460 1051 1628 1090 utramque
1650 1052 1784 1090 partem,
1801 1046 1886 1091 quod
1903 1046 2021 1080 scilicet

1276 1098 1370 1133 suerit
1386 1100 1434 1133 vel
1450 1110 1513 1134 non
1530 1100 1624 1133 suerit
1636 1106 1787 1145 concepta
1803 1111 1874 1134 cum
1890 1105 2020 1145 peccato

1277 1154 1458 1197 originali‚¹
1483 1155 1558 1188 dum
1583 1161 1688 1189 tamen
1714 1160 1827 1189 neutra
1849 1156 1944 1189 veluti
1969 1167 2019 1189 cr-

1277 1218 1375 1242 ronea
1395 1214 1448 1242 aut
1467 1209 1625 1243 haeretica
1649 1209 1834 1251 damnetur;
1858 1209 2020 1243 nihilomi-

1277 1272 1337 1295 nus
1361 1273 1398 1296 ex
1423 1263 1587 1297 occasione
1611 1263 1792 1298 assertionis
1817 1264 2021 1298 affirmativae

1278 1315 1309 1349 in
1332 1317 1467 1362 publicis
1491 1318 1706 1360 concionibus,
1733 1318 1931 1359 lectionibus,
1949 1329 2022 1353 con-

1278 1370 1471 1404 clusionibus
1496 1376 1527 1404 et
1550 1371 1672 1404 actibus
1695 1371 1843 1415 publicis,
1866 1371 1950 1416 quod
1975 1382 2023 1405 ea-

1279 1424 1351 1457 dem
1374 1424 1556 1458 beatissima
1572 1425 1668 1468 Virgo
1691 1425 1786 1458 suerit
1802 1435 1874 1459 cum
1891 1430 2022 1470 peccato

1279 1478 1426 1522 originali
1440 1484 1602 1523 concepta,
1612 1478 1758 1512 oriuntur
1770 1479 1803 1512 in
1815 1479 1933 1524 populo
1943 1479 2023 1513 chri-

1280 1531 1391 1573 stiano,
1409 1543 1481 1565 cum
1498 1534 1613 1576 magna
1637 1532 1691 1566 Dei
1716 1532 1846 1575 offensa,
1865 1533 2022 1576 scandala,

1280 1585 1384 1629 iurgia
1407 1590 1437 1618 et
1461 1585 1668 1620 dissentiones
1681 1597 1689 1627 ;
1715 1590 1883 1631 propterea
1914 1588 2022 1622 volens

1281 1639 1461 1673 huiusmodi
1478 1639 1632 1673 scandalis
1645 1650 1683 1674 ex
1698 1639 1804 1674 debito
1821 1640 1869 1674 sui
1882 1641 2023 1675 muneris

1280 1693 1457 1737 providere,
1478 1693 1617 1727 decrevit
1640 1698 1671 1727 et
1693 1694 1864 1739 praecepit,
1881 1704 1917 1728 ac
1936 1704 2024 1739 prae-

1281 1747 1378 1780 sentis
1394 1746 1512 1780 decreti
1529 1747 1644 1781 virtute
1657 1747 1784 1781 mandat
1800 1752 1830 1781 et
1846 1748 2001 1794 praecipit
2011 1747 2024 1766 ²

1281 1801 1432 1834 omnibus
1457 1807 1486 1835 et
1518 1801 1650 1845 singulis
1681 1801 1819 1835 cuiusvis
1850 1802 1970 1836 ordinis
1993 1806 2024 1836 et

1281 1854 1414 1888 instituti
1437 1855 1649 1898 regularibus,
1673 1860 1704 1889 et
1726 1855 1796 1888 aliis
1819 1855 2024 1899 quibuscum-

1281 1919 1352 1953 que,
1378 1913 1441 1942 tam
1466 1908 1685 1942 ecclesiasticis
1708 1920 1804 1953 quam
1828 1909 2024 1944 secularibus

1281 1962 1436 2007 personis,
1453 1962 1590 1996 cuiusvis
1609 1962 1806 2005 conditionis,
1827 1967 1936 2004 status,
1955 1973 2024 2006 gra-

1281 2015 1350 2056 dus,
1374 2015 1505 2057 ordinis,
1530 2020 1584 2049 aut
1607 2015 1778 2059 dignitatis,
1796 2021 1859 2049 tam
1880 2016 2026 2050 ecclesia-

1281 2069 1377 2103 sticae
1404 2080 1499 2114 quam
1523 2069 1684 2110 secularis,
1710 2069 1804 2104 etiam
1824 2069 1849 2103 si
1867 2069 2023 2114 specialis,

1281 2122 1430 2167 specifica
1449 2127 1480 2156 et
1504 2122 1663 2156 individua
1683 2132 1792 2156 earum
1816 2128 1898 2157 esset
1920 2133 2026 2157 neccs-

1281 2176 1364 2210 sario
1388 2176 1507 2211 mentio
1538 2175 1698 2218 facienda,
1722 2181 1757 2210 ut
1780 2176 1812 2210 in
1836 2181 2022 2222 posterum,

1281 2230 1381 2264 donec
1403 2230 1556 2264 articulus
1580 2230 1760 2264 huiusmodi
1779 2240 1797 2263 a
1821 2233 1928 2265 sancta
1944 2230 2024 2265 Sede

1280 2284 1459 2329 Apostolica
1481 2283 1578 2318 suerit
1601 2283 1767 2325 diffinitus,
1791 2284 1839 2317 vel
1863 2294 1922 2328 per
1946 2284 2024 2317 San-

1281 2338 1419 2373 ctitatem
1429 2337 1525 2372 Suam
1538 2341 1568 2373 et
1580 2337 1691 2372 Sedem
1704 2337 1916 2382 Apostolicam
1929 2337 2024 2370 suerit

1280 2392 1372 2425 aliter
1396 2391 1587 2432 ordinatum,
1606 2401 1670 2424 non
1690 2390 1825 2424 audeant
1840 2390 1873 2423 in
1888 2390 2023 2435 puhlicis

1281 2444 1486 2480 concionibus
1496 2471 1504 2486 ‚
1527 2443 1732 2484 lectionibus,
1757 2443 2023 2486 conclusionibus,

1281 2505 1312 2534 et
1325 2499 1395 2533 aliis
1413 2499 1664 2544 quibuscumque
1689 2497 1810 2531 actibus
1826 2497 1962 2542 publicis
1979 2509 2025 2532 as-

1281 2564 1398 2595 serere,
1411 2552 1496 2598 quod
1509 2551 1619 2586 eadem
1631 2551 1812 2585 beatissima
1821 2551 1917 2595 Virgo
1930 2551 2025 2587 suerit

1282 2611 1433 2652 concepta
1449 2616 1520 2640 cum
1537 2610 1666 2651 peccato
1690 2604 1847 2648 originali.
1863 2605 2024 2640 Conuasa-

1319 2680 1330 2705 ¹
1348 2677 1475 2706 Delenius
1489 2675 1707 2705 coniunctionem
1722 2679 1749 2704 ει
1763 2676 1801 2711 (a.
1817 2678 1867 2709 iz).

1317 2720 1335 2748 2
1349 2721 1420 2750 Edit.
1436 2719 1515 2749 Mein.
1529 2719 1594 2756 legit
1603 2719 1757 2756 praecepit
1771 2720 1809 2756 (n.
1823 2719 1872 2756 τ.).
