2293 3231
83 259 138 289 An.
151 259 179 290 c.
196 254 260 289 mi

875 257 1052 285 essecutus
1076 256 1120 284 XV
1142 258 1191 284 PP.

279 307 371 340 etiam
404 305 679 347 consistorialiter,
709 310 738 341 et
769 307 826 339 sub
858 308 1018 350 quibusvis

279 358 449 392 verborum
473 359 592 399 formis,
605 365 635 392 et
651 370 723 393 cum
747 359 910 403 quibusvis
925 359 1019 392 etiam

278 413 550 456 derogatoriarum
576 413 800 457 derogatoriis,
826 414 1017 454 fortioribus,

279 465 508 500 efficacioribus
541 471 571 500 et
596 467 728 500 insolitis
753 467 917 505 clausulis,
945 467 1016 499 irri-

281 519 479 564 tantibusque
496 526 526 554 ct
542 520 611 553 aliis
625 520 769 560 decretis,
789 520 882 553 etiam
901 520 937 552 ad
955 519 1020 552 nul-

280 572 340 606 lius
352 573 530 606 instantiam
541 579 570 606 et
581 574 840 618 supplicationem
851 572 1019 612 concessis,

281 635 316 659 ac
340 635 396 669 per
421 636 474 660 eos
491 631 519 660 et
537 636 604 667 nos,
623 627 797 670 Sedemque
815 625 1018 670 praedictam,

280 683 309 712 et
335 678 452 714 iteratis
477 679 612 719 vicibus,
637 679 839 724 approbatis,
866 679 1020 712 innovatis

281 736 311 764 et
334 731 437 765 denuo
454 732 546 765 etiam
573 733 738 766 concessis.
759 732 888 772 Quibus,
906 742 941 765 ac
958 736 1022 764 sta-

282 784 365 826 tutis,
392 785 593 825 alternativis,
624 791 652 818 et
671 785 877 825 concordatis,
902 790 932 817 et
955 784 1023 817 aliis

282 837 468 880 praedictis,
493 838 614 871 etiamsi
645 850 703 882 pro
727 839 853 872 illorum
880 837 1021 870 omnium

283 890 449 925 sufficienti
472 892 676 935 derogatione
700 892 738 924 de
764 892 824 924 illis
849 902 1023 934 eorumque

282 944 355 978 totis
379 945 540 978 tenoribus
559 946 650 989 plena
674 949 705 978 et
729 954 886 989 expressa,
904 944 1024 988 specia-

283 997 331 1038 lis,
356 998 503 1042 specifica
529 1003 558 1030 et
583 998 741 1031 individua
759 1008 793 1031 ac
814 998 852 1031 de
869 997 965 1031 verbo
985 997 1024 1030 ad

284 1051 426 1092 verbum,
450 1061 514 1086 non
537 1056 641 1084 autem
667 1062 725 1095 per
750 1051 906 1085 clausulas
930 1061 1024 1094 gene-

282 1104 366 1138 rates
389 1104 421 1137 icl
444 1105 661 1149 importantes,
683 1104 802 1137 mentio
827 1114 882 1137 seu
898 1104 1024 1147 quaeris

284 1158 344 1191 alia
374 1158 535 1202 expressio
571 1158 717 1191 habenda
748 1163 801 1190 aut
832 1158 934 1201 aliqua
966 1157 1025 1189 alia

284 1212 437 1256 exquisita
467 1213 566 1246 forma
598 1211 749 1245 servanda
774 1212 876 1251 soret,
900 1217 1025 1244 tenores

284 1264 464 1299 huiusmodi
498 1266 715 1309 praesentibus
748 1276 807 1309 pro
837 1265 1025 1298 sufficienter

286 1318 443 1362 expressis
466 1319 634 1359 habentes,
659 1319 718 1351 illis
743 1319 818 1351 alias
842 1319 874 1351 in
897 1329 953 1351 suo
978 1329 1026 1351 ro-

287 1370 363 1404 bore
387 1371 610 1415 permansuris,
628 1372 687 1404 liae
707 1371 773 1404 vice
790 1372 958 1411 dumtaxat,
975 1371 1027 1404 lia-

288 1434 359 1457 rum
384 1424 476 1465 serie,
493 1424 668 1468 specialiter
685 1430 712 1457 et
735 1435 881 1469 expresse
897 1425 1026 1468 deroga-

289 1487 367 1517 muS,
384 1482 415 1510 et
437 1477 622 1520 derogatum
640 1488 707 1510 esse
726 1478 881 1510 volumus:
905 1488 1027 1510 necnon

288 1531 435 1564 omnibus
464 1531 546 1571 illis,
578 1541 658 1574 quae
689 1531 721 1563 in
753 1530 884 1573 singulis
916 1530 1044 1586 litteris¹

286 1583 455 1629 praedictis
485 1594 671 1618 concessum
701 1584 758 1617 suit
789 1594 851 1617 non
883 1583 1044 1619 obstare,'

289 1638 464 1681 ceterisque
484 1637 650 1671 contrariis
666 1637 927 1680 quibuscumque.
946 1637 1027 1670 Nulli

288 1701 365 1734 ergo
390 1691 518 1723 omnino
535 1690 700 1723 hominum
728 1689 815 1722 liceat
841 1689 921 1722 hanc
946 1690 1029 1733 pagi-

288 1755 359 1777 nam
384 1750 510 1778 nostrae
527 1743 742 1783 absolutionis,
760 1743 938 1783 voluntatis,
955 1754 1029 1776 cou-

289 1798 449 1838 cessionis,
474 1797 602 1835 decreti,
630 1796 880 1840 approbationis,
907 1797 1030 1829 innova—

290 1851 393 1891 tionis,
419 1849 915 1892 restitutionis,reintegrationis,
929 1855 1031 1882 exten-

290 1904 398 1945 sionis,
423 1903 647 1947 ampliationis,
674 1903 788 1944 statuti,
814 1902 1030 1943 ordinationis,

293 1956 505 1999 derogationis
533 1961 563 1989 ct
586 1956 753 1989 voluntatis
776 1955 958 1998 infringere,
983 1955 1031 1988 rel

293 2010 322 2044 ei
334 2021 412 2044 ausu
428 2010 598 2043 temerario
614 2010 781 2048 contraire;
798 2009 822 2042 si
840 2009 910 2053 quis
927 2014 1030 2041 autem

295 2062 354 2096 hoc
360 2067 511 2096 attentare
519 2062 776 2106 praesumpserit,
785 2062 1031 2104 indignationem

293 2116 516 2160 omnipotentis
550 2116 604 2148 Dei
633 2126 668 2148 ac
699 2115 863 2148 beatorum
896 2115 978 2147 Petri
1003 2120 1033 2147 et

295 2170 381 2204 Pauli
398 2170 614 2213 apostolorum
631 2169 698 2202 eius
711 2180 742 2202 se
755 2169 877 2201 noverit
894 2169 1034 2201 incursu-

294 2235 374 2258 rum.
388 2225 500 2258 Datum
513 2225 640 2264 Romae,
655 2223 738 2267 apud
753 2223 781 2255 S.
797 2223 934 2263 Petrum,
951 2233 1032 2256 anno

294 2278 520 2312 incarnationis
544 2277 724 2310 Dominicae
747 2286 899 2315 mxxxii,
924 2282 1033 2309 octavo

1051 308 1158 351 possit,
1173 304 1406 340 universitatem
1415 305 1633 339 Trevirensem
1651 305 1792 350 praedic-

1050 366 1114 392 tam
1145 364 1340 399 restaurare,
1364 369 1399 391 ac
1429 358 1575 392 omnibus
1611 358 1793 391 liberalibus

1051 412 1181 449 artibus,
1196 411 1368 455 disciplinis
1382 416 1413 445 et
1425 411 1623 445 facultatibus
1638 410 1792 445 instruere

1053 471 1082 498 et
1106 466 1301 507 reintegrare
1326 465 1481 504 intendat;
1502 470 1531 497 et
1552 470 1718 508 propterea
1743 464 1792 497 lit.—

1054 523 1135 551 teras
1159 518 1346 562 praedictas,
1371 518 1540 561 omniaque
1564 523 1594 550 ct
1618 517 1741 559 singula
1763 517 1795 549 in

1054 572 1098 604 cis
1115 576 1260 604 contenta
1283 572 1471 615 apostolicae
1488 576 1613 603 nostrae
1631 570 1795 603 confirma-

1053 624 1148 657 tionis
1169 624 1283 657 roborc
1305 624 1494 657 communiri
1516 624 1687 667 plurimum
1712 623 1794 657 desi-

1055 678 1152 711 deret:

1092 728 1114 773 ξ
1140 733 1166 766 7.
1189 734 1260 772 Nos,
1282 733 1332 776 pio
1350 738 1378 765 et
1400 733 1547 765 laudabili
1565 733 1638 766 dicti
1656 731 1794 765 Lotliarii

1056 785 1285 830 archiepiscopi
1303 785 1469 825 desiderio,
1483 791 1634 829 quantum
1650 796 1720 819 cuni
1739 785 1797 818 Do-

1058 838 1142 871 mino
1161 849 1340 882 possumus,
1359 849 1497 872 annuere
1514 840 1663 879 volentes,
1681 839 1797 883 suppli-

1057 892 1232 925 cationibus
1264 892 1404 926 eiusdem
1428 893 1555 925 nomine
1585 893 1677 926 nobis
1702 903 1797 936 super

1058 945 1116 978 hoc
1141 945 1302 978 humiliter
1325 946 1480 989 porrectis
1504 946 1664 986 inclinati,
1689 955 1798 981 omnes

1058 1005 1087 1032 et
1122 999 1261 1043 singulas
1295 1000 1429 1041 Nicolai,
1457 1000 1532 1033 Sixti
1568 1006 1598 1034 ct
1631 1000 1798 1034 Clementis

1059 1053 1336 1096 praedecessorum
1361 1053 1595 1097 praedictorum
1621 1053 1749 1093 litteras,
1767 1065 1799 1087 o-

1058 1106 1205 1150 mniaque
1230 1112 1259 1139 et
1284 1107 1406 1150 singula
1431 1107 1461 1139 in
1482 1107 1526 1139 eis
1553 1113 1700 1140 contenta
1723 1108 1798 1149 (ex-

1058 1160 1156 1203 ceptis
1175 1165 1290 1200 tamen,
1311 1160 1415 1203 quoad
1434 1160 1632 1204 parochiales
1649 1160 1797 1193 ecclesias

1056 1213 1244 1257 praedictas,
1265 1213 1312 1251 iis,
1333 1223 1468 1256 quarum
1487 1213 1636 1251 uniones,
1654 1212 1799 1246 annexio-

1057 1276 1113 1298 nes
1131 1272 1159 1298 et
1186 1266 1469 1309 mcor-potationes,
1482 1271 1516 1298 ut
1533 1266 1720 1310 praefertur,
1741 1266 1798 1300 fac-

1059 1324 1106 1351 tae
1116 1318 1135 1358 ¹,
1149 1319 1295 1352 effectum
1309 1319 1437 1352 sortitae
1451 1329 1514 1352 non
1527 1320 1611 1363 sunt)
1626 1318 1796 1362 apostolica

1058 1371 1254 1411 auctoritate,
1274 1378 1382 1405 tenore
1406 1372 1628 1416 praesentium,
1644 1377 1799 1415 perpetuo

1058 1425 1270 1468 approbamus
1287 1430 1316 1457 et
1334 1425 1570 1465 confirmamus,
1591 1425 1716 1468 illisque
1733 1435 1801 1468 per-

1059 1481 1169 1520 petuae
1183 1482 1212 1510 et
1231 1477 1418 1511 inviolabilis
1436 1478 1625 1521 apostolicae
1642 1478 1800 1511 firmitatis

1060 1530 1158 1563 robur
1183 1531 1357 1563 adiicimus.

1105 1585 1119 1627 ξ
1133 1578 1162 1616 8.
1173 1585 1391 1624 Decernentes,
1401 1589 1464 1617 tam
1477 1586 1695 1628 praeinsertas‚
1705 1596 1800 1629 quam

1061 1643 1242 1681 praesentes
1266 1638 1396 1679 litteras,
1420 1643 1451 1671 et
1475 1638 1505 1671 in
1530 1639 1574 1671 eis
1599 1644 1753 1681 contenta,
1768 1643 1802 1672 ut

1062 1692 1262 1735 praefertur,
1287 1701 1412 1734 semper
1436 1697 1466 1724 et
1495 1697 1647 1735 perpetuo
1680 1691 1801 1731 valida,

1062 1742 1154 1774 iii-ma
1179 1747 1206 1773 et
1232 1741 1369 1774 cilicacia
1395 1752 1462 1774 esse
1490 1748 1519 1774 et
1551 1742 1640 1781 fore,
1665 1753 1802 1786 suosque

1063 1795 1221 1838 plenarios
1249 1800 1279 1827 ct
1305 1795 1444 1837 integros
1478 1795 1606 1829 effectus
1643 1796 1748 1828 sortiri
1774 1801 1804 1829 et

1063 1848 1214 1887 obtinere,
1239 1847 1402 1891 dictaeque
1426 1848 1632 1884 universitati.
1657 1848 1804 1893 illiusque

1063 1900 1180 1934 rectori
1205 1906 1235 1933 et
1258 1900 1400 1944 personis
1424 1901 1693 1945 quibuscumque,
1718 1911 1802 1944 quo-

1065 1964 1200 1997 cumque
1223 1954 1351 1987 nomine
1375 1954 1576 1997 nuncupatis,
1599 1954 1630 1986 in
1656 1954 1805 1987 omnibus

1065 2012 1091 2040 et
1111 2018 1167 2051 per
1179 2008 1284 2040 onmia
1299 2007 1481 2051 plenissime
1498 2008 1665 2050 suffragari
1679 2008 1804 2045 debere;

1066 2061 1183 2105 sicque,
1203 2065 1233 2092 et.
1252 2071 1316 2093 non
1333 2060 1432 2100 aliter,
1453 2071 1510 2104 per
1526 2070 1743 2104 quoscumque
1764 2061 1808 2093 iu-

1066 2114 1150 2147 dices
1175 2114 1351 2147 ordinarios
1375 2119 1405 2146 et
1428 2113 1598 2156 delegatos,
1616 2113 1710 2147 etiam
1737 2124 1808 2146 cau-

1066 2178 1171 2201 sarum
1189 2168 1295 2212 palatii
1316 2167 1478 2211 apostolici
1501 2168 1671 2207 auditores,
1689 2168 1807 2211 ubique

1067 2221 1197 2254 iudicari
1222 2227 1250 2254 et
1276 2221 1400 2254 definiri
1422 2221 1549 2260 debere,
1571 2232 1606 2254 ac
1627 2221 1752 2254 irritum
1779 2224 1808 2253 et

1067 2275 1168 2315 inane,
1186 2275 1211 2307 si
1229 2285 1319 2308 secus
1334 2285 1428 2318 super
1445 2274 1493 2307 his
1509 2284 1526 2307 a
1543 2285 1714 2318 quoquam,
1731 2284 1808 2318 qua-

1698 247 1756 282 57t
1809 256 1860 285 Αιι.
1875 257 1904 286 c.
1921 256 1986 286 1021

1880 741 1994 764 Confirmat

1810 769 1931 796 Gregorius.

1843 1593 1964 1614 (Hanniba.

1067 2328 1113 2359 ris
1142 2327 1349 2367 auctoritate,
1380 2327 1516 2360 scienter
1541 2327 1588 2359 rel
1614 2327 1806 2370 ignoranter.

1068 2381 1233 2423 eontigerit
1258 2381 1412 2413 attentari.

1113 2434 1127 2476 ξ
1144 2434 1172 2467 9.
1185 2435 1254 2467 Non
1271 2433 1467 2467 obstantibus
1484 2432 1676 2477 praemissis,
1690 2444 1726 2466 ac
1744 2443 1808 2466 om-
1823 2440 2008 2489 ,Rssi'gg‘ffffm

1068 2488 1159 2520 nibus
1185 2487 1255 2526 illis,
1276 2498 1355 2531 quae
1380 2487 1473 2520 iidem
1499 2487 1759 2531 praedecessores
1777 2487 1807 2520 in
1842 2481 1855 2490 ”
1942 2484 1946 2487 ’

1069 2541 1132 2573 suis
1149 2541 1260 2573 litteris
1274 2540 1443 2584 praedictis
1455 2541 1619 2573 voluerunt
1633 2550 1695 2574 non
1710 2540 1810 2574 obsta—

1069 2605 1113 2635 re,
1132 2594 1306 2639 ceterisque
1331 2593 1497 2627 contrariis
1525 2593 1786 2636 quibuscumque.

1108 2659 1116 2684 t
1135 2656 1204 2685 Edit.
1222 2656 1303 2684 Μαίη.
1319 2655 1403 2684 habet
1416 2656 1494 2690 facta
1510 2657 1546 2691 (a.
1558 2656 1606 2691 Τ.).

296 2331 365 2365 idus
380 2331 530 2370 octobris,
544 2330 743 2374 pontificatus
757 2329 854 2362 nostri
873 2339 954 2361 anno
968 2339 1010 2362 ix.
1047 2304 1052 2364 i

119 2394 281 2419 Pru-atmon-
340 2385 355 2429 ἓ
379 2384 409 2418 6.
433 2385 509 2418 Cum
535 2389 650 2425 autem,
669 2383 747 2416 sieut
767 2382 956 2415 venerabilis
977 2382 1034 2414 fra-

99 2422 153 2474 3¹:212
162 2419 282 2476 ⁶⁰:22?ssss
296 2444 343 2471 ter
373 2438 539 2471 Lotliarius
572 2436 742 2470 modernus
779 2434 1034 2479 archiepiscopus

100 2479 185 2500 neopum
297 2491 498 2531 'treva-ensis,
511 2491 540 2524 S.
555 2491 589 2524 R.
604 2490 624 2522 l.
638 2490 785 2535 princeps
802 2489 928 2528 elector,
946 2489 1035 2521 nobis

298 2555 398 2590 nuper
423 2545 537 2590 exponi
563 2544 651 2585 fecit,
672 2544 748 2588 ipsc,
768 2548 800 2575 ut
826 2552 955 2586 gregem
976 2542 1035 2575 sibi

300 2609 317 2631 a
339 2599 403 2633 Deo
427 2599 631 2633 commissum
654 2598 686 2630 in
711 2596 885 2630 orthodoxa
915 2596 976 2628 fide
1000 2607 1034 2629 ac

299 2661 376 2695 pace
399 2656 429 2685 et
452 2651 676 2696 tranquillitate
706 2650 819 2684 melius
851 2659 1036 2684 conservare
