2293 3231
238 261 286 287 An.
308 259 336 287 c.
356 258 419 288 σεε]
470 250 534 286 518
1007 257 1186 284 nutrimina
1209 257 1365 283 mmmm
1968 259 2017 287 Au.
2038 259 2067 287 c.
2086 260 2148 289 ιω]

437 308 584 342 firmitate
608 308 668 341 alia
703 306 860 341 roboratis
867 316 878 350 y
904 307 1025 340 statutis
1049 312 1080 340 et
1103 317 1178 340 con·
1194 320 1195 324 ¹
1212 307 1374 346 beneficia,
1395 307 1454 340 nisi
1475 315 1534 351 per
1556 315 1706 351 personas
1730 307 1879 347 illustres,
1899 316 1955 341 seu

437 361 664 400 suetudinibus,
678 360 905 401 stabilimentis,
923 360 1044 400 usibus,
1060 360 1179 394 naturis
1193 333 1197 390 ,ι
1212 359 1334 393 nobiles
1348 386 1355 400 ,
1379 370 1416 393 ac
1439 359 1534 393 etiam
1560 359 1749 403 originarios
1772 361 1856 396 cives
1870 388 1878 401 ,
1901 363 1956 394 aut

438 415 572 458 (etiamsi
587 414 624 447 de
638 414 698 446 illis
712 413 873 447 servandis
889 419 919 446 et
936 413 1181 457 nonimpetrau-
1212 413 1288 446 alias
1312 419 1400 447 certo
1424 413 1520 447 modo
1544 413 1574 446 in
1601 413 1662 447 illis
1686 424 1833 457 expresse
1853 414 1954 458 quali-

437 468 485 501 dis
499 467 611 500 litteris
624 467 807 510 apostolicis
823 472 934 500 contra
950 477 996 507 ea,
1008 477 1068 500 nec
1085 466 1178 500 etiam
1196 494 1197 500 ,
1213 466 1338 507 fucatos,
1364 466 1499 500 obtineri
1524 476 1586 500 non
1610 466 1746 510 possint,
1770 472 1800 500 et
1823 467 1899 500 nulli
1924 467 1956 500 in

437 520 476 552 ab
501 519 562 553 alio
588 520 633 552 vel
654 519 723 552 aliis
741 519 915 564 impetratis
931 525 984 552 aut
1011 519 1086 552 alias
1103 529 1180 562 quo·
1214 519 1297 552 cives
1314 520 1417 559 Urbis,
1435 530 1471 553 ac
1490 520 1662 559 civitatum,
1679 519 1879 564 oppidorum,
1899 524 1958 554 ter-

438 572 611 606 modolibet
635 573 794 606 concessis
817 572 943 613 utendo,
958 583 1022 613 ros,
1039 583 1095 616 per
1116 582 1180 612 vos,
1215 583 1322 605 rarum
1340 576 1368 606 et
1385 573 1528 606 locorum
1546 572 1738 613 huiusmodi,
1755 572 1888 614 admitti,
1901 583 1956 606 seu

438 626 485 660 vel
502 631 725 670 procuratores
742 630 873 666 vestros,
886 626 1104 670 praestiteritis
1121 625 1182 659 sor·
1215 626 1340 659 illarum
1365 625 1540 670 privilegiis
1563 626 1608 659 uti
1632 627 1762 671 possint,
1785 627 1845 659 nisi
1869 626 1958 671 prius

438 689 492 712 san
518 680 678 718 haetenus,
704 680 751 712 vel
776 690 831 713 vos
856 680 1065 724 imposterum
1090 689 1181 723 prae-
1215 679 1245 711 in
1262 679 1354 711 dictis
1370 679 1557 719 civitatibus,
1571 679 1707 723 oppidis,
1724 679 1818 713 terris
1833 684 1864 712 et
1879 679 1958 713 locis

438 737 521 767 stare
550 733 718 776 contigerit
750 733 976 775 iuramentum)
1007 732 1181 776 privilegiis
1214 742 1271 775 per
1284 737 1405 765 cei-tum
1423 737 1547 776 tempus
1560 732 1780 773 habitaverint,
1795 742 1850 766 seu
1864 732 1957 766 etiam

439 786 713 831 quoque,indultis
723 792 753 819 et
766 786 878 819 litteris
891 785 1182 830 apostolicis,dictis
1215 786 1246 818 in
1265 785 1325 818 illis
1343 785 1424 818 bona
1441 785 1535 819 etiam
1555 785 1677 819 stabilia
1702 786 1807 818 l'orsan
1831 785 1870 818 ad
1894 795 1958 819 cer-

439 840 588 880 ecclesiis,
613 839 822 879 monasteriis,
848 839 1012 872 ordinibus
1029 844 1057 872 et
1074 839 1182 883 hospi·
1216 844 1281 871 tum
1296 840 1434 872 valorem
1452 839 1650 872 ascendentia
1668 838 1874 883 possederint,
1888 838 1959 883 ipsi-

439 893 563 934 talibus,
588 893 778 936 illorumque
803 892 1010 936 praesulibus,
1035 903 1090 925 seu
1111 902 1181 925 ora-
1215 903 1276 936 que
1307 898 1468 926 exactores
1499 899 1527 926 et
1559 893 1769 936 appallatores
1799 892 1958 932 decimas,

439 946 559 979 toribus
572 950 602 980 et
619 945 849 990 superioribus,
863 957 899 979 ac
913 945 1082 989 magistris,
1097 956 1183 990 prae·
1216 946 1347 989 pedagia
1383 952 1414 979 et
1449 955 1544 979 onera
1581 946 1760 979 huiusmodi
1796 946 1889 979 etiam
1919 946 1958 979 ab

439 999 642 1043 ceptoribus‚
673 999 854 1043 prioribus,
886 999 1058 1039 militibus,
1089 999 1181 1031 etiam
1216 1001 1370 1043 exemptis
1405 1000 1533 1043 exigere
1557 1005 1586 1032 et
1612 1000 1682 1033 illos
1706 1000 1744 1033 ad
1769 1000 1958 1034 solutionem

439 1053 582 1093 antianis,
600 1053 753 1096 capitulis,
774 1052 989 1091 conventibus,
1007 1052 1182 1085 civitatibus
1216 1064 1270 1086 seu
1296 1053 1560 1087 contributionem
1587 1064 1701 1097 cogere
1718 1059 1747 1087 et
1767 1053 1959 1097 compellere

440 1112 470 1138 et
491 1106 578 1146 locis,
603 1106 734 1150 aliisque
758 1105 937 1150 praedictis,
956 1106 1082 1142 illorum
1101 1116 1184 1138 com·
1217 1108 1335 1151 possint
1357 1117 1412 1140 seu
1437 1107 1586 1143 debeant:
1613 1107 1761 1151 quodque
1780 1110 1960 1152 praecepto-

441 1160 646 1194 munitatibus
680 1165 710 1193 ct
740 1160 1019 1200 universitatibus,
1053 1159 1183 1204 aliisque
1217 1161 1281 1194 riae
1313 1167 1341 1193 et
1375 1161 1434 1193 alia
1462 1161 1612 1194 beneficia
1644 1171 1862 1205 quaecumque
1886 1159 1960 1195 dicti

441 1214 586 1258 personis
611 1220 640 1246 et
665 1214 926 1257 particularibus,
951 1224 986 1246 ac
1011 1214 1106 1246 etiam
1130 1213 1183 1246 de·
1219 1215 1390 1258 hospitalis,
1406 1220 1469 1246 tam
1495 1225 1530 1246 ex
1552 1214 1620 1247 eius
1645 1214 1848 1255 institutione⁷
1865 1223 1960 1257 quam

441 1268 607 1307 cimai-um,
620 1267 840 1311 pedagiorum.
855 1267 1050 1311 gabellarum
1067 1272 1097 1299 et
1114 1277 1184 1300 one·
1218 1279 1254 1301 ex
1280 1268 1565 1301 stabiliincntorum
1594 1268 1831 1312 praedictorum
1854 1267 1961 1311 dispo·

442 1332 511 1354 rum
547 1321 745 1355 exactoribus
783 1326 812 1353 et
847 1320 1095 1364 :ii-›pallatoribus
1112 1347 1119 1360 ,
1155 1309 1202 1357 eti
1219 1321 1341 1358 sitione,
1355 1321 1561 1364 pensionibus
1579 1321 1702 1354 clericis
1721 1320 1915 1353 secularibus
1931 1325 1962 1352 et

442 1375 577 1408 aliorum
601 1384 734 1407 oncrum
762 1374 1038 1417 redemptorilms.
1062 1384 1184 1406 necnon
1219 1374 1286 1407 aliis
1302 1374 1446 1417 personis
1463 1374 1556 1406 etiam
1577 1374 1750 1417 apostolica
1776 1373 1962 1406 auctoritate

443 1429 687 1473 archiepscopis,
712 1428 867 1471 episcopis
892 1433 920 1460 et
944 1427 1079 1460 aliorum
1098 1426 1185 1459 Ordi-
1218 1426 1417 1460 reservandis
1441 1427 1566 1469 gravari
1583 1437 1645 1459 non
1664 1427 1797 1471 possint;
1815 1426 1963 1470 quodque

443 1483 653 1522 na1·iis,ctiam
668 1482 785 1514 eisdem
800 1480 1022 1520 cardinalibus,
1036 1491 1070 1512 ac
1085 1480 1185 1512 dictae
1219 1479 1438 1512 stabiliuientis
1457 1486 1487 1512 ot
1507 1480 1680 1523 privilegiis
1697 1480 1854 1523 praefatis,
1867 1480 1962 1513 etiam

444 1535 548 1569 curiae
574 1535 780 1574 citit-inlitum,
807 1535 996 1577 illorumque
1022 1523 1327 1577 collegiis,lx·igore
1363 1533 1532 1577 implicitae
1565 1533 1779 1577 derogationis
1814 1533 1962 1567 latissime

444 1589 502 1622 sub
519 1589 771 1633 quibuscumque
789 1587 951 1620 tenoribus
968 1592 997 1620 et
1014 1587 1134 1627 formis,
1151 1597 1185 1619 ac
1200 1570 1204 1610 i
1220 1587 1444 1625 extendendae,
1469 1587 1590 1619 etiamsi
1607 1597 1664 1631 per
1681 1597 1896 1631 quascumque
1911 1587 1964 1620 lit-

443 1653 515 1675 cum
540 1642 702 1686 quibusvis
727 1640 818 1673 etiam
844 1641 1117 1683 derogatoriarum
1138 1611 1204 1682 dte—i
1220 1646 1304 1673 teras
1328 1641 1515 1684 apostolicas
1539 1646 1569 1672 et
1592 1641 1718 1684 quasvis
1746 1640 1839 1673 etiam
1870 1640 1963 1674 dero-

445 1692 1187 1738 rogatoriis‚aliisqi¹.eetliracioribus‹·tinsolitis
1221 1694 1413 1735 gatoriarum
1446 1693 1681 1737 derogatorias,
1710 1693 1902 1727 efficaciores
1933 1698 1964 1728 et

445 1747 603 1786 clausulis,
628 1758 662 1780 ac
688 1747 885 1779 irritantibus
905 1752 932 1778 ot
955 1746 1023 1778 aliis
1042 1746 1186 1785 decretis,
1202 1779 1205 1786 ,
1222 1747 1362 1780 insolitas
1386 1747 1558 1782 clausulas.
1583 1747 1729 1790 derogari
1755 1757 1818 1780 non
1844 1747 1962 1790 possit,

446 1811 501 1844 per
515 1810 732 1845 quoscumque
746 1800 903 1833 Romanos
916 1800 1084 1832 Pontifices
1102 1788 1205 1843 prae-¹
1222 1810 1278 1833 nec
1303 1800 1489 1842 derogatum
1514 1805 1693 1838 conseatur,
1717 1799 1775 1832 nisi
1801 1800 1963 1842 derogatio

446 1855 627 1889 decessores
645 1859 778 1895 nostros,
792 1865 828 1886 ac
845 1854 938 1886 ctiam
957 1864 1013 1886 nos
1031 1859 1058 1886 et
1077 1853 1187 1886 Sedem
1223 1853 1401 1886 huiusmodi
1419 1853 1456 1885 de
1473 1853 1603 1885 consilio
1621 1852 1827 1885 cardinalium
1841 1863 1964 1886 eorum-

446 1908 648 1952 praedictam.
674 1908 765 1942 eliam
791 1907 1066 1942 consistorialiter,
1092 1918 1126 1939 ac
1151 1907 1188 1939 de
1222 1906 1292 1938 dem
1319 1906 1382 1945 fiat,
1404 1911 1433 1937 et
1459 1912 1523 1938 tum
1549 1906 1676 1938 demum
1702 1905 1740 1938 ad
1764 1905 1795 1938 id
1821 1906 1963 1949 magistri

447 1963 630 1997 eorumdem
648 1962 854 1995 cardinalium
868 1961 1009 1997 consilio,
1023 1961 1115 1994 etiam
1134 1971 1189 2004 per
1223 1965 1251 1992 et
1269 1965 1441 1993 conventus
1466 1960 1698 2004 praedictorum
1716 1960 1843 1993 accedat
1859 1970 1965 1994 assen-

448 2015 575 2049 modum
601 2015 706 2048 statuti
723 2020 752 2048 et
769 2013 1001 2048 constitutionis
1020 2011 1293 2057 perpetuo-Jsus.
1318 2013 1442 2056 sintque
1468 2013 1588 2047 litterae
1616 2013 1831 2056 derogationis
1855 2013 1964 2046 huius-

448 2079 530 2108 rum,
547 2079 582 2101 ac
600 2073 686 2101 motu
702 2073 732 2100 ct
748 2068 878 2103 scientia
897 2067 1062 2106 similibus,
1088 2067 1189 2110 deque
1224 2067 1308 2100 modi
1333 2067 1426 2099 etiam
1450 2077 1506 2110 per
1531 2067 1648 2101 dictum
1678 2067 1865 2110 magistrum
1890 2066 1965 2100 sub-

448 2121 638 2166 apostolicae
663 2121 825 2164 potestatis
850 2120 1054 2164 plenitudine,
1080 2120 1126 2152 vel
1151 2119 1188 2151 ad
1224 2121 1368 2164 scriptae,
1382 2131 1417 2153 ac
1434 2121 1478 2153 illi
1493 2126 1522 2154 ct
1537 2120 1705 2164 praedictis
1719 2121 1896 2161 conventui,
1909 2130 1966 2165 per

448 2175 688 2218 imperatorum,
710 2184 832 2216 regum,
853 2173 1046 2216 reginarum,
1063 2173 1190 2212 ducum,
1224 2173 1364 2207 diversas
1381 2174 1411 2207 in
1436 2175 1536 2208 forma
1554 2173 1660 2207 Brevis
1676 2179 1729 2207 aut
1748 2174 1824 2207 alias
1846 2174 1966 2207 litteras

450 2228 668 2261 marchionum
682 2232 712 2259 ct
729 2227 862 2260 aliorum
880 2226 1059 2270 principum
1079 2226 1192 2258 iustan-
1224 2228 1357 2261 diversis
1372 2228 1570 2272 temporibus
1587 2238 1658 2261 cum
1677 2227 1770 2261 certis
1797 2227 1966 2262 intervallis

450 2282 534 2322 tiam,
559 2292 613 2314 seu
639 2281 764 2314 illorum
790 2280 1065 2324 contemplatione,
1086 2280 1117 2312 in
1141 2273 1208 2323 gefl
1226 2285 1448 2325 praesentatas,
1473 2281 1641 2324 intimatae,
1666 2287 1694 2314 et
1719 2291 1782 2314 non
1807 2281 1892 2322 alias,
1907 2291 1965 2314 nec

451 2345 525 2368 nere
541 2336 588 2367 vel
610 2335 640 2367 in
657 2334 770 2378 specie,
786 2345 820 2366 ac
846 2333 921 2366 alias
945 2333 1208 2377 quomodolibet„
1226 2335 1287 2369 alio
1312 2335 1416 2375 modo,
1441 2340 1470 2367 et
1495 2345 1620 2378 semper
1646 2335 1675 2367 in
1701 2335 1860 2373 omnibus,
1885 2344 1964 2378 quae

451 2389 545 2421 ctiam
569 2388 688 2421 iteratis
712 2387 849 2426 vicibus,
875 2387 1046 2426 concessis,
1072 2387 1191 2420 etiamsi
1206 2383 1209 2436 l
1226 2389 1270 2421 sic
1295 2388 1379 2427 fient,
1397 2388 1490 2420 etiam
1511 2387 1548 2420 de
1570 2387 1663 2420 simili
1689 2387 1820 2420 consilio
1837 2386 1966 2430 deroga·

453 2442 482 2474 in
500 2442 554 2482 eis,
568 2452 602 2475 ac
619 2441 742 2474 statutis
755 2446 786 2473 ot,
798 2440 1017 2474 stabilimentis
1035 2440 1192 2484 praefatis,
1206 2437 1209 2479 ’ζ
1227 2441 1335 2481 tiones,
1349 2451 1403 2474 seu
1417 2441 1560 2485 apposita
1575 2441 1723 2480 clausula,
1737 2440 1820 2484 quod
1838 2440 1965 2474 illorum

454 2500 599 2528 careatur
615 2505 773 2538 expresse,
791 2495 837 2526 vel
855 2494 957 2533 tacite,
975 2494 1058 2536 quod
1079 2492 1210 2526 honest-i
1226 2495 1371 2528 effectum
1397 2494 1568 2527 sortiantur
1592 2494 1630 2527 de
1654 2503 1806 2527 consensu
1825 2493 1966 2537 magistri

455 2548 501 2580 cia
525 2548 617 2581 Urbis
640 2547 763 2581 nonnisi
792 2547 972 2590 originariis
997 2546 1117 2579 civibus
1141 2557 1192 2579 ro-
1227 2554 1257 2581 et
1281 2553 1452 2581 conventus
1475 2547 1724 2591 praedic-torum,
1750 2557 1812 2581 non
1836 2547 1912 2580 alias
1936 2552 1966 2579 et

456 2601 555 2634 manis
578 2611 612 2634 ac
637 2602 750 2635 civium
777 2601 960 2634 eorumdem
989 2599 1060 2633 siliis
1089 2593 1288 2641 conse-latio
1312 2601 1415 2634 modo.
1440 2600 1559 2640 Quibus
1583 2599 1728 2633 omnibus
1745 2600 1886 2643 (illorum
1903 2610 1967 2633 om-

456 2659 573 2695 rantur,
587 2655 733 2698 quodque
748 2655 972 2688 nonnullarum
988 2654 1192 2688 ecelesiarum
1207 2644 1210 2697 Ι
1225 2655 1313 2688 nium
1338 2659 1472 2694 tenores,
1492 2664 1527 2686 ac
1552 2653 1578 2686 si
1602 2653 1640 2686 de
1665 2653 1760 2687 verbo
1779 2653 1818 2686 ad
1834 2653 1968 2686 verbum
