2293 3231
256 285 305 312 An.
322 283 350 311 C.
369 283 442 312 ¹620

319 1838 456 1860 Obsiannbus

273 1865 367 1890 derogant

753 245 766 256 2

485 273 552 309 474

457 331 516 364 illis
542 331 621 363 intel·
645 331 766 373 aliquos
795 330 833 362 lis
861 329 993 372 pendeat
1025 328 1213 371 indecisa),]

456 394 528 418 cum
554 382 699 416 omnibus
716 382 838 414 iuribus
858 387 886 414 et
907 380 1104 424 pertinentiis
1121 381 1196 421 suis,
1212 377 1214 387 '

458 436 601 481 personis
627 435 724 479 ipsis,
749 434 843 467 ctiam
869 433 950 475 duo,
976 434 1022 466 vel
1049 434 1118 473 tria,
1142 426 1215 469 seul

459 491 560 534 plura,
581 498 855 532 quarumcumque
880 487 1064 531 qualitatum
1089 493 1117 520 et
1144 473 1216 530 cti-i

459 543 642 584 iuscuinquc
666 540 761 573 annui
777 540 903 581 valoris,
924 540 1134 573 ecclesiastica
1150 532 1217 584 ¹³0·i

460 595 568 628 nelicia
583 592 812 627 obtinentibns¹
827 599 853 626 et
876 594 1111 637 expectantibus
1129 604 1200 626 con-
1216 593 1218 637 ᾖ

461 650 541 680 terre
563 652 593 679 et
617 646 788 688 assignare,
812 656 935 679 necnon
959 646 1064 678 omnia
1093 650 1120 678 et
1142 641 1219 678 sin-'

459 701 542 743 gula,
559 709 638 743 quae
656 698 693 732 ad
720 699 790 740 lioc,
811 704 841 731 ul
867 709 998 742 precum
1021 709 1074 732 seu
1098 698 1200 732 nomi-
1218 703 1219 710 ¹

460 755 623 788 nationum
636 758 663 785 et
682 752 934 796 acceptationum
948 762 983 785 ac
998 752 1201 786 collationum

461 806 642 840 huiusmodi
673 805 820 838 succedat
853 804 1002 845 effectus,
1027 808 1203 849 opportuna

461 861 586 900 suerint,
604 861 705 893 facere
730 859 915 892 auctoritate
931 860 1040 891 nostra
1056 868 1114 902 per
1130 868 1203 891 cen·
1219 851 1221 869 ⁵

462 924 567 947 suram
603 912 847 946 ecclesiasticam
879 911 991 956 exequi
1025 911 1145 954 possint
1174 917 1201 944 et

464 968 599 1000 valeant:
625 975 720 1010 super
744 965 869 1009 quibus,
888 964 963 1008 ipsis
982 964 1108 1008 plenam
1125 968 1153 998 el
1171 964 1223 1020 li-3

463 1022 581 1060 beram,
598 1018 783 1053 auctoritate
804 1017 975 1062 praedicta,
993 1023 1102 1050 tenore
1119 1028 1206 1061 prac-
1222 1033 1223 1040 1

464 1074 609 1114 sentium,
621 1076 806 1117 potestatem
820 1071 1024 1104 concedimus
1037 1074 1067 1104 et
1079 1071 1206 1104 faculta-

464 1134 541 1161 tem:
566 1137 601 1160 ac
623 1125 767 1170 personis
796 1125 982 1169 praedictis,
1007 1135 1065 1168 pro
1089 1124 1206 1168 quibus

464 1180 646 1215 huiusmodi
670 1178 838 1223 primarias
867 1188 977 1222 preces
1006 1178 1127 1222 porrigi
1152 1188 1206 1211 seu

466 1234 696 1268 nominationes
720 1232 789 1266 fieri
814 1232 992 1274 contigerit,
1012 1231 1096 1275 quod
1120 1231 1207 1275 ipsae

466 1287 677 1333 exspectantis,
703 1297 739 1319 ac
762 1285 1041 1326 nominationibus,
1062 1295 1117 1318 seu
1141 1295 1208 1329 spe-

467 1341 559 1376 ciali²
583 1340 833 1374 reservationum
863 1338 900 1372 de
925 1338 1089 1382 quibusvis
1112 1338 1208 1371 bene-

468 1396 546 1430 ticiis
562 1405 621 1439 pro
636 1395 681 1427 eis
701 1394 852 1427 saetarum
870 1392 988 1435 gratiis,
1008 1396 1039 1425 et
1056 1391 1210 1424 mandatis
1225 1393 1226 1398 ’

468 1451 506 1484 de
530 1448 724 1493 providendo
749 1447 825 1491 ipsis
849 1446 887 1479 de
911 1446 1047 1485 eisdem,
1073 1446 1098 1478 si
1126 1436 1227 1488 qua³⁴

469 1504 544 1549 ipsis
569 1512 718 1537 concessa
749 1501 882 1541 suerint,
914 1502 974 1533 una
1007 1510 1079 1533 cum
1108 1499 1209 1543 gratia

470 1567 600 1602 precum
636 1562 666 1589 et
700 1555 950 1588 nominationum
986 1553 1228 1610 primariarumW

470 1610 652 1644 earumdem
678 1609 721 1642 uli
746 1608 883 1652 possint:
909 1617 976 1648 nec,
1003 1607 1107 1650 aliqua
1132 1613 1228 1650 gra-³

472 1665 587 1697 tiarum
618 1661 799 1696 huiusmodi
830 1662 1040 1704 consumpta,
1071 1660 1229 1703 reliquae¹

471 1715 653 1750 carumdem
679 1725 783 1748 cassae
808 1718 996 1747 censeantur
1020 1713 1069 1746 vel
1092 1712 1210 1753 irritae,

472 1770 680 1813 indulgemus.

516 1824 531 1869 ἓ
554 1823 584 1857 3.
610 1824 677 1857 Non
711 1821 909 1856 obstantibus
941 1820 1057 1854 nostris
1088 1819 1126 1853 de
1150 1829 1231 1870 non.

473 1878 589 1912 utendo
606 1877 705 1921 gratia
726 1875 928 1920 expectativa‚
945 1885 981 1908 ac
1001 1873 1212 1907 reservatione

472 1931 609 1976 speciali,
628 1941 663 1963 ac
682 1929 804 1962 duabus
828 1928 938 1972 gratiis
962 1927 1105 1966 insimu13
1123 1937 1158 1959 ac
1175 1926 1214 1958 de

473 1984 682 2018 insinuatione
706 1994 741 2016 ac
777 1981 987 2026 publicatione
1016 1986 1042 2014 et
1081 1980 1213 2024 diligen-

474 2040 523 2074 tiis
547 2049 602 2083 per
625 2040 821 2081 acceptantes
844 2036 981 2079 desuper
997 2034 1162 2073 faciendis;
1179 2044 1214 2067 ac
1230 2061 1232 2076 ,

474 2094 505 2127 in
524 2094 664 2126 savorem
679 2090 913 2124 ordinariorum
931 2089 1129 2128 collatorum,
1147 2097 1215 2120 nec-
1230 2077 1233 2128 ξ

475 2156 538 2179 non
555 2144 765 2189 cxpectativas
790 2143 820 2174 in
846 2143 946 2175 torma
974 2152 1146 2185 pauperum
1164 2141 1216 2173 ha-

475 2199 614 2233 bentium
629 2199 648 2238 ⁴,
669 2208 705 2230 ac
730 2195 898 2229 illustrium
924 2200 954 2227 et
978 2194 1233 2237 giadnatorums

476 2263 512 2286 ac
536 2251 624 2286 Sedis
648 2249 827 2295 praedictae
846 2247 1039 2287 officialium,
1057 2257 1092 2280 ac
1114 2252 1216 2280 certas

477 2305 552 2339 inibi
566 2314 732 2349 expressas
748 2302 864 2346 gratias
881 2301 1081 2340 habentium,
1096 2310 1216 2333 necnon
1233 2327 1235 2343 ‚

477 2359 729 2403 quibuscumque
766 2356 796 2389 in
824 2354 1011 2389 cancellaria
1045 2354 1215 2398 apostolica

514 2423 524 2449 1
541 2421 671 2455 Erronee,
683 2424 712 2447 ut
727 2417 876 2455 puto,edit.
888 2417 968 2444 Main.
985 2416 1051 2452 legit
1064 2416 1216 2444 obtinenda

477 2467 577 2502 (adiu).

512 2510 529 2536 ⁹2
548 2509 692 2536 videretur
719 2507 862 2543 legendum
881 2506 1071 2542 specialibiis;
1092 2513 1172 2541 supra
1192 2505 1218 2531 in

478 2555 538 2582 loco
559 2554 687 2589 parallelo
708 2553 805 2589 legitur
823 2552 972 2587 speciatim
991 2552 1030 2585 (a.
1047 2549 1094 2584 T.).

514 2599 531 2626 3
547 2598 615 2625 Edit.
632 2597 710 2625 Μαίη.
728 2597 790 2630 legit
806 2597 832 2624 si
847 2605 921 2631 quae
934 2596 972 2630 (a.
989 2594 1037 2629 ⁵12).

515 2645 531 2668 4
546 2642 674 2675 Erronee.
692 2646 720 2670 ut
734 2647 808 2678 puto,
825 2640 889 2668 edit.
906 2639 985 2667 Main.
1003 2638 1068 2674 legit
1081 2638 1220 2666 habentia

480 2690 517 2723 (ni
539 2689 587 2721 τ.).

1056 281 1236 306 nummum
1259 279 1415 306 Romanum

1229 328 1491 372 quandocumque
1515 329 1679 372 publicatis
1702 334 1731 362 et
1756 328 1969 373 publicandis,

1230 391 1266 414 ac
1285 380 1354 414 aliis
1379 380 1656 414 constitutionibus
1672 386 1702 414 et
1721 380 1970 415 ordinationibus

1231 434 1428 478 apost.olicis;
1453 443 1577 467 necnon
1600 433 1670 466 aliis
1693 434 1910 475 ecclesiarum,
1940 434 1971 467 in

1231 487 1346 531 quibus
1366 487 1517 520 beneficia
1530 486 1710 520 huiusmodi
1727 487 1833 520 forsan
1846 487 1972 528 suerint,

1233 540 1356 573 statutis
1376 543 1407 574 et
1430 539 1710 573 consuetudinibus
1733 539 1809 582 (illis
1833 550 1974 584 praeser-

1233 594 1290 626 tim
1319 593 1444 637 quibus,
1469 593 1500 625 in
1524 592 1664 626 ecclesiis
1683 592 1715 625 in
1738 592 1854 637 quihus
1875 593 1975 626 maio-

1234 657 1286 679 res
1301 652 1331 679 et
1347 646 1487 679 minores
1502 645 1700 689 praebendae
1715 645 1897 679 huiusmodi
1912 646 1975 679 t'ue-

1218 699 1317 737 ,rint,
1343 698 1446 731 caveri
1482 698 1617 739 dicitur,
1645 697 1730 742 quod
1762 698 1868 731 nullus
1898 698 1974 732 inibi

1237 752 1390 786 maiorem
1422 751 1633 795 praebendam
1664 751 1787 795 assequi
1818 751 1917 795 possit
1946 757 1975 784 et

1218 822 1221 842 5
1237 806 1346 846 valeat,
1364 805 1389 837 si
1407 803 1480 837 illa*
1499 804 1536 837 de
1561 804 1675 838 minori
1699 804 1854 847 gradatim
1871 809 1902 838 et
1919 814 1977 848 per

1237 858 1399 903 optionem
1427 857 1610 900 ascendant)
1635 857 1833 897 iuramento,
1861 857 1977 890 contir-

1238 911 1375 944 matione
1399 910 1588 954 apostolica,
1612 910 1660 943 vel
1690 909 1798 954 quavis
1829 908 1978 943 firmitate

1237 964 1298 997 alia
1326 963 1492 1003 roboratis,
1517 963 1685 997 contrariis
1708 962 1976 1007 quibuscumque:

1238 1023 1315 1051 aut²
1346 1018 1371 1051 si
1396 1017 1553 1062 aliquibus
1583 1027 1679 1061 super
1710 1016 1888 1061 provisione
1919 1016 1978 1049 sibi

1239 1071 1379 1105 facienda
1409 1072 1447 1104 de
1478 1070 1660 1104 huiusmodi
1687 1070 1734 1103 vel
1765 1069 1834 1103 aliis
1861 1069 1979 1103 beneti-

1223 1125 1297 1168 ,ciis
1320 1125 1538 1158 ecclesiasticis
1565 1123 1717 1168 speciales
1741 1123 1788 1156 vel
1817 1123 1980 1167 generales

1241 1177 1341 1211 dictae
1366 1177 1455 1212 Sedis
1479 1177 1527 1209 vel
1550 1177 1727 1220 legatorum
1751 1175 1819 1209 eius
1842 1176 1979 1215 litterae,

1241 1231 1335 1264 etiam
1360 1235 1469 1264 nostro
1493 1230 1540 1263 vel
1565 1240 1618 1263 eas
1641 1229 1879 1263 concedentium
1905 1240 1980 1274 pro-

1242 1284 1312 1328 prio
1335 1289 1438 1324 motu,
1458 1289 1510 1316 aut
1541 1283 1639 1317 cuivis
1667 1283 1759 1316 etiam
1779 1293 1981 1327 quocumque

1243 1343 1388 1381 respectu
1420 1343 1450 1370 ct
1474 1337 1512 1370 ad
1543 1337 1769 1381 cuiuscumque
1803 1337 1980 1370 instantiam

1243 1392 1305 1424 sint
1329 1401 1495 1424 concessae
1524 1391 1571 1423 vel
1595 1390 1809 1424 concedantur
1832 1390 1982 1434 imposte-

1244 1456 1332 1485 rum,
1358 1455 1413 1477 seu
1437 1444 1463 1477 si
1487 1443 1638 1488 speciales
1667 1443 1705 1477 de
1729 1443 1910 1477 huiusmodi
1933 1442 1984 1477 be·

1243 1497 1364 1531 neficiis
1388 1508 1444 1542 per
1469 1507 1536 1538 nos,
1562 1498 1610 1530 vel
1634 1496 1746 1531 Sedem
1771 1496 1982 1541 praedictam,

1227 1556 1296 1589 ,aut
1319 1561 1536 1595 quaecumque
1560 1551 1637 1584 aliae
1663 1551 1730 1594 (aut
1753 1560 1984 1594 quamcumque

1243 1604 1426 1637 nominandi
1444 1608 1474 1637 et
1492 1603 1672 1637 reservandi
1689 1603 1868 1637 facultatem
1880 1602 1891 1619 ³
1914 1603 1984 1647 qui—

1244 1658 1361 1698 busvis,
1379 1668 1578 1702 quacumque
1595 1657 1688 1691 etiam
1709 1656 1920 1690 ecclesiastica
1937 1657 1985 1690 vel

1246 1712 1404 1746 mundana
1420 1711 1570 1755 dignitate
1583 1711 1784 1754 fulgentibus,
1803 1720 1860 1755 per
1873 1709 1985 1744 Sedem

1245 1766 1438 1809 praedictam
1474 1775 1697 1799 concessarum
1732 1764 1780 1798 vel
1815 1763 1987 1798 conceden-

1246 1819 1358 1853 darum
1394 1819 1524 1862 vigore,
1557 1818 1807 1852 reservationum
1842 1817 1907 1851 sive
1935 1827 1986 1851 ea-

1247 1871 1391 1905 rumdem
1407 1872 1587 1906 facultatum
1600 1871 1740 1914 obtento)
1754 1870 1793 1904 ad
1806 1869 1986 1904 huiusmodi

1247 1925 1399 1958 beneficia
1416 1934 1691 1968 quarumcumque
1711 1934 1919 1968 personarum
1935 1933 1988 1957 no-

1248 1979 1434 2012 minationes
1465 1989 1523 2022 pro
1556 1983 1698 2022 tempore
1732 1978 1832 2011 sactae
1862 1977 1986 2011 suerint.

1247 2032 1328 2072 Quas
1351 2032 1479 2076 quidem
1505 2032 1624 2065 litteras
1649 2031 1784 2074 (etiamsi
1808 2041 1864 2075 per
1881 2040 1933 2064 eas
1949 2029 1989 2064 ad

1249 2085 1478 2125 inhibitionem,
1496 2085 1751 2125 reservationem,
1768 2090 1798 2118 et
1816 2084 1988 2125 decretum,

1250 2140 1296 2172 vel
1321 2139 1396 2172 alias
1414 2138 1651 2183 quomodolibet
1670 2148 1856 2183 processum
1870 2137 1988 2180 suerit),

1248 2202 1371 2226 necnon
1396 2192 1635 2233 reservationcs‚
1656 2192 1818 2225 facultates
1842 2194 1873 2225 et
1891 2190 1991 2225 nomi-

1249 2246 1403 2286 nationes,
1428 2255 1499 2278 cum
1525 2245 1686 2288 quibusvis
1710 2244 1803 2278 etiam
1828 2243 1991 2287 derogato-

1251 2300 1369 2332 riarum
1401 2298 1611 2342 dcrogatoriis
1643 2297 1790 2332 clausulis
1806 2323 1813 2337 ,
1838 2299 1991 2341 quatenus

1250 2352 1463 2396 praesentium
1488 2351 1634 2385 effectum
1668 2349 1868 2394 suspendere,
1894 2348 1991 2393 impe-

1251 2406 1329 2446 dire,
1347 2406 1394 2438 vel
1410 2405 1578 2450 perimere,
1595 2409 1647 2437 aut
1665 2402 1741 2436 alias
1764 2401 1882 2436 eisdem
1905 2412 1991 2446 prae-

1252 2459 1393 2492 sentibus
1415 2457 1653 2502 quomodolibet
1676 2455 1829 2490 obsistere
1852 2455 1992 2489 videren-

1289 2550 1298 2574 ¹
1320 2547 1462 2575 videretur
1472 2545 1579 2582 legend.
1587 2545 1676 2582 polius
1686 2545 1747 2572 nisi
1761 2545 1800 2572 ad
1809 2544 1891 2573 illam
1901 2544 1990 2580 (nm).

1287 2595 1304 2620 ‘2
1319 2594 1439 2629 Nempe:
1461 2595 1512 2620 aul
1527 2599 1584 2619 nim
1599 2591 1727 2619 obstante
1740 2590 1776 2624 si,
1793 2594 1846 2618 etc.
1862 2593 1900 2624 (n.
1916 2590 1965 2625 τ.).

1288 2639 1305 2666 3
1319 2637 1463 2665 Videretur
1480 2635 1626 2672 legendum
1639 2638 1690 2664 aut
1705 2642 1990 2671 quarumcumque...

1253 2684 1426 2719 facultatum
1439 2687 1476 2715 χιι.
1494 2681 1544 2716 τ.).

1983 281 2032 310 Aa.
2049 279 2079 309 C.
2099 279 2168 309 ¹020
