2293 3231
113 288 164 316 An.
182 289 212 316 C.
230 288 297 317 1617

154 1407 215 1429 Lnici
233 1408 285 1429 iudi·

101 1439 137 1454 ces
147 1439 233 1455 causam
243 1440 285 1456 mo-

100 1466 122 1481 re
155 1461 285 1482 eecleniasti-

100 1492 147 1507 cam
162 1488 190 1508 nd
204 1493 227 1508 se
242 1491 284 1508 tra-

99 1513 174 1534 hentes
185 1515 284 1535 nonnulla

99 1542 284 1561 attentaruntcon-

99 1568 131 1586 tra
155 1566 282 1587 ecelesiasti-

98 1598 145 1613 cam
163 1593 282 1614 immunita·

97 1621 151 1643 tem,
173 1620 282 1646 ipsamque

98 1650 210 1671 personam
220 1648 283 1667 colle-

98 1672 162 1692 ctoris
177 1674 282 1698 generatis

99 1699 220 1724 spoliorum.

953 295 1072 322 PAULUS
1096 296 1115 321 V
1140 298 1187 322 PF.

311 344 338 370 et
365 339 471 379 inane,
497 340 521 372 si
549 350 638 374 secus
657 351 751 386 super
776 343 823 376 his
844 353 860 376 a
881 353 1049 388 quoquam,
1067 348 1069 389 ξ

310 391 420 434 quavis
433 392 627 433 auctoritate,
642 394 776 428 scienter
793 396 838 428 vel
858 397 1049 439 ignoranter,
1067 432 1068 435 ,

310 444 477 487 contigerit
495 447 650 487 attentari,
665 458 699 480 ac
718 448 742 480 si
760 448 808 481 die
825 448 913 482 datae
930 460 1050 482 earum-

309 494 379 528 dem
397 498 609 541 praesentium
628 499 711 533 dieto
730 501 842 534 loanne
860 502 994 545 Baptista
1012 503 1049 535 ad

310 548 340 581 id
365 557 490 594 reperto
508 551 620 585 idoneo
641 553 679 585 de
697 554 848 586 beneflcio
870 554 1047 588 huiusmodi

309 602 577 637 mandavissemus
602 606 769 648 provideri.

353 655 463 688 Datum
484 657 620 696 Tusculi,
638 668 720 691 anno
746 659 972 693 incarnationis
992 660 1066 694 Do-¹

308 709 441 743 minicae
474 720 623 751 nucxvn,
653 722 684 745 ix
718 713 866 746 kalendas
899 714 1047 753 octobris,

306 763 506 805 pontificatus
529 765 638 805 nostri,
663 776 745 799 anno
769 776 836 799 xm.
1064 789 1066 805 .

342 825 402 852 Dat.
416 826 460 853 die
475 826 509 853 23
524 827 687 863 septembris
702 828 781 860 1617,
799 829 894 864 pontis.
908 837 980 856 anno
990 836 1045 856 xm.

598 970 752 1003 CCXCVll.

303 1046 454 1080 Irritatio
477 1048 714 1093 nonnullarum
743 1054 886 1084 actorum
910 1062 930 1083 α
954 1051 1063 1089 iudi-5

348 1100 437 1133 cibus
451 1101 544 1134 laicis
557 1102 652 1145 requi
665 1102 893 1146 Porlttyallt’ae
905 1108 1044 1137 attenta-

347 1157 488 1186 tatorum
513 1159 624 1187 contra
649 1155 895 1189 ecclesiasticam
924 1158 1044 1190 immu-

345 1206 511 1240 nitatem¹.

545 1279 656 1306 Paulus
673 1280 750 1313 Papa
766 1281 798 1312 v,

423 1331 459 1357 ad
479 1334 654 1365 perpetuam
675 1333 718 1360 rei
739 1334 920 1362 memoriam.
1058 1357 1060 1373 ,

345 1401 389 1433 Ad
414 1401 604 1435 audientiam
630 1405 820 1447 apostolatus
849 1407 949 1438 nostri
979 1416 1040 1439 non

300 1453 366 1485 sine
392 1454 474 1487 iusto
498 1460 526 1486 et
553 1456 639 1497 gravi
672 1457 776 1489 cordis
804 1459 902 1491 nostri
932 1459 1059 1504 dolore

298 1507 450 1548 pervenit,
467 1508 561 1550 quod,
579 1509 767 1551 procedente
782 1521 883 1554 nuper
899 1512 930 1543 in
947 1515 1040 1545 causa

298 1559 510 1593 ecclesiastica
543 1561 572 1593 in
605 1562 728 1595 civitate
754 1563 952 1597 Ulixbonensi
983 1576 1059 1608 pro,

298 1612 344 1644 sui
371 1613 511 1645 muneris
528 1615 712 1647 auctoritate
730 1617 916 1649 venerabilis
937 1618 1041 1650 fratris
1057 1652 1059 1660 y

297 1664 413 1698 Octavii
426 1667 563 1711 episcopi
580 1668 909 1712 Forosemproniensis
924 1671 1038 1704 iurium

297 1724 326 1750 et
350 1719 525 1762 spoliorum
551 1732 693 1754 camerae
718 1723 907 1766 apostolicae
924 1724 1058 1763 debito-,

295 1782 366 1804 rum
394 1773 423 1805 in
452 1774 661 1817 Portugalliac
685 1780 713 1809 ct
739 1777 959 1819 Algarbioium
990 1789 1040 1810 re-

295 1825 347 1866 gni
366 1826 544 1859 collectoris
562 1828 717 1869 generalis
734 1830 877 1862 auditore
895 1835 922 1862 et
938 1831 1039 1863 iudice

293 1877 453 1921 delegato,
474 1890 545 1912 cum
571 1891 644 1923 pars
669 1881 764 1914 altera
790 1882 826 1914 ad
853 1882 971 1915 iudices
996 1894 1039 1915 se-

294 1931 416 1964 culares
441 1938 559 1965 temere
580 1944 744 1967 recursum
766 1935 941 1972 habuisset,
962 1937 1040 1969 iudi—

295 1994 346 2016 ces
370 1985 565 2026 huiusmodi,
583 1992 611 2018 et
630 1988 832 2030 postmodum
851 1989 902 2021 alii
921 1990 1038 2032 pariter
1054 2021 1055 2036 ἶ

294 2038 468 2079 seculares,
493 2049 556 2072 non
589 2041 690 2073 solum
724 2047 833 2074 contra
860 2043 1036 2076 auditorem

293 2091 487 2133 praedictum
502 2119 510 2133 ‚
541 2093 593 2125 sed
625 2094 717 2126 etiam
750 2100 859 2127 contra
891 2096 1035 2129 eumdem
1053 2124 1055 2132 ,

293 2143 453 2177 Octavium
477 2145 660 2188 episcopum
678 2150 708 2180 et
724 2147 926 2180 collectorem
951 2159 1037 2181 occa-

293 2196 380 2228 sione
393 2196 493 2229 dictae
508 2208 620 2230 causae
634 2199 698 2230 suis
712 2199 833 2232 iniustis
847 2204 877 2233 et
894 2201 1035 2234 invalidis

292 2248 427 2281 decretis
443 2260 479 2282 ac
496 2250 659 2290 mandatis,
676 2257 785 2284 eontra
803 2252 1034 2286 immunitatem

291 2312 326 2333 ac
367 2302 542 2335 libertatem
580 2304 821 2336 ecclesiasticam
857 2307 1013 2338 attentatis
1027 2334 1034 2347 ,

292 2353 538 2388 iurisdictionem
576 2357 695 2400 pariter
730 2358 972 2391 ecclesiasticam
1006 2365 1032 2391 et
1051 2366 1052 2391 t

291 2412 415 2440 sanctae
429 2408 517 2441 Sedis
534 2409 731 2452 Apostolicac
749 2410 897 2443 officiales
912 2417 1035 2454 pertur-

290 2459 393 2493 bando
413 2466 441 2493 et
463 2462 674 2505 impediendo,
688 2464 860 2506 procedere
876 2474 1034 2507 prae-sum-
1050 2474 1051 2479 ¹

289 2518 465 2555 pserunt,et
477 2514 516 2547 ad
525 2515 681 2558 quoddam
693 2516 794 2548 eidem
804 2516 1033 2550 ecclesiasticae

291 2565 425 2600 libertati
443 2571 473 2600 et
490 2567 678 2600 immunitati
705 2570 840 2601 maxime
864 2570 1032 2603 adversans
1050 2606 1051 2613 ἵ

290 2617 450 2651 decretum
478 2620 680 2657 devenerunt,
702 2633 758 2665 per
783 2622 866 2665 quod
891 2617 1051 2655 decrero-¹

330 2681 338 2706 l
359 2680 396 2707 Ex
412 2681 520 2716 Regest.
537 2683 563 2709 in
578 2683 679 2710 Secret.
697 2683 833 2711 Brevium.
1049 2689 1051 2702 ¹

1732 292 1795 325 405

1085 351 1177 383 runt,
1204 352 1233 378 ut
1267 346 1383 379 Octavii
1417 347 1555 391 episcopi
1589 354 1618 381 ct
1649 349 1826 383 collectoris

1085 398 1262 431 huiusmodi
1289 400 1426 431 iumenta
1451 406 1480 432 et
1505 401 1562 433 illi¹
1587 402 1758 435 servientes
1779 414 1826 435 ca-

1084 457 1233 493 perentur
1261 453 1318 485 nisi
1345 464 1360 485 a
1385 454 1511 487 servitio
1537 456 1603 487 cius
1628 455 1825 496 desisterent,

1083 509 1112 536 et
1142 514 1180 536 nc
1210 506 1359 547 pecuniae
1393 517 1522 540 suorum
1555 508 1782 551 stipendiorum
1809 520 1825 541 a

1065 556 1278 602 3ssmsaurario
1304 569 1447 592 camerae
1471 561 1659 604 apostolieae
1680 562 1707 594 ei
1729 563 1825 595 solve-

1083 613 1202 648 rentur,
1220 620 1321 653 nequc
1339 612 1427 654 panis
1445 612 1487 644 illi
1507 613 1704 653 venderetur,
1719 620 1749 647 et
1764 615 1824 647 alia

1082 661 1206 702 similia,
1218 663 1301 695 unde
1319 664 1348 696 in
1367 665 1433 697 cius
1450 667 1690 709 exequutionem
1708 668 1822 701 factum

1083 714 1159 754 fuit,
1191 719 1223 748 ut
1259 726 1321 749 non
1355 717 1455 750 solum
1492 718 1665 752 iumentum
1703 722 1823 764 aquarii

1082 772 1216 810 captum,
1235 772 1264 801 et
1281 769 1442 802 familiaris
1458 770 1530 803 dicti
1549 771 1666 805 Octavii
1683 773 1822 818 episcopi

1081 824 1108 851 et
1135 821 1312 853 collectoris
1337 822 1469 855 clericus
1494 824 1696 857 beneficiatus
1717 826 1823 861 babitu

1081 877 1110 904 et
1135 876 1266 906 tonsura
1284 874 1407 917 publice
1424 886 1440 907 a
1460 876 1645 909 satellitibus
1662 883 1821 922 tamquam

1081 925 1150 958 vilis
1174 926 1357 959 malefactor
1374 927 1527 961 violenter
1544 929 1687 962 similiter
1704 937 1821 974 captus,

1080 977 1133 1009 sed
1151 978 1244 1010 etiam
1260 979 1373 1011 domus
1390 980 1529 1013 eiusdem
1548 981 1662 1014 Octavii
1684 984 1821 1028 episcopi

1079 1037 1108 1063 et
1126 1032 1304 1066 collectoris
1319 1034 1357 1066 ab
1374 1034 1483 1067 iisdem
1499 1036 1683 1069 satellitibus
1696 1037 1821 1071 obsessa

1079 1084 1188 1124 suerit,
1219 1087 1333 1129 spretis
1362 1087 1501 1120 ciusdem
1534 1088 1649 1121 Octavii
1682 1091 1821 1134 episcopi

1078 1143 1106 1170 et
1133 1139 1312 1172 collectoris
1338 1140 1368 1172 in
1393 1142 1577 1174 sententiam
1610 1145 1822 1176 excommuni-

1078 1191 1208 1225 cationis
1233 1198 1260 1224 et
1287 1192 1362 1225 alias
1379 1195 1605 1228 ecclesiasticas
1627 1206 1775 1230 censuras
1791 1203 1819 1230 et

1077 1254 1196 1288 poenas
1216 1245 1361 1279 incursus
1386 1247 1659 1288 declarationibus,
1680 1256 1707 1281 et
1730 1250 1821 1283 inter-

1076 1297 1150 1330 dicti
1175 1299 1376 1332 ecclesiastici
1401 1301 1610 1344 appositione,
1635 1303 1722 1344 gravi
1747 1314 1818 1335 cum

1076 1351 1221 1384 scandalo
1246 1352 1340 1385 totius
1363 1353 1495 1386 civitatis
1519 1360 1547 1386 ct
1573 1355 1694 1387 divinae
1723 1357 1817 1389 maie-

1076 1404 1162 1436 statis
1186 1405 1305 1438 oss'ensa
1330 1407 1476 1449 graviori.

1120 1457 1134 1499 ξ
1156 1457 1184 1489 9..
1206 1458 1417 1496 Quamobrem
1438 1470 1505 1497 nos,
1521 1461 1573 1503 qui
1593 1462 1623 1493 in
1640 1462 1718 1494 Sede
1736 1462 1817 1495 beati

1058 1509 1158 1541 ÷Petri
1183 1521 1374 1554 quamquam
1400 1512 1549 1545 immeriti
1573 1524 1588 1545 a
1614 1514 1745 1547 Domino
1767 1526 1819 1558 po-

1075 1562 1124 1594 siti
1150 1574 1268 1601 sumus,
1286 1575 1324 1596 ne
1343 1575 1487 1597 excessus
1508 1567 1698 1607 huiusmodi,
1716 1579 1751 1599 ac
1772 1580 1818 1601 ec-

1075 1615 1263 1648 clesiasticae
1290 1617 1441 1651 libertatis
1466 1625 1492 1651 ct
1522 1620 1726 1653 imnumitatis
1755 1627 1816 1654 tam

1075 1670 1214 1701 enormis
1242 1670 1366 1704 violatio
1388 1671 1602 1705 dissimuletur
1627 1678 1655 1707 et
1681 1680 1814 1707 transeat

1075 1723 1104 1754 iu
1131 1724 1319 1766 exemplum,
1344 1735 1402 1767 pro
1426 1727 1524 1758 nostri
1542 1728 1706 1769 pastoralis
1722 1729 1815 1760 ollicii

1056 1770 1179 1808 *debito
1204 1777 1380 1820 providere,
1402 1784 1428 1809 et
1452 1780 1606 1812 malorum
1634 1782 1815 1822 graviorum

1056 1819 1211 1871 ³scgetcm
1239 1837 1266 1862 ct
1293 1831 1441 1870 radicem,
1467 1839 1617 1875 quantum
1642 1845 1659 1866 a
1684 1835 1816 1868 Domino

1056 1883 1275 1925 permittitur,
1299 1887 1407 1917 nostra
1433 1887 1616 1920 auctoritate
1642 1889 1815 1931 apostolica

1055 1936 1206 1983 :evellere
1232 1938 1381 1979 volentes,
1407 1945 1492 1972 motu
1518 1941 1664 1984 proprio,
1690 1952 1752 1974 non
1777 1943 1815 1974 ad

1072 1989 1204 2022 alicuius
1222 1991 1312 2023 uobis
1329 2003 1424 2035 super
1441 1993 1499 2026 boc
1518 1994 1640 2026 oblatae
1656 1995 1815 2038 petitionis

1072 2043 1268 2084 instantiam,
1287 2045 1339 2077 scd
1358 2056 1393 2078 cx
1412 2049 1497 2078 certa
1516 2048 1645 2080 seientia
1665 2058 1699 2080 ac
1725 2051 1812 2081 mera

1071 2096 1296 2130 deliberatione
1328 2100 1444 2131 nostris
1458 2127 1465 2139 ,
1493 2100 1592 2143 deque
1625 2102 1813 2144 apostolicae

1053 2150 1232 2192 tpotestatis
1265 2151 1475 2194 plenitudine,
1501 2154 1605 2186 onmia
1633 2160 1661 2187 et
1691 2155 1812 2195 singula

1070 2204 1241 2246 praemissa
1267 2210 1293 2237 et
1320 2206 1380 2237 alia
1405 2206 1518 2238 similia
1542 2218 1559 2239 a
1584 2209 1751 2250 praedictis
1770 2209 1813 2240 di-

1052 2248 1192 2292 Jctorum
1219 2268 1389 2300 regnorum
1416 2259 1571 2292 iudicibus
1600 2262 1811 2297 secularibus,

1069 2309 1162 2340 etiam
1187 2311 1354 2353 supremis,
1379 2323 1578 2356 quocumque
1603 2314 1747 2350 nomine,
1773 2315 1811 2346 ti-

1070 2361 1143 2401 tulo,
1168 2364 1386 2405 praerogativa
1405 2368 1433 2397 et
1450 2365 1548 2405 gradu
1576 2366 1761 2408 insignibus,
1781 2367 1810 2399 in

1069 2416 1161 2446 causa
1179 2414 1358 2448 huiusmodi
1377 2422 1405 2448 et
1423 2418 1489 2449 eius
1509 2419 1684 2457 occasione,
1703 2425 1810 2452 contra

1068 2465 1229 2499 Octavium
1256 2469 1437 2512 episcopum
1455 2475 1483 2502 et
1501 2471 1701 2505 collectorem
1723 2484 1813 2516 prac-

1067 2519 1196 2556 ‹lictum,
1211 2521 1340 2564 eiusque
1354 2522 1541 2563 auditorem,
1553 2535 1607 2556 scu
1620 2525 1810 2568 delegatum,

1067 2572 1237 2609 officiales,
1268 2574 1445 2615 ministros,
1479 2577 1669 2614 familiares,
1700 2589 1750 2610 res
1782 2586 1810 2611 et

1066 2624 1158 2665 bona,
1183 2636 1383 2670 quocumque
1408 2635 1570 2671 praetextu
1595 2631 1642 2662 vcl
1668 2632 1809 2675 quaesito

1104 2688 1112 2712 1
1132 2686 1277 2722 perperam
1298 2688 1362 2715 edit.
1386 2689 1462 2716 nain.
1485 2690 1546 2726 tegit
1564 2691 1623 2718 mis
1642 2693 1741 2728 (mm.
1783 2683 1786 2685 ’

1843 304 1892 329 Αιί,
1911 304 1937 328 (ἶ.
1957 305 2023 332 tot?

1904 1476 2016 1497 Praetutia

1833 1504 1902 1523 samia
1917 1505 2017 1524 rescindit

1834 1529 1917 1549 Paulus.
