2293 3231
5 269 13 289 ὅ

3 316 15 330 “
152 313 200 340 An.
218 310 331 339 (3.1614
1000 297 1116 324 munis
1141 297 1159 320 v
1186 296 1232 320 pr.
1767 274 1828 309 267
1876 283 1925 308 Αη,
1946 281 1963 305 c
1990 281 2057 307 tait

0 332 21 382 ς
353 357 435 390 beati
459 355 542 388 Petri
567 362 747 387 successore
779 351 916 384 Romano
942 348 1090 381 pontifice
1123 343 1389 378 eirmuuseruntur
1403 337 1569 372 ritualibus
1591 334 1749 373 consultis,
1762 343 1862 376 coque

0 406 16 671 ι
353 413 555 453 congregata,
575 417 669 439 unum
695 403 846 449 psallendi
865 408 893 434 et
912 400 1021 434 orandi
1040 410 1091 432 or-
1125 399 1155 430 in
1176 397 1296 440 primis,
1314 393 1397 438 quod
1414 393 1462 425 vir
1481 389 1631 433 singulari
1650 386 1774 432 pietatis
1797 386 1863 418 zelo

353 463 480 502 dinem,
505 465 655 504 quantum
689 470 759 491 cum
793 456 923 489 Domino
948 458 1091 498 poterat,
1125 457 1153 484 ct
1179 450 1319 483 doctrina
1344 448 1446 481 bonae
1465 444 1633 478 memoriae
1650 442 1747 474 lulius
1770 442 1864 472 Anto-

354 520 495 556 teneret,
525 513 716 547 breviarium
750 511 888 555 primum
920 513 950 541 et
980 505 1092 539 deinde
1126 504 1196 536 nius
1221 502 1249 535 S.
1264 502 1297 534 R.
1317 501 1349 534 E.
1368 498 1535 533 cardinalis
1552 497 1580 529 S.
1599 494 1767 529 Severinae
1790 501 1866 524 nun-

355 570 480 603 missale
504 569 653 607 Romana,
668 566 765 599 multo
785 562 888 597 studio
912 566 942 594 et
966 559 1095 602 diligen·
1126 561 1258 599 cupatus
1275 555 1369 596 longo
1395 551 1497 585 studio
1526 549 1685 592 multaque
1713 545 1866 579 industria

356 623 397 656 tia
410 622 580 661 elaborata,
597 619 746 665 pastorali
760 614 958 662 providentia
974 611 1094 646 edenda
1127 614 1157 642 et
1182 608 1288 640 labore
1313 604 1530 650 plenissimum
1555 603 1786 645 composuerat,
1811 608 1864 630 re-

0 684 14 707 Γ
357 674 502 709 censuit¹.
1128 662 1249 704 busque
1274 658 1420 692 omnibus
1437 662 1559 689 mature
1584 652 1800 691 consideratis,
1817 650 1868 683 de-

246 742 342 764 Clemens
402 729 417 772 §
440 727 469 762 2.
494 727 589 761 Cuius
621 726 751 768 vestigia
782 723 892 757 eodem
926 718 1095 764 sapientiae
1129 725 1215 748 mum
1232 713 1336 746 divina
1352 711 1532 755 adspirante
1557 707 1733 746 clementia,
1751 706 1868 748 quanta

158 769 342 819 K'llelssffiffilss
358 781 471 826 spiritu
488 785 613 814 secutus
635 779 745 812 similis
762 775 934 811 memoriae
954 773 1097 807 Clemens
1129 766 1268 812 oportuit
1292 765 1454 803 brevitate,
1472 762 1584 795 rituale
1609 760 1820 797 confecerunt,
1837 755 1869 788 in

1130 831 1194 865 quo
1218 830 1290 853 cum
1315 822 1458 861 receptos
1478 821 1507 849 et
1531 814 1723 859 approbatos
1739 809 1871 845 Catholi-

157 823 344 877 {3230533333333
360 836 442 879 Papa
458 834 534 873 vlu,
552 834 644 866 etiam
662 831 887 877 praedecessor
903 831 1021 865 noster,
1034 834 1097 857 non

1131 885 1184 908 cae
1211 872 1366 906 Ecclesiae
1403 871 1481 903 ritus
1516 879 1572 901 suo
1597 867 1707 901 ordine
1733 865 1871 907 digestos

1132 926 1399 971 conspexerimus,
1417 923 1493 957 illud
1510 923 1569 955 sub
1583 921 1709 954 nomine.
1726 917 1872 953 Ritualis

159 879 203 898 ‘¹¹²³
218 876 293 898 ‘'d'dn'
359 889 460 922 solum
481 887 640 931 episcopis
662 890 691 918 et
716 882 918 917 inferioribus
940 877 1098 912 Ecclesiae

360 941 506 985 praelatis
537 943 681 972 accurate
710 937 888 970 restitutum
919 930 1099 977 pontificale

1132 981 1274 1016 Romam·
1298 978 1411 1012 merito
1435 975 1591 1010 edendum
1617 973 1744 1018 publico
1765 971 1872 1004 Eccle-

1133 1035 1196 1067 siae
1213 1034 1267 1066 Dei
1285 1033 1367 1065 bono
1385 1028 1599 1064 iudicavimus.

360 994 474 1034 dedit‘2,
499 994 552 1027 sed
576 993 671 1026 etiam
695 991 874 1034 complui-cs
899 987 975 1020 alias
1000 986 1031 1018 in
1053 995 1100 1017 ea-

1178 1089 1193 1131 ξ
1216 1086 1245 1119 4.
1270 1086 1469 1129 Quapropter
1494 1083 1660 1115 hortamur
1684 1079 1715 1111 in
1740 1077 1873 1112 Domino
1926 1084 2035 1104 praetatos
2052 1086 2076 1103 ει

4 779 13 830 3

0 830 15 852 Ῐ-ῑε

4 855 21 1053 ἒ

5 1061 30 1094 ,ινΥ

6 1100 23 1122 5.

362 1047 555 1081 thcdralibus
573 1051 600 1078 et
618 1044 821 1078 inferioribus
841 1040 981 1075 ecclesiis
998 1048 1101 1072 caere-

1889 1111 1941 1131 alios
1963 1114 1986 1130 ιιι
2005 1111 2024 1130 in
2040 1115 2073 1130 sa-

362 1100 492 1136 monias,
521 1099 721 1143 promulgato
750 1093 989 1130 caeremoniali,
1015 1091 1100 1125 ordi-

364 1154 474 1187 navit?
1135 1139 1330 1174 venerabiles
1350 1138 1463 1170 fratres
1487 1134 1692 1179 patriarchas,
1708 1130 1875 1174 archiepis·
1889 1138 1930 1185 ἐξὲξ
1945 1137 2075 1183 θζυιὲιὶξξῗυῑὲ

233 1221 270 1242 {tir
286 1220 346 1241 moth]
408 1210 422 1251 ξ
445 1206 474 1240 3.
501 1206 554 1239 His
585 1206 626 1238 ita
658 1203 856 1243 constitutis,
886 1200 1043 1239 restabat,
1069 1202 1102 1230 ut
1135 1204 1243 1238 copos,
1267 1192 1446 1236 episcopos,
1464 1194 1492 1221 et
1518 1188 1650 1220 dilectos
1665 1185 1747 1218 filios
1763 1194 1873 1217 eorum
1889 1191 1993 1211 hortatur>

163 1248 425 1295 l'ffiffissffianlltuno
455 1260 549 1293 etiam
582 1257 739 1291 volumine
770 1252 989 1298 comprehensi
1022 1250 1101 1284 sacri
1136 1247 1280 1285 vicarios,
1306 1256 1362 1278 nec
1387 1254 1450 1277 non
1475 1242 1613 1281 abbates,
1628 1239 1785 1284 parochos
1808 1237 1876 1270 uni-

1136 1311 1255 1340 versos,
1272 1299 1391 1342 ubique
1403 1299 1546 1331 locorum
1561 1294 1739 1332 existentes,
1753 1296 1783 1325 et
1798 1291 1875 1324 alios

164 1300 349 1348 ll'ssillsssflliffie'
364 1319 394 1348 et.
411 1314 523 1347 sinceri
541 1312 696 1346 Ecclesiae
712 1310 887 1344 Catholicae
901 1308 988 1347 ritus,
1002 1305 1055 1349 qui
1073 1304 1103 1337 in

1137 1355 1175 1387 ad
1200 1364 1280 1397 quos
1304 1356 1433 1396 spectat,
1446 1355 1478 1383 ut
1494 1350 1525 1382 in
1542 1353 1703 1392 posterum
1718 1351 1877 1388 tamquam

1138 1407 1293 1441 Ecclesiae
1320 1406 1478 1439 Romanae
1490 1402 1545 1435 tilii
1560 1400 1698 1434 eiusdem
1721 1397 1876 1431 Ecclesiae

163 1354 348 1401 ss‘ia'nd‘ii-servar'
365 1372 634 1401 sacramentorum
671 1362 940 1397 administratione
973 1360 1103 1402 aliisque

1138 1461 1279 1495 omnium
1303 1458 1412 1492 matris
1442 1462 1472 1490 et
1500 1455 1669 1498 magistrae
1694 1451 1878 1485 auctoritate

1139 1513 1309 1547 constituto
1342 1510 1447 1544 rituali
1480 1509 1510 1541 in
1543 1507 1641 1540 sacris
1666 1503 1879 1538 functionibus

366 1420 585 1454 ecclesiasticis
610 1417 822 1452 functionibus
846 1414 964 1447 servari
989 1413 1105 1445 debent

1140 1572 1287 1605 utantur,
1311 1570 1342 1597 et
1370 1564 1402 1596 in
1433 1573 1467 1595 re
1498 1561 1575 1594 tanti
1600 1558 1771 1598 momenti,
1800 1566 1880 1600 quae

364 1474 402 1507 ab
428 1474 464 1506 iis
486 1473 539 1517 qui
564 1482 671 1505 euram
690 1471 864 1503 animarum
886 1471 1009 1510 gerunt,
1027 1466 1106 1509 Apo-

366 1527 493 1560 stolicac
523 1525 611 1559 Sedis
639 1523 824 1557 auctoritate
858 1520 1042 1564 prodirent,
1068 1518 1105 1550 ad

365 1581 455 1613 cuius
468 1579 636 1613 voluminis
653 1576 894 1621 praescriptum,
912 1574 942 1606 in
958 1575 1043 1606 tanta
1069 1572 1106 1604 ri-

1140 1619 1298 1653 Catholica
1316 1616 1455 1650 Ecclesia
1471 1620 1501 1647 et
1519 1614 1556 1646 ab
1578 1615 1613 1646 ea
1634 1612 1788 1657 probatus
1804 1619 1881 1642 usus

1141 1671 1335 1716 antiquitatis
1351 1670 1467 1709 statuit,
1484 1667 1631 1700 inviolate
1655 1666 1835 1699 observent.

1185 1728 1296 1760 Datum
1320 1723 1457 1765 Tusculi,
1481 1723 1539 1756 sub
1565 1721 1680 1754 annulo
1704 1717 1882 1756 piscatoris,

367 1633 495 1666 tualium
521 1630 739 1669 multitudine,
766 1639 820 1661 sua
845 1627 888 1659 illi
914 1625 1106 1664 ministeria,

367 1692 527 1730 tamquam
540 1685 579 1718 ad
596 1684 757 1728 publicam
774 1687 802 1715 et
819 1681 1018 1723 obsignatam
1038 1689 1108 1711 nor-

1142 1781 1191 1813 die
1216 1790 1258 1812 xx
1281 1777 1374 1812 iunii¹
1395 1786 1533 1817 MDCXIV,
1558 1773 1760 1819 pontificatus
1784 1770 1883 1804 nostri

1143 1844 1225 1867 anno
1249 1843 1278 1866 x.

368 1751 461 1780 mam,
481 1743 681 1783 peragerent,
694 1747 819 1780 unoque
837 1746 871 1768 ac
893 1734 977 1767 fideli
1002 1733 1107 1772 ductu,

1181 1896 1238 1923 Dat.
1260 1895 1304 1922 die
1323 1893 1358 1922 20
1377 1892 1445 1920 iunii
1465 1891 1543 1924 1614,
1565 1889 1660 1926 pontif.
1682 1896 1727 1915 an.
1748 1894 1774 1914 x.

368 1792 522 1826 inoffenso
535 1792 625 1836 pede,
639 1790 838 1824 ambularent
855 1798 925 1820 cum
943 1797 1107 1820 consensu.

368 1845 457 1885 Quod
469 1855 542 1878 sane
556 1843 745 1888 iampridem
761 1842 913 1885 agitatum
930 1839 1108 1883 negocium,

369 1904 479 1944 postca
491 1909 584 1942 quam
595 1896 790 1941 generalium
805 1894 1012 1928 conciliorum
1021 1903 1111 1936 grae-

371 1963 406 1987 ce
428 1952 586 1996 latineque
610 1950 715 1984 divina
737 1949 838 1993 gratia
855 1948 1012 1982 editorum
1029 1957 1110 1990 opus

371 2005 489 2039 morari
509 2004 630 2044 desivit,
645 2003 777 2036 sollicite
797 2011 912 2044 urgere
928 2000 1029 2034 nostri
1045 2010 1112 2032 mu-

372 2058 457 2091 neris
480 2068 548 2090 esse
573 2056 830 2090 existimavimus.
849 2055 888 2087 Ut
904 2057 1008 2088 autem
1026 2057 1111 2086 recte

373 2116 403 2144 et
427 2110 547 2151 ordine,
565 2115 599 2142 ut
621 2119 679 2153 par
694 2113 771 2149 erat,
789 2118 839 2141 res
862 2112 1020 2150 ageretur,
1038 2115 1113 2139 non-

372 2164 467 2198 nullis
491 2175 528 2197 ex
554 2162 783 2196 venerabilibus
817 2161 970 2195 fratribus
997 2159 1113 2193 nostris

374 2218 403 2251 S.
418 2219 452 2251 R.
471 2218 504 2250 E.
523 2216 744 2256 cardinalibus,
766 2216 890 2258 pietate,
914 2213 1057 2247 doctrina
1083 2217 1111 2245 et

376 2271 543 2316 prudentia
568 2269 812 2314 praestantibus,
830 2278 898 2300 eam
916 2265 1115 2299 demandavi-

376 2335 455 2366 mus,
480 2324 534 2368 qui
559 2335 631 2357 cuin
655 2322 786 2355 consilio
809 2320 1005 2354 eruditorum
1036 2320 1115 2352 viro-

377 2389 458 2419 rum,
480 2377 575 2410 variis
603 2375 790 2421 praesertim
822 2373 958 2416 antiquis
982 2377 1013 2405 et
1035 2382 1114 2415 quae

8 1792 35 1898 asta-s,
15 1684 17 1686 -
8 1667 10 1669 v

1463 2067 1569 2101 CCLII.

1147 2160 1295 2194 Monetur
1317 2159 1482 2203 episcopus
1506 2153 1716 2194 Genetensis²‚
1744 2164 1784 2186 ne
1807 2151 1888 2196 quid

1191 2214 1232 2246 ab
1248 2213 1330 2252 ullo,
1345 2212 1382 2244 in
1394 2221 1472 2243 suae
1488 2209 1638 2243 ecclesiae
1653 2211 1681 2241 el
1698 2206 1789 2240 Sedis
1802 2206 1888 2248 Apo-

1192 2266 1323 2299 scoticae
1341 2263 1595 2308 praeiudicium,
1612 2259 1769 2294 attentari
1780 2258 1889 2302 patia—

1193 2323 1265 2357 tur,
1291 2322 1348 2351 atet
1372 2326 1562 2350 consensum
1584 2318 1724 2358 praestet
1736 2312 1755 2344 ³.

1188 2436 1197 2461 1
1217 2433 1287 2460 Edit.
1300 2433 1379 2460 Main.
1394 2432 1461 2467 legit
1476 2432 1543 2459 iulii
1558 2431 1584 2458 in
1600 2434 1687 2462 textu3
1699 2429 1746 2456 sed
1762 2429 1786 2455 in
1803 2436 1888 2463 marg.

416 2487 425 2512 l
448 2485 540 2512 Const.
566 2483 603 2510 Pii
620 2483 636 2508 V
659 2482 774 2509 habetur
789 2480 815 2507 in
839 2484 904 2507 tom.
922 2486 966 2512 vu,
984 2486 1043 2515 pag.
1065 2477 1116 2505 839
1151 2478 1232 2505 habet
1250 2478 1329 2505 'iwzii
1348 2477 1418 2504 sicut
1435 2477 1501 2504 edit.
1523 2475 1641 2502 Cherub.
1657 2479 1695 2509 (a.
1711 2479 1747 2504 T).

377 2529 415 2565 (a.
430 2528 479 2564 τ.).
1185 2523 1202 2549 2
1216 2522 1281 2549 Vide
1296 2522 1329 2549 de
1345 2521 1395 2548 hac
1410 2529 1440 2548 re
1456 2521 1545 2548 Const.
1562 2526 1676 2553 cchvn,
1693 2519 1776 2546 Clem.
1796 2525 1845 2545 vni
1864 2518 1891 2544 in

412 2574 430 2601 2
448 2573 513 2601 Vide
536 2572 656 2600 eiusdem
679 2570 764 2599 Clem.
787 2569 843 2597 Vlll
867 2569 957 2596 Consi.
983 2574 1063 2596 cxxii!
1091 2569 1117 2596 in
1152 2570 1217 2594 tom.
1233 2575 1259 2600 x,
1285 2574 1345 2601 pag.
1362 2566 1428 2598 663;
1449 2565 1513 2592 item
1531 2564 1651 2591 eiusdem
1677 2564 1770 2591 Const.
1795 2568 1892 2590 cecant

378 2622 444 2646 tom.
464 2626 490 2650 x.
511 2626 572 2653 pag.
588 2617 640 2644 246
654 2617 691 2651 (a.
710 2617 758 2649 T.).
1152 2612 1178 2638 in
1198 2615 1262 2638 tom.
1279 2617 1316 2644 xi,
1332 2618 1392 2645 pag.
1409 2610 1440 2640 5,
1461 2613 1489 2636 et
1512 2609 1590 2636 Pauli
1612 2608 1631 2634 V
1651 2608 1741 2635 Const.
1762 2613 1849 2635 ccxxii
1864 2606 1891 2633 in

414 2662 432 2689 3
446 2661 480 2689 Et
493 2661 544 2689 hoc
553 2661 616 2688 fecit
625 2661 652 2687 in
662 2668 713 2687 sua
722 2660 813 2687 Const.
825 2664 928 2691 ccxxtV,
941 2665 1022 2692 quam
1035 2657 1118 2684 habes
1152 2660 1216 2684 tom.
1229 2662 1265 2687 xt,
1278 2662 1337 2690 pag.
1350 2654 1419 2686 6703
1435 2657 1461 2680 et
1470 2662 1542 2689 sup.,
1555 2661 1617 2688 pag.
1628 2653 1680 2680 240
1690 2653 1718 2680 h.
1732 2653 1783 2679 vol.
1795 2653 1830 2688 (a.
1844 2654 1888 2684 Τ.).

381 2706 410 2733 in
428 2709 493 2734 tom.
508 2713 534 2741 x,
550 2713 610 2741 pag.
627 2705 677 2733 597
693 2704 790 2740 (n.'t'.).
1135 2722 1136 2725 ,
1188 2700 1206 2727 3
1224 2699 1262 2726 Ex
1282 2699 1388 2734 Regest.
1409 2698 1437 2725 in
1457 2697 1557 2725 Secret.
1579 2697 1656 2724 Brev.

15 2513 35 2566 Μ’
19 2492 28 2499 ⁸
23 2471 28 2478 -
20 2449 33 2459 ἡ
12 2420 37 2440 ’κς
9 2118 39 2410 ν’»ᾆέῃῐζῆἓ-,ψὲβσμζῖᾙῦ
10 2091 25 2105 Ὺ
10 2031 28 2063 ,¹¹
9 1925 31 2018 *³:522*
16 1907 22 1914 -
