2293 3231
301 266 349 291 Au.
367 266 396 291 C.
416 265 484 292 15¹3

314 594 484 619 Deroaatiocon-

302 624 420 642 uariorum.

333 2037 474 2059 Prooemium.

405 2406 496 2427 praeces

308 2439 346 2460 pro
357 2434 496 2454 contii-matio-

309 2466 334 2481 no
371 2460 495 2489 privilegio-

530 256 592 289 ἐὰν]

499 314 614 347 cultate
639 319 666 345 et
693 313 892 350 auctoritate)
918 312 1034 356 ubique
1061 313 1191 345 iudicari
1213 318 1242 345 et

499 367 622 399 deliniri
648 366 779 401 debere:
799 365 923 398 irritum
947 375 1073 408 quoque
1097 370 1126 399 et
1153 365 1243 398 inane

499 419 651 463 quidquid
677 429 766 450 secus
784 428 879 461 super
897 418 945 450 liis
961 428 977 450 a
995 428 1154 461 quoquam
1171 429 1244 462 qua-

500 473 544 505 vis
572 472 777 510 auctoritate,
804 471 939 504 scienter
965 472 1010 503 vel
1040 472 1242 515 ignoranter,

499 526 664 569 eontigerit
690 526 844 559 attentari.

550 583 564 620 ,ξ
593 580 621 611 5
655 580 722 612 Non
746 579 943 612 obstantibus
967 579 1244 613 constitutionibus

499 639 526 665 et
547 632 799 666 ordinationibus
815 632 1006 676 apostolicis,
1025 644 1080 666 uec
1099 643 1161 666 non
1180 633 1245 666 uni-

499 686 681 719 versitatum
692 686 924 730 praedictarum
937 686 1044 728 (etiam
1055 686 1243 727 iuramento,

499 740 739 774 confirmatione
763 741 936 785 apostoliea
952 741 999 773 vel
1015 741 1125 785 quavis
1149 741 1244 774 tirmi-

500 799 561 826 tate
585 794 646 827 alia
671 793 847 837 roboratis)
874 794 996 827 statutis
1021 799 1049 827 et
1076 800 1244 828 consuetu-

499 847 635 888 dinibus,
652 847 827 892 privilegiis
844 858 982 892 quoque,
1003 848 1133 881 indultis
1150 853 1179 881 et
1199 848 1245 881 lit-

500 901 575 933 teris
592 901 775 945 apostolicis
793 901 823 934 in
841 901 1038 935 contrarium
1056 902 1244 945 praemisso-

499 965 570 987 rum
596 954 832 998 quomodolibet
856 955 1024 995 concessis,
1050 955 1244 988 contirmatis

500 1012 527 1039 et
546 1007 745 1050 approbatis:
766 1008 880 1050 quibus
894 1007 1041 1040 omnibus
1055 1013 1084 1040 et
1101 1008 1244 1051 singulis,

500 1070 611 1093 eorum
635 1062 777 1093 omnium
803 1067 928 1094 tenores
952 1061 1170 1105 praesentibus
1187 1072 1244 1105 pro

501 1114 592 1157 plene
618 1120 646 1146 et
672 1115 866 1148 sufficienter
890 1115 1047 1158 expressis
1071 1115 1244 1155 babentes,

501 1167 561 1200 illis
581 1168 657 1200 alias
678 1168 707 1200 in
732 1180 790 1202 suo
808 1168 923 1202 robore
940 1168 1169 1212 permansuris,
1187 1169 1245 1201 bac

500 1221 566 1254 vice
580 1221 738 1255 dumtaxat
764 1222 944 1266 specialiter
969 1227 999 1254 et
1022 1231 1171 1265 expresse
1195 1222 1245 1254 de-

501 1285 673 1318 rogamus,
707 1276 882 1320 ceterisque
917 1276 1085 1309 contrariis
1113 1276 1244 1319 quibus-

502 1340 647 1372 cumque.

553 1382 664 1415 Datum
695 1383 811 1416 Romae
836 1383 918 1426 apud
944 1388 1084 1416 sanctam
1116 1383 1244 1416 Mariam

501 1435 661 1475 Maiorem,
675 1435 733 1468 sub
750 1437 866 1469 zumulo
883 1436 1059 1480 piscatoris,
1076 1436 1126 1469 die
1144 1446 1245 1469 xxviii

501 1490 691 1533 septembris
729 1500 870 1528 sinenti,
907 1490 1109 1533 pontificatus
1145 1490 1245 1523 nostri

501 1552 584 1576 anno
611 1553 650 1575 ix.

540 1605 596 1633 Dat.
614 1606 656 1633 die
676 1606 707 1633 18
721 1605 884 1641 septembris
902 1606 976 1637 1613,
992 1606 1086 1641 pontif.
1103 1614 1148 1633 an.
1166 1612 1197 1632 lx«

776 1723 980 1757 ccxxxvlll.

505 1793 717 1836 Confirmatio
739 1794 991 1838 privileyiorum
1021 1795 1248 1828 universitatis

547 1846 652 1879 studii
666 1847 829 1890 ρεπεν-(Λή
843 1848 987 1880 civitatis
1002 1846 1246 1882 Grac-oriensis&

745 1919 857 1946 Paulus
878 1919 957 1952 Papa
976 1919 1008 1951 V,

647 1965 682 1990 ad
703 1963 838 1990 futuram
858 1964 902 1990 rei
922 1963 1105 1990 memoriam.

557 2024 602 2057 Ad
627 2034 680 2064 ca,
705 2036 762 2068 per
786 2035 865 2068 quae
890 2025 1130 2058 universitatum
1155 2025 1248 2059 studii

507 2078 673 2122 generalis,
699 2078 781 2110 unde
807 2078 837 2110 in
863 2078 1001 2111 Ecclesia
1022 2078 1181 2112 Catliolica
1198 2078 1250 2111 do-

507 2132 627 2165 ctrinae
651 2131 772 2164 fructus
798 2131 911 2164 uberes
937 2131 1102 2175 percipere
1126 2132 1249 2165 assidue

507 2184 597 2225 solet,
616 2185 682 2217 iura
701 2186 940 2225 confirmantur,
961 2184 1095 2218 libenter
1119 2185 1250 2217 intendi-

509 2248 596 2278 mus,
622 2238 767 2282 ipsasque
792 2238 1012 2271 universitates
1037 2239 1196 2271 flavoribus
1221 2244 1247 2271 et

507 2291 618 2333 gratiis
642 2291 866 2334 prosequimur
891 2292 1087 2335 opportunis,
1108 2297 1203 2335 prout
1219 2292 1250 2324 in

509 2344 641 2378 Domino
666 2345 880 2388 conspicimus
904 2345 1072 2378 salubriter
1092 2345 1250 2389 expedire.

554 2400 569 2439 ,ξ
593 2398 622 2431 l.
649 2398 767 2442 Exponi
793 2398 948 2442 siquidem
973 2398 1066 2431 nobis
1090 2409 1192 2442 nuper
1212 2399 1252 2432 se-

509 2456 617 2484 cerunt
638 2451 825 2484 venerabilis
842 2452 938 2484 frater
955 2451 1122 2495 episeopus
1138 2452 1251 2485 Craco-

309 2493 354 2507 rum
378 2487 428 2507 huic
447 2492 496 2507 uni·
531 2504 536 2509 .

311 2513 407 2534 versitatt
443 2513 495 2534 alias

309 2545 466 2562 concessorum.

511 2504 624 2537 viensis
641 2509 669 2537 et
687 2504 791 2538 dilecti
810 2505 865 2537 lilii
887 2511 1028 2538 rectores
1040 2505 1252 2539 universitatis

510 2558 603 2590 studii
618 2559 775 2600 generalis
786 2558 919 2592 civitatis
928 2559 1154 2599 Cracoviensis,
1168 2559 1252 2603 quod

511 2611 578 2654 ipsa
601 2611 787 2644 universitas
812 2612 919 2645 multis
942 2622 978 2645 ac
1003 2612 1136 2645 diversis
1156 2612 1252 2656 privi-

548 2675 558 2699 1
578 2672 613 2700 Ex
629 2674 737 2709 Regest.
755 2674 780 2700 in
796 2674 898 2702 Secret.
913 2675 1044 2702 Breviuin.

1085 264 1264 289 mmmmm!
1288 263 1443 289 ROMANUM

1278 312 1368 356 legiis
1397 324 1414 345 a
1445 312 1604 356 plerisque
1637 313 1786 347 Romanis
1816 312 2019 348 Pontificibus

1278 365 1576 409 praedecessoribus
1606 367 1722 400 nostris
1749 377 1785 400 ac
1810 367 1938 411 regibus
1967 367 2021 400 Po-

1278 419 1380 451 loniae
1405 419 1463 452 sibi
1489 419 1646 452 concessis
1671 419 1802 463 gaudet,
1826 430 1917 464 quae,
1940 420 2019 453 sicut

1278 471 1413 505 aliorum
1438 471 1718 515 praedecessorum
1743 478 1926 506 nostrorum
1950 482 2022 506 con—

1279 525 1456 559 firmatione
1467 526 1614 559 roborata
1630 527 1728 565 tuere„
1743 526 1784 560 ita
1797 531 1826 559 et
1840 530 2021 561 nostrarum
2066 527 2071 533 ’

1278 578 1386 621 vigore
1418 579 1594 612 litterarum
1628 579 1818 613 communiri
1847 580 2020 623 plurimum

1278 631 1467 665 desiderant.
1492 632 1595 672 Quare
1612 632 1703 666 nobis
1721 633 1884 667 humiliter
1900 633 2022 677 suppli-

1279 686 1344 718 cari
1362 687 1513 725 t'eeerunt,
1530 691 1562 719 ut
1582 686 1612 719 in
1629 686 1811 730 praemissis
1823 690 2020 730 opportunae

1277 739 1527 774 confirmationis
1551 740 1685 783 gratiam
1710 740 1866 784 impertiri
1882 739 1921 773 de
1938 740 2022 774 beni-

1278 793 1394 835 gnitate
1412 793 1583 837 apostolica
1605 793 1820 837 dignaremur.

1323 848 1338 889 ξ
1362 846 1391 879 *2,
1417 847 1479 879 Nos
1505 846 1611 889 igitur,
1636 846 1786 880 honestae
1809 855 1922 880 eorum
1946 846 2022 890 peti—

1278 900 1372 933 tionis
1396 899 1585 943 aequitatem
1609 898 1816 940 attendentes,
1839 898 2021 933 huiusmodi

1279 952 1561 996 supplicationibus
1575 953 1724 993 inclinati,
1737 952 1844 986 omnia
1856 957 1886 985 et
1897 952 2021 996 singula

1278 1006 1454 1050 privilegia.
1473 1007 1644 1047 facultates,
1658 1006 1788 1046 indulta,
1805 1006 2022 1050 exemptiones

1279 1059 1381 1092 eidem
1397 1060 1593 1094 universitati
1610 1070 1668 1103 per
1679 1069 1899 1103 quoscumque
1911 1059 2023 1093 Roma-

1279 1123 1336 1147 nos
1361 1114 1538 1154 Pontifices,
1563 1113 1656 1146 etiam
1681 1113 1942 1157 praedecessores
1964 1122 2021 1146 no-

1279 1172 1361 1200 stros
1395 1172 1423 1200 et
1458 1167 1605 1200 Poloniae
1629 1177 1739 1211 regeS,
1768 1172 1803 1200 ut
1826 1166 2022 1211 praefertur,

1279 1231 1439 1261 concessa,
1464 1221 1650 1254 confirmata
1675 1226 1706 1253 et
1730 1220 1905 1264 approbata
1921 1220 2024 1263 (dum-

1280 1275 1374 1308 modo
1398 1280 1503 1307 tamcn
1528 1275 1590 1307 sint
1615 1275 1645 1307 in
1669 1284 1738 1315 usu,
1765 1279 1795 1307 et
1819 1273 1900 1307 sacri
1917 1273 2024 1307 Conci-

1280 1328 1311 1360 lii
1336 1327 1511 1361 Tridentini
1536 1327 1683 1367 decretis,
1707 1337 1743 1360 ae
1768 1326 1885 1360 nostris
1916 1331 1947 1360 et
1974 1336 2025 1360 eo-

1280 1381 1425 1413 rumdem
1451 1380 1732 1424 praedecessorum
1749 1379 2024 1413 constitutionibus

1280 1444 1342 1467 non
1356 1434 1572 1473 adversentur,
1589 1443 1647 1466 nec
1668 1438 1824 1473 revocata,
1848 1432 1896 1465 vel
1921 1432 1980 1466 sub
1995 1442 2025 1466 a·

1280 1487 1418 1531 liquibus
1428 1486 1682 1520 revocationibus
1695 1486 1925 1530 comprehensa
1937 1487 2024 1530 sint),

1280 1541 1452 1584 apostolica
1465 1541 1662 1581 auctoritate,
1676 1546 1785 1573 tenore
1799 1540 2024 1584 praesentium,

1280 1599 1434 1638 perpetuo
1459 1594 1686 1628 confirmamus
1703 1597 1733 1627 et
1749 1593 1974 1637 approbamus,
1992 1592 2026 1626 il·

1282 1648 1382 1692 lisque
1393 1647 1582 1681 inviolabilis
1599 1647 1792 1691 apostolieae
1804 1647 1964 1681 firmitatis
1977 1657 2026 1680 ro-

1280 1702 1341 1734 bur
1365 1701 1547 1741 adiicimns3
1572 1712 1608 1734 ae
1633 1711 1744 1734 omnes
1761 1706 1791 1734 et
1807 1701 1949 1744 singulos
1961 1705 2025 1734 tam

1282 1754 1358 1787 iuris
1383 1765 1478 1798 quam
1504 1754 1574 1787 sacti
1599 1754 1749 1794 desectus,
1769 1754 1795 1787 si
1819 1754 1874 1798 qui
1890 1754 2026 1798 desuper

1281 1807 1519 1852 quomodolibet
1550 1807 1798 1848 intervenerint,
1823 1807 2025 1851 supplemus;

1285 1862 1414 1906 ipsaque
1438 1861 1605 1906 privilegia
1631 1862 1662 1894 in
1686 1861 1796 1894 eadem
1822 1860 2026 1894 universitate

1283 1920 1436 1959 perpetuo
1457 1915 1638 1954 observari,
1663 1915 1770 1959 sicque
1786 1924 1844 1959 per
1860 1923 2027 1958 quoscum-

1283 1979 1344 2012 que
1362 1968 1481 2001 iudiccs
1505 1968 1685 2001 ordinarios
1701 1973 1731 2001 et
1747 1968 1919 2011 delegatos
1931 1967 2026 2000 etiam

1284 2032 1451 2055 causarum
1476 2022 1581 2065 palatii
1599 2022 1763 2066 apostolici
1788 2020 1959 2062 auditores,
1979 2021 2028 2054 iu·

1285 2076 1383 2109 dicari
1408 2082 1438 2109 et
1463 2076 1587 2109 dct‘iniri
1619 2075 1757 2116 debere,
1781 2086 1817 2109 ac
1848 2075 1974 2108 irritum
1997 2079 2028 2108 et

1285 2130 1374 2163 inane
1386 2130 1536 2174 quicquid
1550 2140 1640 2164 secus
1654 2141 1750 2174 super
1764 2130 1812 2163 bis
1824 2140 1841 2163 a
1855 2138 2027 2174 quoquam,

1284 2183 1393 2226 quavis
1410 2183 1607 2223 auctoritate,
1623 2184 1758 2217 scienter
1772 2184 1819 2217 vel
1834 2183 2027 2227 ignoranter,

1284 2236 1449 2279 contigerit
1476 2237 1632 2277 attentari,
1658 2237 1858 2270 decernimus
1874 2242 1905 2269 et
1928 2236 2029 2270 decla-

1284 2301 1402 2323 ramus.
1901 2291 1904 2295 '

1330 2346 1344 2387 ξ
1368 2344 1398 2377 3.
1424 2345 1492 2378 Non
1522 2343 1721 2378 obstantibus
1751 2343 2028 2378 constitutionibus

1285 2403 1313 2431 ct
1339 2398 1592 2432 ordinationibus
1622 2397 1821 2441 apostolicis,
1851 2398 2028 2442 ceterisque

1285 2452 1454 2485 contrariis
1477 2451 1739 2495 quibuscumque.

1330 2505 1442 2538 Datum
1467 2505 1583 2538 Romae
1608 2504 1690 2548 apud
1714 2509 1858 2537 sanctum
1883 2503 2028 2545 Petrum,

1286 2559 1344 2593 sub
1370 2559 1486 2592 annulo
1507 2559 1686 2600 piscatoris,
1703 2558 1753 2591 dic
1772 2568 1824 2591 xiv
1846 2558 2029 2592 novembris

1286 2623 1418 2653 Mncxui,
1443 2611 1646 2646 Pontificatus
1670 2613 1770 2646 nostri
1794 2622 1876 2646 anno
1897 2622 1939 2646 lx.

1323 2674 1379 2702 Dat.
1397 2674 1441 2702 die
1465 2675 1494 2702 ¹4
1510 2674 1669 2705 novembris,
1686 2674 1764 2709 1613,
1785 2674 1879 2710 pontis.
1896 2682 1939 2702 an·
1953 2679 1992 2702 lx.

2083 859 2219 883 conflantio

2036 887 2161 913 apusiutiea.

2051 2345 2223 2377 nemgatioew'
2252 2344 2254 2347 ’

2042 2377 2164 2399 uariorum.
2217 2377 2271 2420 ,ἐκ

2215 2445 2259 2471 δί’

2242 2780 2259 2806 l
