2293 3231
60 304 110 331 Αυ.
131 303 160 330 C.
178 302 244 330 let-2

907 304 1025 328 PAULUS
1046 305 1064 327 V
1086 305 1131 328 ΓΡ.

257 349 459 394 postmodum
476 349 620 394 expensis
636 351 748 383 notarii
774 351 994 384 convenienter

258 403 401 444 rescribi,
419 403 483 436 sive
506 403 642 437 lacerata
659 404 730 444 sint,
751 404 815 437 sive
839 415 911 444 non,
932 409 995 441 aut,

259 456 285 488 si
309 456 403 488 iudici
429 461 458 488 et
482 457 622 499 partibus
651 468 705 489 seu
737 457 995 500 procuratoribus

260 509 360 552 magis
388 509 562 552 placuerit,
588 510 660 543 l'olia
693 510 736 542 sic
769 510 850 542 male
881 510 995 552 scripta

260 567 405 596 taxentur
429 574 487 606 pro
512 563 677 596 medietate
709 564 754 597 vel
785 564 844 596 alia
869 565 934 596 rata
959 563 996 595 ad

261 615 373 649 iudicis
396 616 572 650 arbitrium.

305 669 357 703 16.
388 669 584 702 Rubricellae
614 670 823 713 registrorum
854 670 998 703 similiter

262 721 374 755 litteris
391 721 481 755 bonis
500 727 530 755 et
544 722 793 765 intelligibilibus
811 722 998 763 scribantur,

262 775 385 819 sintque
409 775 519 808 fideles
543 780 573 808 et
598 776 798 816 sufficientes,
824 776 945 818 integre
970 780 998 808 et

262 833 370 862 exacte
400 829 604 873 introscripto
640 829 721 862 actui
754 829 999 873 respondentes,

262 882 420 926 totiusque
445 888 532 916 actus
556 887 586 915 ct
603 883 720 916 decreti
738 887 890 923 tenorem,
907 888 999 926 prout

263 936 294 968 in
310 936 471 970 broliardo
486 937 574 978 iacet,
592 942 621 970 et
637 937 893 976 instrumentum,
907 937 1001 977 diem,

263 1000 390 1031 annum,
408 1001 560 1032 mensem,
577 996 607 1023 et
630 992 766 1034 partium
791 991 929 1029 nomina,
946 990 1003 1023 rei-

263 1054 323 1087 que
347 1049 453 1087 gestae
476 1055 651 1085 summam,
676 1045 723 1077 vel
750 1044 882 1077 indicem
908 1044 1003 1078 conti-

264 1102 383 1130 nentes.

308 1151 360 1184 17.
385 1151 555 1185 Processus
578 1152 617 1184 de
633 1152 785 1196 partibus,
804 1152 941 1196 itemque
959 1162 1005 1184 re-

264 1205 466 1246 missorium,
491 1206 737 1250 compulsoriae,
763 1211 793 1238 et
816 1206 893 1245 alia,
918 1206 1004 1238 nulla

265 1258 439 1302 scripturae
464 1258 570 1291 habita
596 1259 733 1299 ratione,
759 1259 822 1291 sive
848 1259 887 1291 sit
911 1259 1005 1302 longa

265 1311 330 1344 sive
355 1311 393 1344 sit
417 1311 531 1352 brevis,
549 1312 612 1345 sive
633 1312 763 1345 excedat
787 1312 850 1345 sive
874 1323 937 1346 non
957 1323 1006 1345 ex-

265 1365 354 1398 cedat
377 1375 546 1398 numerum
573 1366 721 1399 foliorum
746 1365 1004 1409 vig-imitaminor,

265 1428 328 1451 non
352 1418 571 1461 registrcntur,
596 1429 697 1462 neque
722 1419 751 1451 in
776 1419 930 1461 registris,
952 1424 1005 1452 aut

266 1472 457 1505 extractibus
481 1472 711 1513 describantur,
738 1473 791 1505 sed
816 1478 946 1514 tantum,
972 1479 1002 1505 ut

267 1524 391 1563 dicitur,
413 1526 614 1559 rubricentur
638 1526 663 1558 si
688 1527 839 1559 rubricati
864 1537 927 1560 non
944 1528 1006 1560 sue—

267 1578 346 1618 rint,
372 1583 401 1611 et
432 1589 490 1622 pro
522 1579 605 1612 dicta
629 1579 842 1612 rubricatione
867 1579 1006 1613 solvatur

268 1642 389 1664 merces
405 1632 554 1665 soliorum
573 1633 670 1676 ipsius
689 1644 855 1676 processus
873 1634 1007 1676 origina—

267 1685 306 1718 lis
323 1690 453 1718 tantum.

312 1738 363 1772 48.
382 1740 446 1773 Nisi
464 1740 589 1783 quando
611 1741 766 1784 scriptura
781 1741 854 1773 dicti
873 1741 1008 1784 origina-

268 1791 307 1825 lis
331 1793 363 1825 in
382 1793 521 1837 qualibet
544 1793 623 1826 faeie
647 1794 811 1827 excederet
835 1794 932 1827 lineas
957 1795 1008 1827 tri-

269 1846 355 1889 ginta
378 1847 573 1879 continentes
598 1847 629 1879 in
646 1858 754 1880 earum
770 1848 909 1891 qualibet
926 1849 1008 1880 ultra

269 1896 403 1942 syllabas
427 1897 535 1930 decem
560 1903 590 1931 et
613 1903 694 1939 octo,
718 1909 780 1942 quo
805 1910 879 1932 casu
907 1910 1010 1932 exces-

270 1950 376 1983 sivitas
400 1952 572 1994 reguletur,
590 1956 620 1984 et
636 1952 775 1985 solvatur
791 1953 829 1985 ad
853 1953 1007 1986 rationem

270 2004 425 2037 linearum
445 2009 474 2037 et
487 2005 689 2049 syllabarum,
709 2011 743 2038 ut
760 2017 864 2050 supra.

314 2058 366 2092 19.
391 2058 513 2102 Copiae,
530 2069 609 2102 quae
625 2059 724 2092 instar
746 2059 873 2103 registri
896 2061 944 2093 rel
961 2071 1011 2093 ex-

270 2115 389 2144 tractus
405 2111 529 2151 dantur,
539 2121 603 2144 non
615 2112 732 2152 minori
746 2113 936 2157 syllabarum
958 2118 1010 2146 aut

271 2164 427 2197 linearum
442 2174 575 2198 numero
593 2165 767 2209 descriptae
783 2166 957 2200 tradantur.

316 2217 368 2251 ⁶20.
394 2217 605 2251 Instrumenta
622 2218 653 2250 in
676 2219 753 2251 actis
777 2225 902 2262 rogata,
917 2220 1010 2252 etiam

273 2271 370 2305 semel
395 2271 571 2315 publicata,
596 2277 649 2305 aut
673 2283 753 2315 quae
778 2273 809 2305 in
833 2274 910 2306 actis
934 2274 1010 2306 alias

272 2325 427 2369 producta
456 2331 548 2365 sunt,
573 2325 598 2357 si
622 2331 822 2369 repetantur,
848 2331 878 2359 et
902 2332 1011 2370 postea

274 2378 438 2421 registrari
455 2379 625 2422 contingat,
642 2389 704 2412 non
722 2379 860 2412 solvatur
879 2390 1011 2420 merces,

274 2431 334 2464 nisi
358 2432 505 2465 foliorum
527 2433 701 2476 scripturae
726 2432 763 2464 ad
788 2433 941 2465 rationem
968 2443 1014 2465 re-

275 2483 366 2527 gistri
397 2485 445 2517 vel
483 2490 659 2525 extractus,
689 2490 718 2517 et
747 2485 771 2517 si
803 2495 865 2518 non
898 2485 1010 2518 suerint

275 2537 351 2570 alias
363 2538 530 2581 publicata,
545 2539 683 2571 solvatur
698 2543 817 2571 tantum
836 2538 926 2570 tertia
941 2548 1014 2581 pars

277 2591 431 2624 mercedis
454 2591 577 2625 debitae
600 2602 658 2636 pro
683 2591 904 2635 publicatione,
925 2592 1014 2624 cuius

277 2645 371 2677 etiam
395 2645 476 2678 ratio
500 2645 652 2678 habeatur
676 2645 708 2678 in
732 2655 806 2678 casu
829 2655 891 2688 quo
907 2649 1016 2688 postea

278 2702 442 2731 sumantur
474 2698 504 2730 in
536 2698 660 2742 publica
691 2698 813 2740 forma,
840 2703 870 2731 ut
897 2698 1014 2731 scilicet

1695 294 1736 326 stu

1029 356 1114 384 tanto
1132 351 1235 383 minus
1254 350 1292 384 de
1309 350 1452 384 mercede
1469 350 1689 394 publicationis
1708 352 1765 384 sol-

1030 409 1128 436 vatur.

1074 457 1125 490 21.
1145 457 1336 500 Pauperibus
1353 457 1466 490 dentur
1483 457 1580 499 gratis
1598 462 1766 497 extractus,

1030 511 1173 553 registra,
1189 511 1497 543 instrumentaetiam
1512 511 1635 554 publica
1650 511 1767 554 copiae,

1031 563 1108 595 aliae
1137 574 1354 608 quaecumque
1387 564 1599 609 expeditiones
1635 569 1663 597 ct
1696 565 1768 597 scri-

1033 622 1160 660 pturae,
1186 622 1249 649 tam
1275 618 1380 650 civiles
1407 602 1501 661 qfflun
1526 618 1714 657 criminales,
1740 623 1769 649 ct

1032 670 1238 703 ostendantur
1269 671 1362 703 etiam
1399 671 1563 713 originalia
1594 682 1768 715 pauperum

1033 722 1182 755 advocato
1196 728 1221 755 et
1239 724 1436 766 procuratori
1457 724 1600 757 similiter
1620 724 1727 767 gratis,
1741 729 1767 756 ct

1033 776 1150 819 absque
1174 777 1237 809 ulla
1262 777 1411 820 impensa,
1429 782 1468 817 et,
1486 777 1510 809 si
1528 777 1652 820 quando
1677 778 1772 809 conti-

1035 830 1113 872 gerit
1139 830 1333 873 probandam
1351 841 1418 863 esse
1434 835 1661 874 paupertatem,
1678 835 1771 862 testes

1036 883 1180 915 similiter
1201 883 1297 925 gratis
1315 888 1343 914 ct
1361 883 1530 915 summarie
1544 883 1771 921 examinentur,

1037 941 1063 968 et
1085 936 1122 969 dc
1143 941 1327 979 paupertate
1345 941 1443 968 stetur
1459 936 1590 968 arbitrio
1607 936 1726 969 iudicis.

1080 989 1131 1022 ⁶22.
1158 990 1204 1030 Et,
1230 989 1378 1033 quoniam
1403 989 1570 1032 aliquando
1594 989 1706 1021 notarii
1725 1000 1773 1022 cx-

1037 1047 1183 1086 torquent
1200 1052 1217 1074 a
1242 1042 1382 1086 partibus
1407 1042 1561 1075 modicam
1586 1042 1724 1082 arrham,
1742 1048 1773 1073 ut

1037 1102 1145 1141 postea
1162 1107 1274 1139 cogere
1293 1096 1360 1128 illas
1376 1096 1495 1139 possint
1508 1096 1546 1128 ad
1559 1095 1774 1139 recipiemlum

1039 1155 1206 1190 extractus,
1231 1150 1326 1182 arrha
1350 1160 1412 1181 non
1437 1149 1564 1191 obliget,
1589 1150 1647 1181 nisi
1674 1149 1704 1181 in
1729 1160 1775 1181 ca-

1039 1203 1135 1243 sibus,
1152 1203 1184 1235 in
1201 1203 1315 1246 quibus
1340 1208 1496 1235 extractus
1521 1203 1587 1235 iure
1613 1202 1776 1235 conficien-

1040 1256 1098 1289 dus
1114 1261 1169 1289 est.

1084 1309 1135 1342 023.
1162 1310 1268 1353 Neque
1293 1309 1418 1351 exigant.
1442 1309 1566 1347 notarii,
1586 1309 1775 1352 quicumque

1040 1363 1084 1395 illi
1111 1364 1181 1403 sint,
1206 1363 1299 1395 ctiam
1323 1362 1454 1395 archivii
1478 1363 1636 1395 Romanae
1656 1362 1776 1401 Curiae,

1041 1417 1218 1449 mercedem
1245 1421 1411 1456 extractus,
1428 1416 1491 1448 sive
1517 1416 1653 1459 registri,
1670 1416 1728 1448 nisi
1747 1415 1778 1447 il-

1041 1470 1078 1502 lis
1103 1470 1275 1513 completis.

1085 1524 1136 1556 24.
1162 1523 1281 1557 Notarii
1306 1524 1413 1564 Rotae,
1430 1524 1513 1555 ultra
1534 1523 1706 1566 praei‘uissa
1724 1534 1778 1565 per

1041 1588 1094 1610 cos
1108 1577 1236 1610 omnino
1254 1577 1415 1616 servanda,
1432 1577 1661 1609 rulnicationes
1678 1588 1778 1620 perse

1042 1631 1175 1663 fideliter
1200 1637 1226 1663 et
1255 1631 1445 1663 sufficienter
1471 1631 1599 1669 saciant,
1624 1636 1654 1662 et
1678 1640 1779 1662 corre—

1042 1685 1231 1728 spondentes
1249 1684 1331 1717 actui
1350 1684 1563 1727 introscrilsslto,
1580 1689 1610 1715 ut
1631 1694 1725 1726 supra
1738 1683 1780 1715 ‹li-

1042 1743 1126 1771 ctum
1146 1744 1200 1770 est.

1086 1792 1136 1825 25.
1158 1793 1226 1825 Non
1250 1791 1452 1824 rubriccutur
1476 1801 1641 1834 processus
1659 1789 1696 1822 de
1714 1800 1779 1833 par-

1043 1846 1125 1878 tibus
1149 1845 1310 1885 rubricati,
1325 1850 1356 1877 ut
1384 1845 1444 1876 iam
1462 1855 1556 1887 supra
1581 1844 1697 1875 dictum
1723 1849 1779 1883 cst,

1043 1900 1101 1932 nisi
1126 1905 1277 1943 quantum
1310 1899 1370 1931 illis
1398 1898 1506 1931 deesse
1533 1898 1633 1930 risum
1667 1897 1754 1929 suerit
1773 1924 1780 1936 ,

1043 1963 1100 1985 nee
1124 1953 1259 1995 registra
1284 1952 1321 1984 de
1346 1951 1407 1984 illis
1430 1951 1586 1983 ullatenus
1610 1950 1702 1989 siant,
1728 1950 1781 1982 sed

1043 2012 1111 2050 post
1138 2006 1272 2049 registra
1296 2005 1334 2037 de
1359 2005 1455 2044 curia,
1480 2010 1514 2037 ut
1537 2004 1635 2037 moris
1660 2009 1723 2043 est,
1749 2003 1780 2036 li-

1044 2065 1167 2103 gentur,
1192 2064 1231 2098 et,
1257 2059 1282 2091 si
1307 2058 1598 2102 interpretationem
1630 2056 1699 2089 sieri
1732 2067 1782 2088 ne-

1044 2123 1130 2146 cesse
1150 2112 1243 2146 fuerit
1260 2112 1300 2145 ob
1317 2112 1434 2145 idioma
1456 2122 1473 2143 a
1494 2111 1591 2143 latino
1608 2110 1780 2147 diversum,

1046 2166 1077 2198 in
1100 2176 1163 2209 quo
1186 2175 1354 2208 processus
1379 2164 1456 2197 sorte
1488 2163 1683 2206 conscriptus
1712 2162 1781 2201 crit,

1045 2229 1108 2251 non
1132 2219 1185 2251 ssat
1210 2219 1240 2250 in
1265 2218 1367 2251 forma
1383 2217 1521 2260 registri,
1538 2216 1592 2249 sed
1616 2226 1782 2259 processus

1046 2272 1083 2304 de
1108 2271 1260 2315 partibus,
1284 2271 1326 2303 ita
1350 2275 1381 2303 ut
1404 2280 1465 2302 una
1489 2274 1574 2302 carta
1598 2268 1723 2311 registri
1752 2267 1784 2299 il-

1046 2325 1106 2357 lius
1131 2325 1277 2368 importet
1302 2323 1465 2356 dimidiam
1486 2322 1524 2355 ad
1541 2322 1644 2354 minus
1661 2331 1784 2364 proces-

1047 2390 1099 2411 sus
1119 2378 1157 2410 de
1171 2377 1322 2421 partibus,
1343 2377 1401 2409 nisi
1419 2376 1456 2408 de
1473 2375 1610 2419 partium
1627 2384 1783 2407 consensu

1048 2432 1079 2464 id
1095 2431 1164 2464 sieri
1178 2430 1367 2463 convenerit.

1093 2485 1144 2518 26.
1170 2485 1211 2517 De
1236 2488 1325 2528 parte
1346 2483 1425 2515 lucri
1443 2482 1662 2526 mgistrorum,
1681 2481 1727 2514 vel
1745 2486 1785 2514 te-

1049 2537 1154 2577 stium,
1166 2536 1213 2569 xel
1231 2536 1406 2580 copiarum,
1416 2540 1582 2578 antequam
1596 2544 1707 2568 causae
1722 2533 1785 2566 suis

1050 2591 1109 2624 sint
1124 2591 1319 2623 auditoribus
1337 2589 1534 2627 commissae,
1552 2599 1622 2622 cum
1641 2586 1785 2621 sollicita-

1782 304 1829 330 An.
1848 304 1877 331 C.
1897 304 1962 331 1612

1049 2644 1181 2683 toribus,
1199 2643 1367 2679 advocatis„
1384 2643 1432 2675 vel
1447 2641 1706 2686 procuratoribus
1723 2650 1784 2672 non
1822 2685 1826 2688 θ

1050 2698 1259 2742 paciscantur,
1276 2707 1332 2730 nee
1354 2697 1391 2729 tle
1408 2696 1517 2740 gratia,
1535 2705 1627 2739 quam
1653 2694 1690 2728 de
1707 2693 1786 2737 regi-
