2293 3231
285 320 334 349 An.
351 319 380 348 e.
400 319 469 349 ¹622
515 310 580 346 780

484 380 578 414 quam
598 370 689 403 aliter
704 368 1011 413 quomodocumque,
1029 379 1046 401 a
1062 369 1152 402 nobis
1172 379 1227 402 seu

483 422 780 466 praedecessoribus
803 422 920 454 nostris
944 422 1093 455 Romanis
1121 421 1227 454 Ponti-

484 477 614 516 tieihus,
635 486 690 508 seu
721 475 761 507 ab
793 474 980 507 habentibus
1009 485 1026 507 a
1055 474 1146 507 nobis
1178 475 1224 508 vel

481 529 520 561 ab
545 529 589 561 cis
615 528 791 560 facultatem
809 533 838 560 et
855 528 1084 567 auctoritatem,
1101 538 1226 561 conces-

481 592 540 621 sas,
565 592 673 614 earum
700 587 841 614 tenorem
866 581 1086 624 praesentibus
1102 592 1161 624 pro
1177 592 1225 614 ex-

480 634 596 678 pressis
621 634 781 674 habentes,
806 639 914 667 tenore
939 635 1151 678 praesentium
1178 645 1225 668 re-

481 698 639 728 vocamus,
665 698 824 721 cassamus
841 693 871 720 et
888 688 1096 729 annullamus;
1113 699 1148 722 ac
1165 700 1224 733 pro

481 741 645 782 revocatis,
669 741 766 774 cassis
790 747 820 774 et
836 741 1003 775 annullatis
1020 742 1142 783 haberi,
1158 743 1225 775 nul—

480 794 565 838 lique
589 795 620 827 in
643 800 805 838 posterum
831 795 1009 839 sutl'ragari,

291 861 464 890 *eonmvempu-
524 848 539 891 ξ
563 847 592 880 ⁶2.
617 847 798 887 Quinimmo
824 847 921 882 libros
940 849 1154 892 pei-licentias
1170 850 1224 882 hu-

279 888 464 940 }:i’ti'tilme‘fflm‘
480 900 615 934 iusmodi
639 901 812 944 permissos
836 902 976 945 legentes
991 908 1042 935 aut
1061 903 1222 944 habentes,

479 965 595 998 poenas
619 955 651 987 in
671 955 769 988 sacris
789 956 974 997 canonibus,
992 957 1223 991 constitutioni-

478 1008 538 1041 bus
555 1008 747 1052 apostolicis,
761 1014 792 1041 et
808 1009 963 1043 indicibus
984 1009 1138 1043 librorum
1153 1021 1223 1055 pro-

477 1061 653 1094 hibitorum
684 1067 846 1095 contentas
882 1062 1045 1096 incurrere
1078 1064 1223 1097 volumus

478 1118 507 1148 et
531 1114 737 1148 declaramus.

321 1178 380 1207 mne
396 1178 463 1207 tegern
522 1168 537 1211 g
553 1168 582 1201 3.
601 1169 822 1210 Deeernentes‚
838 1175 873 1202 ut
889 1176 1072 1214 praesentes
1088 1172 1221 1213 litterae,

278 1205 372 1261 {fflff
391 1204 463 1261 nptiiiiiss
477 1228 643 1266 postquam
669 1223 699 1255 in
717 1223 813 1256 valvis
829 1223 1031 1258 basilicarum
1050 1224 1078 1258 S.
1098 1225 1221 1259 loannis

278 1259 344 1283 ’ΨΜ
361 1258 462 1279 ‘mmm
476 1275 706 1317 Lateranensis,
722 1287 758 1309 ac
776 1277 929 1321 Principis
949 1279 1164 1321 apostolorum
1182 1279 1220 1312 de

476 1329 560 1362 Urbe
584 1335 615 1362 ct
638 1330 844 1364 cancellariae
868 1331 1070 1374 apostolicae,
1097 1342 1220 1367 necnon

474 1382 506 1415 in
530 1383 597 1416 acie
621 1383 724 1427 campi
742 1384 853 1417 Florae
869 1384 978 1418 affixae
995 1385 1122 1427 suerint,
1140 1386 1220 1420 infra

474 1436 554 1470 duos
578 1447 701 1470 menses
729 1448 766 1471 ex
799 1443 873 1471 tunc
905 1439 1085 1482 proximos,
1110 1451 1219 1474 omnes

474 1494 505 1522 ct
528 1490 688 1533 singulos,
712 1491 751 1524 ad
775 1502 854 1536 quos
878 1497 1019 1535 spectat,
1044 1499 1166 1529 aretcnt
1189 1501 1218 1527 et

474 1542 620 1585 afficiant,
645 1544 776 1588 perinde
801 1556 838 1578 ac
862 1545 887 1577 si
908 1546 1078 1590 unicuique
1102 1558 1215 1591 perso-

474 1597 587 1630 naliter
611 1597 770 1631 intimatae
795 1599 936 1640 fuissent,
953 1600 1111 1644 quodque,
1127 1602 1218 1635 dietis

475 1650 598 1683 duobus
611 1651 771 1684 mensibus
784 1651 979 1693 durantibus,
997 1653 1028 1695 ii,
1046 1654 1100 1697 qui
1120 1655 1218 1689 libros

475 1703 652 1747 prohibitos
677 1704 856 1738 huiusmodi
887 1706 1076 1748 habuerint,
1101 1718 1155 1742 eos
1179 1709 1217 1742 ad

475 1757 680 1801 episcopum,
712 1768 768 1791 seu
798 1758 1039 1802 inquisitorem,
1064 1762 1118 1804 qui
1147 1762 1218 1796 illos

475 1817 594 1854 quanto
614 1811 705 1844 eitius
729 1812 917 1846 comburere
941 1813 1063 1856 debeat,
1083 1814 1217 1857 deferre,

475 1865 592 1909 quique
616 1866 739 1910 aliquos
766 1867 886 1900 similes
914 1868 1011 1902 libros
1039 1869 1217 1912 prohibitos

475 1918 592 1952 habere
605 1919 762 1961 sciverint,
772 1931 826 1954 eos
838 1921 1030 1956 denunciare
1042 1928 1217 1965 teneantur,

474 1982 577 2016 neque
603 1973 641 2006 de
666 1978 772 2007 cetero
801 1974 920 2008 similes
949 1975 1092 2010 licentiae
1115 1978 1175 2011 nisi
1199 1989 1217 2011 a

475 2027 719 2069 congregatione
743 2028 841 2061 sancti
858 2028 964 2069 officii,
980 2039 1061 2072 quae
1085 2030 1217 2075 singulis

474 2078 680 2112 hebdomadis
717 2091 825 2114 coram
855 2081 948 2115 nobis
978 2082 1088 2116 haberi
1119 2085 1216 2126 solet,

475 2132 688 2166 concedantur
698 2144 706 2173 ;

277 2189 460 2242 „uffissfi‘sswsffiss‘t'fi
519 2186 534 2229 ᾗ
557 2185 587 2218 4.
611 2187 655 2219 Ac
680 2187 764 2232 quod
795 2189 978 2222 earumdem
1002 2190 1215 2234 praesentium

277 2242 323 2263 dari
339 2243 432 2264 mandat·
476 2240 689 2283 transumptis,
713 2241 807 2274 etiam
832 2242 1011 2286 impressis,
1038 2253 1135 2277 manu
1162 2244 1217 2277 ali-

475 2291 564 2325 cuius
588 2293 700 2325 notarii
716 2294 835 2337 publici
851 2294 1047 2339 subscriptis,
1065 2300 1095 2330 et
1111 2296 1215 2339 sigillo

474 2344 606 2378 alieuius
618 2356 773 2389 personae
790 2347 821 2379 in
838 2347 989 2391 dignitate
1003 2349 1214 2383 ecclesiastiea

475 2398 660 2432 constitutae
683 2400 822 2441 munitis,
846 2401 956 2434 eadem
980 2412 1112 2445 prorsus
1137 2402 1214 2437 fides

473 2451 668 2494 adhibeatur,
693 2464 773 2497 quae
795 2454 872 2498 ipsis
895 2456 1114 2499 praesentibus
1130 2457 1216 2491 adhi-

474 2504 610 2547 beretur,
635 2507 660 2539 si
685 2508 787 2541 forent
811 2509 967 2543 exhibitae
988 2511 1035 2544 vel
1061 2515 1212 2546 ostensae.

518 2558 629 2592 Datum
655 2561 782 2602 Romae,
807 2562 890 2606 apud
914 2569 1056 2597 sanctum
1076 2564 1214 2606 Petrum,

474 2610 533 2643 sub
551 2613 667 2646 annulo
685 2614 864 2657 Piscatoris,
882 2615 933 2650 die
954 2627 1019 2650 xxx
1036 2617 1214 2652 decembris

474 2673 617 2706 uncxxu,
633 2668 834 2710 pontificatus
851 2670 951 2704 nostri
969 2681 1051 2705 anno
1068 2681 1099 2705 11.

511 2722 571 2751 Dat.
592 2724 636 2752 die
655 2725 690 2752 30
707 2725 860 2755 decembris
880 2727 960 2763 1622,
981 2729 1077 2764 pontif.
1089 2737 1134 2759 an.
1147 2736 1175 2759 ιι.

1073 319 1253 345 BULLARIUM
1276 320 1432 346 nouatum

2014 321 2066 350 An.
2078 322 2109 350 G.
2126 322 2198 352 1623

1585 369 1682 403 XCVI.

1263 448 1515 492 Conqreqationi
1544 449 1660 482 illatris
1691 449 1752 483 Dei
1782 450 2002 484 conceduntur

1303 502 1522 546 exemptiones
1548 512 1656 535 omnes
1680 507 1709 535 et
1730 502 1911 546 privileyia
1933 503 1997 537 cle-

1303 555 1382 588 ricis
1404 555 1612 599 reyulam'bus
1635 555 1898 590 mendicantibus
1921 567 1997 590 con-

1302 619 1388 642 cessa
1401 607 1420 641 ¹.

1470 680 1629 715 Gregorius
1641 680 1720 716 Papa
1730 681 1787 716 XV,

1381 726 1416 752 ad
1436 728 1614 759 perpetuam
1632 726 1677 754 rei
1696 726 1877 754 memoriam.

1301 796 1347 829 Ad
1371 796 1485 830 uberes
1509 802 1540 830 et
1562 807 1673 831 suaves
1696 797 1845 839 siuctus³‚
1862 808 1942 842 quos
1957 798 2001 832 di·
2041 810 2183 833 Prooemium.

1257 849 1330 882 lecti
1355 849 1411 882 filii
1435 839 1540 884 rector
1563 851 1720 894 generalis
1744 857 1775 885 et
1797 851 1903 886 clerici
1923 852 2001 886 Con-

1257 902 1452 946 gregationis
1483 903 1589 936 Matris
1619 904 1672 937 Dei
1704 904 1735 937 in
1767 904 1912 939 militanti
1942 905 2000 938 Ec-

1257 956 1362 997 clesia,
1387 957 1477 990 euius
1510 957 1658 1000 regimini
1682 958 1788 990 divina
1812 958 2000 1002 disponente

1257 1010 1423 1043 elementia
1447 1011 1674 1054 praesidemus,
1698 1011 1730 1043 in
1755 1011 1822 1045 dies
1846 1011 1998 1053 afferunt,

1258 1063 1370 1096 mentis
1394 1068 1521 1097 nostrae
1553 1064 1653 1098 aciem
1685 1070 1926 1107 convertentes,
1957 1076 1995 1099 ac

1256 1117 1422 1151 uberiores
1445 1127 1483 1150 ex
1507 1118 1574 1162 ipsa
1597 1118 1848 1162 Cougregatione
1876 1119 2001 1153 fructus

1256 1170 1287 1203 in
1311 1170 1377 1204 dies
1401 1177 1612 1215 proventuros
1629 1182 1696 1206 esse
1709 1178 1882 1217 sperantes,
1906 1173 1946 1207 ad
1963 1183 2000 1207 ea

1256 1224 1368 1258 merito
1385 1225 1519 1258 libenter
1532 1225 1734 1267 intendimus,
1750 1237 1809 1270 per
1824 1237 1905 1271 quae
1924 1227 2000 1262 Con-

1255 1278 1398 1321 gregatio
1422 1279 1489 1322 ipsa
1505 1278 1697 1313 felicioribus
1714 1279 1745 1313 in
1762 1279 1830 1314 dies
1852 1280 1999 1324 proficiat

1256 1331 1466 1365 incrementis.

1298 1385 1313 1428 ξ
1333 1385 1362 1418 t.
1389 1385 1427 1418 Ut
1452 1385 1549 1428 igitur
1574 1391 1678 1419 rector
1695 1391 1726 1419 et
1741 1386 1848 1420 clerici
1865 1388 1996 1431 praefati

1253 1449 1291 1471 eo
1326 1439 1496 1472 ferventius
1527 1439 1558 1472 in
1586 1450 1644 1473 suo
1675 1439 1823 1472 laudabili
1855 1440 1997 1476 instituto

1253 1496 1477 1535 perseverent,
1501 1503 1565 1536 quo
1597 1493 1773 1526 maioribus
1797 1504 1831 1527 se
1855 1494 1998 1528 viderent

1253 1545 1414 1578 favoribus
1443 1550 1473 1578 et
1504 1546 1615 1589 gratiis
1645 1546 1804 1587 munitos,
1828 1548 1997 1591 providere

1254 1599 1410 1639 volentes,
1435 1609 1471 1632 ac
1495 1599 1673 1642 singulares
1695 1601 1830 1635 rectoris
1854 1606 1886 1634 et
1909 1601 1998 1636 cleri-

1252 1663 1362 1686 corum
1387 1654 1601 1697 praefatorum
1618 1664 1769 1698 personas
1791 1665 1809 1688 a
1832 1655 1997 1699 quibusvis

1251 1707 1597 1747 exeoimmmicationis,
1623 1708 1837 1752 suspensionis
1854 1714 1884 1742 et
1903 1709 1997 1743 inter-

1251 1760 1337 1801 dicti,
1350 1760 1481 1804 aliisque
1495 1761 1716 1795 ecclesiasticis
1733 1762 1906 1804 sententiis,
1922 1773 1995 1796 cen-

1251 1814 1334 1847 suris
1358 1819 1388 1847 et
1411 1814 1542 1858 poenis,
1567 1825 1585 1847 a
1608 1815 1675 1848 iure
1699 1816 1747 1848 vel
1776 1816 1815 1848 ab
1846 1816 1995 1858 homine,

1251 1867 1359 1910 quavis
1383 1867 1550 1901 occasione
1566 1868 1614 1901 vel
1630 1870 1727 1902 causa
1744 1869 1824 1910 latis,
1837 1869 1863 1902 si
1879 1869 1994 1913 quibus

1251 1921 1490 1965 quomodolibet
1513 1922 1681 1956 innodatae
1705 1923 1852 1964 existunt,
1869 1923 1909 1957 ad
1925 1924 1996 1958 ess'e-

1251 1981 1336 2009 ctum
1362 1976 1577 2020 praesentium
1607 1976 1770 2010 dumtaxat
1798 1987 1994 2022 consequen-

1250 2028 1337 2069 dum,
1354 2028 1468 2062 harum
1483 2029 1565 2062 serie
1580 2029 1778 2064 absolventes
1791 2035 1822 2064 et
1833 2031 1995 2065 absolutas

1250 2082 1318 2115 sore
1331 2087 1505 2123 censentes,
1521 2083 1803 2127 supplicationibus
1816 2084 1920 2118 dilecti
1935 2085 1994 2119 filii

1250 2135 1376 2179 Iosephi
1390 2135 1501 2170 Matrai
1519 2136 1660 2170 eiusdem
1677 2137 1936 2182 Congregationis
1946 2149 1995 2173 re-

1249 2189 1346 2222 ctoris
1365 2189 1457 2223 nobis
1474 2200 1568 2234 super
1582 2190 1644 2223 hoc
1660 2190 1824 2224 humiliter
1836 2193 1993 2236 porrectis

1249 2241 1400 2282 inclinati,
1425 2242 1668 2286 Congregationi
1692 2244 1887 2288 praedictae,
1914 2245 1994 2279 eius-

1249 2306 1310 2339 que
1335 2296 1451 2330 rectori
1476 2306 1513 2329 ac
1537 2296 1672 2337 clericis,
1692 2297 1824 2342 aliisque
1838 2299 1992 2342 personis,

1248 2354 1282 2381 ut
1305 2349 1452 2383 omnibus
1469 2355 1500 2382 et
1524 2349 1657 2393 singulis
1678 2350 1863 2394 privilegiis,
1879 2352 1993 2386 immu-

1248 2402 1407 2443 nitatibus,
1431 2402 1640 2444 libertatibus,
1658 2403 1867 2446 sacultatibus‚
1883 2415 1990 2438 exem-

1249 2455 1420 2499 ptionibus,
1443 2456 1576 2500 aliisque
1589 2456 1698 2499 gratiis
1719 2462 1750 2490 et
1771 2457 1910 2500 indultis,
1928 2462 1990 2490 tam

1247 2508 1464 2552 spiritualibus
1479 2519 1573 2552 quam
1589 2509 1824 2553 temporalibus,
1837 2509 1906 2543 aliis
1919 2520 1991 2544 con-

1247 2562 1485 2606 gregationibus
1499 2562 1686 2596 clericorum
1699 2562 1894 2605 regularium
1911 2563 1991 2597 Men-

1247 2615 1440 2656 dieantium,
1472 2625 1535 2649 non
1567 2621 1671 2649 tamen
1707 2615 1870 2650 Societatis
1902 2616 1990 2658 lesu,

2011 1431 2053 1452 qua
2067 1425 2090 1448 in
2105 1426 2196 1448 rubrica.

1283 2689 1293 2714 1
1313 2687 1351 2715 Ex
1364 2687 1473 2724 Regest.
1490 2688 1518 2716 in
1532 2687 1634 2716 Secret.
1650 2688 1731 2715 Brev.

1280 2731 1298 2758 2
1308 2730 1355 2760 Est
1364 2731 1500 2760 simillime
1509 2731 1600 2760 Consi.
1611 2738 1681 2760 nux
1694 2740 1755 2769 sup.
1767 2741 1829 2769 pag.
1840 2733 1892 2763 749
1899 2734 1988 2771 (tx-r.)

2033 1398 2154 1424 Concessio.
2169 1399 2196 1420 de
2238 1415 2241 1420 .
