2293 3231
307 271 354 297 Αη.
372 271 399 298 C.
425 271 492 299 tnta

379 1079 494 1108 Dernaatio

311 1108 474 1128 contrariorum.

538 263 603 297 Δ184

509 321 692 365 praemissis
717 319 853 354 efficacis
877 318 1068 352 defensionis
1092 319 1251 363 praesidio

508 375 698 414 assistentes,
724 374 835 407 saciant
862 373 1046 406 auctoritate
1067 374 1174 406 nostra
1200 382 1250 405 re-

509 433 627 460 ctorem
649 433 676 460 et
695 426 885 469 collegiatis-s,
903 425 1046 468 aliosque
1062 424 1250 468 praedictos,

508 480 690 513 earuuulem
715 479 939 523 praesentium,
959 478 1101 511 omnium
1118 477 1164 510 eis
1181 488 1252 511 con-

508 543 669 566 cessorum
695 544 753 565 usu
778 538 806 564 et
833 532 946 564 etl'ectu
978 531 1110 576 pacitice
1136 531 1197 564 frui
1223 537 1252 564 et

509 586 663 629 gaudere;
688 596 752 619 non
778 585 996 630 permittentes
1021 585 1092 618 illos
1117 585 1252 629 desuper

509 650 525 672 a
545 650 716 683 quoquam,
734 639 843 683 quavis
866 639 1063 679 auctoritate,
1080 638 1254 682 quomodo-

510 693 583 725 libet
618 693 755 726 indebite
787 692 948 725 molestari
965 703 971 724 :
1004 692 1253 725 contradictores

509 746 665 790 quoslibet
690 751 717 778 et
743 746 879 779 rebelles
901 756 958 790 per
982 745 1162 785 sententias,
1180 754 1252 777 cen-

509 809 599 832 suras
616 805 645 832 et
663 809 780 843 poenas
797 799 1036 839 ecclesiasticas,
1053 790 1175 842 aliaque
1196 808 1253 842 op-

510 858 647 896 portuna
676 852 754 885 iuris
777 856 807 887 et
833 852 902 886 sacti
935 852 1090 891 remedia,
1115 851 1250 896 appella-

510 906 594 939 tione
627 906 810 950 posposita,
835 906 1086 950 compescendo,
1110 905 1254 938 invocato

510 959 605 992 etiam
629 959 668 992 ad
693 960 763 1000 boc,
781 959 804 992 si
823 970 903 1003 opus
929 959 1035 999 suerit,
1052 959 1168 992 auxilio
1184 958 1256 991 bra-

510 1013 572 1046 chii
597 1013 775 1046 saecularis.

555 1065 616 1109 §4
643 1067 711 1099 Non
728 1066 926 1099 obstantibus
947 1065 1046 1098 seticis
1066 1064 1256 1098 reeordatio-

511 1119 559 1152 nis
573 1119 721 1152 Bonisacii
736 1120 838 1164 Papae
851 1120 914 1152 Vltl
934 1118 1189 1163 praedecessoris
1201 1128 1256 1151 no-

511 1172 567 1205 stri
592 1172 631 1205 dc
655 1174 718 1205 una
742 1177 772 1205 ct
797 1172 828 1205 in
850 1172 984 1206 concilio
1009 1171 1149 1215 generali
1170 1171 1254 1204 edita

512 1226 550 1259 de
570 1226 691 1259 duabus
708 1225 810 1266 dietis,
823 1225 995 1259 dummodo
1012 1226 1095 1258 ultra
1112 1229 1175 1257 tres
1189 1223 1255 1256 die-

513 1286 569 1319 tas,
594 1279 707 1322 aliquis
724 1279 908 1313 auctoritate
926 1278 1140 1323 praesentium
1158 1277 1195 1310 ad
1214 1277 1256 1310 iu-

511 1333 628 1366 dicium
652 1344 715 1366 non
741 1334 892 1373 trahatur,
917 1343 952 1366 ae
976 1331 1173 1376 apostolicis,
1197 1341 1254 1364 nee

511 1398 575 1422 non
599 1388 631 1420 in
655 1387 901 1425 universalibus,
927 1385 1254 1430 provincialibusque,

513 1447 544 1475 et
559 1441 762 1486 synodalibus
777 1440 919 1474 conciliis
935 1439 1036 1480 editis,
1055 1439 1256 1482 generalibus

513 1496 560 1529 vel
579 1495 771 1539 specialibus
795 1493 1072 1527 constitutionibus
1088 1498 1118 1526 et
1135 1493 1257 1526 ordina—

512 1549 663 1588 tionibus,
681 1559 739 1582 nec
754 1559 817 1582 non
834 1547 996 1591 quibusvis
1009 1547 1131 1580 statutis
1145 1552 1173 1580 et
1186 1557 1257 1580 con-

513 1603 743 1642 suetudinibus,
768 1602 862 1635 etiam
887 1601 1075 1641 iuramento,
1093 1600 1258 1634 confirma—

513 1658 597 1691 tione.
622 1657 807 1701 apostolica,
832 1657 878 1689 vel
904 1656 1014 1699 quavis
1031 1655 1179 1688 firmitate
1195 1655 1256 1687 alia

513 1711 682 1751 roboratis,
707 1710 882 1755 privilegiis
906 1719 1050 1753 quoque,
1076 1708 1204 1741 indultis
1228 1714 1254 1741 et

513 1765 628 1798 litteris
652 1764 856 1808 apostolicis,
881 1764 912 1796 in
937 1762 1131 1796 contrarium
1158 1772 1254 1806 prae-

514 1818 683 1851 missorum
700 1816 939 1861 quomodolibet
961 1815 1129 1855 concessis,
1146 1814 1259 1848 contir-

514 1871 606 1904 matis
622 1876 650 1903 et
669 1870 833 1903 innovatis.
859 1870 977 1909 Quibus
993 1869 1140 1902 omnibus
1157 1873 1187 1901 et
1200 1868 1259 1900 sin-

515 1924 597 1967 gulis
612 1934 722 1957 eorum
741 1923 882 1956 omnium
901 1929 1026 1955 tenores
1039 1921 1258 1966 praesentibus

515 1988 575 2022 pro
588 1978 679 2021 plene
690 1982 720 2009 et
733 1976 924 2009 sufficienter
937 1975 1096 2019 expressis
1108 1975 1258 2008 babentes

515 2031 577 2064 illis
601 2030 677 2063 alias
694 2030 724 2062 in
741 2040 798 2063 suo
814 2030 932 2063 robore
958 2029 1184 2072 permansuris,
1201 2028 1258 2060 bac

516 2084 583 2117 vice
608 2083 777 2122 dumtaxat,
803 2082 981 2126 specialiter
998 2087 1029 2114 et
1046 2091 1193 2125 expresse
1207 2081 1259 2113 dc-

516 2146 677 2179 rogamus,
691 2135 867 2179 ceterisque
880 2134 1046 2168 contrariis
1060 2134 1260 2177 quilmscum-

515 2201 585 2234 que.

560 2244 672 2277 Datum
698 2244 814 2276 Itomae
839 2242 923 2286 apud
947 2247 1089 2274 sanetum
1110 2241 1258 2281 Marcum,

516 2298 574 2331 sub
599 2298 715 2330 annulo
741 2297 919 2337 l'iscatoris,
936 2296 986 2329 dic
1004 2306 1037 2329 111
1055 2295 1120 2329 iulii
1139 2306 1258 2333 iuncxit,

517 2351 717 2396 pontificatus
741 2350 840 2384 nostri
865 2360 947 2383 anno
972 2359 1037 2382 vui.

553 2414 611 2441 Dat.
629 2413 672 2441 die
687 2414 702 2441 3
717 2413 775 2441 iulii
791 2413 870 2448 1612,
886 2412 982 2449 pontif.
1006 2420 1050 2440 an.
1066 2418 1124 2439 vui.

812 2547 959 2581 CCXVIII.

517 2619 686 2652 Revocaeio
703 2619 854 2652 omnium
874 2618 1083 2651 licentiarum
1099 2606 1259 2650 monaste-

561 2671 615 2704 ria
640 2671 839 2704 ›izonialz'um
864 2670 1084 2715 inyrcdiendi,
1107 2674 1165 2703 aut
1185 2680 1259 2703 cum

1084 271 1262 295 Britannus!
1287 270 1440 295 mmmm!

2213 0 2271 94 ’ξ

2239 101 2258 118 η

2234 146 2254 181 ,ζ’
2261 159 2267 174 ⁷

2041 267 2089 295 An.
2105 267 2134 295 c.
2157 268 2223 297 ιω
2243 247 2265 298 s·-

2246 285 2269 315 ff*

1327 317 1373 351 eis
1398 316 1627 357 conversandi,
1654 316 1846 350 mulieribus
1873 316 2027 350 hactenus

1329 381 1553 405 concessarum
1565 369 1584 403 ¹.

1526 451 1636 478 Paulus
1658 451 1735 484 Papa
1755 451 1787 482 V,

1426 505 1463 533 ad
1483 504 1615 532 futuram
1634 505 1678 532 roi
1698 505 1879 533 memoriam.

1330 585 1509 619 Monialium
1535 585 1647 629 quieti,
1672 595 1763 629 quae,
1787 584 1925 617 carnalia
1949 584 2030 617 desi·
2069 595 2190 618 Exordium.

1286 638 1374 671 deria
1398 638 1601 681 abnegantes,
1626 638 1680 671 Dei
1706 637 1858 681 obsequio
1883 648 1951 671 sese
1975 636 2030 670 ad-

1286 692 1443 731 dixerunt,
1469 690 1622 735 pastorali
1639 690 1849 724 sollieitudine
1862 690 2031 724 consulere

1287 745 1459 789 cupientes,
1484 745 1522 777 ad
1539 755 1575 778 ea
1593 743 1794 784 removenda,
1810 754 1890 787 quae
1907 743 2031 786 religio-

1287 810 1353 832 sam
1378 809 1486 832 earum
1511 798 1649 842 quietem
1674 803 1703 831 et
1730 797 1909 840 regularem
1925 796 2032 830 obser-

1288 852 1422 885 vantiam
1447 851 1634 895 perturbare
1655 850 1897 894 dignoscuntur,
1923 859 2031 882 curam

1287 909 1427 939 nostram
1445 904 1579 938 libenter
1595 903 1797 943 intendimus,
1814 907 1910 946 prout
1927 901 1958 934 in
1975 901 2032 936 Do-

1288 958 1374 991 mino
1399 957 1611 1002 conspicimus
1634 957 1802 990 salubriter
1826 955 1985 999 expedire.

1333 1012 1348 1055 g
1372 1011 1400 1044 l.
1425 1011 1577 1050 Quoniam
1603 1010 1719 1053 itaque,
1737 1009 1817 1042 sieut
1841 1007 2030 1052 accepimus,
2073 1019 2188 1042 sevocatio
2230 1031 2231 1034 =

1289 1065 1483 1109 experientia
1508 1069 1706 1108 compertum
1731 1068 1789 1103 est,
1809 1072 1872 1096 non
1889 1061 1971 1095 levia
1987 1061 2032 1094 in·
2045 1046 2162 1103 3223?
2185 1047 2239 1095 ui.»-

1289 1119 1454 1152 commoda
1473 1118 1613 1151 licentias
1630 1116 1826 1160 ingrediendi
1840 1115 2031 1149 monasteria
2045 1102 2242 1156 l'tffisssstffiu

1289 1171 1484 1211 monialimn,
1497 1170 1684 1204 {mulieribus
1700 1168 1894 1202 secularibus
1907 1177 2033 1201 conces-
2045 1152 2242 1200 {Zi's'fflss'im'

1289 1236 1348 1262 sas,
1373 1225 1465 1258 dictis
1488 1224 1679 1259 monialibus
1702 1223 1834 1256 inferre:
1859 1231 1917 1255 nos
1941 1220 2032 1254 malis

1289 1279 1468 1312 huiusmodi
1494 1283 1676 1322 opportuno
1701 1275 1842 1309 remedio
1862 1273 2032 1319 providere

1290 1333 1445 1372 volentes,
1462 1336 1550 1365 motu
1568 1331 1710 1375 proprio,
1724 1335 1753 1362 et
1769 1340 1806 1362 ex
1823 1330 1910 1362 certa
1924 1329 2032 1361 nostra

1289 1386 1430 1426 scientia,
1454 1385 1556 1429 deque
1581 1384 1771 1428 apostolicae
1789 1382 1953 1427 potestatis
1969 1382 2033 1427 ple-

1289 1439 1441 1480 nitudine,
1465 1449 1576 1473 omnes
1600 1444 1630 1471 et
1655 1438 1793 1481 singulas
1822 1437 1965 1470 licentias
1988 1437 2034 1470 in-

1289 1493 1452 1536 grediendi
1478 1491 1670 1526 monasteria
1701 1490 1886 1524 monialium
1915 1490 2033 1535 ubique

1290 1548 1432 1580 locorum
1457 1545 1667 1586 existentium,
1692 1555 1728 1578 ac
1753 1555 1826 1578 cum
1842 1543 2033 1577 monialibus

1290 1599 1494 1634 conversandi
1519 1605 1550 1632 et
1573 1594 1781 1632 resectionem
1807 1597 1950 1631 sumendi
1967 1608 2035 1632 cor-

1290 1654 1442 1698 poralem,
1468 1653 1656 1686 mulieribus
1681 1652 1907 1694 cuiuscumque
1923 1656 2033 1692 status,

1290 1707 1408 1750 gradus
1431 1712 1459 1740 et
1485 1706 1674 1740 conditionis
1698 1705 1914 1745 existentibus,
1939 1704 2033 1738 etiam

1292 1760 1497 1794 mai-cliionali
1522 1764 1553 1794 et.
1576 1759 1678 1792 ducali
1710 1758 1862 1802 dignitate
1885 1757 2034 1801 fulgenti-

1291 1813 1359 1853 bus,
1384 1813 1441 1846 sub
1458 1812 1711 1856 quibuscumque
1736 1811 1908 1844 verborum
1925 1809 2034 1843 formis

1291 1872 1320 1900 et
1346 1866 1517 1905 tenoribus,
1542 1876 1578 1898 ac
1602 1876 1673 1898 cum
1690 1864 1852 1908 quibusvis
1868 1863 1962 1897 etiam
1980 1863 2034 1897 de-

1293 1919 1525 1961 rogatori-‘irum
1543 1917 1764 1960 derogatoriis,
1785 1917 1915 1960 aliisque
1929 1916 2035 1951 sortio-

1293 1973 1380 2005 ribus
1394 1978 1421 2005 ct
1436 1971 1666 2005 efficacioribus
1679 1981 1714 2003 ac
1726 1970 1859 2004 insolitis
1874 1970 2033 2010 clausulis,

1292 2037 1348 2059 nec
1372 2035 1435 2059 non
1460 2025 1657 2058 irritantibus
1681 2023 1827 2064 decretis,
1845 2023 1884 2057 ad
1909 2028 2034 2067 tempus

1292 2080 1338 2112 vel
1364 2079 1394 2111 in
1420 2084 1622 2122 perpetuum,
1637 2089 1653 2110 a
1668 2076 1966 2122 praedecessoribus
1982 2087 2036 2110 no-

1292 2132 1364 2165 stris
1381 2131 1520 2165 romanis
1536 2131 1739 2175 pontificibus
1756 2135 1787 2164 et
1799 2130 1892 2164 etiarn
1909 2140 1927 2163 a
1942 2129 2035 2163 nobis

1293 2195 1458 2219 concessas
1475 2185 1623 2227 (quarum
1643 2189 1777 2224 tenores,
1791 2194 1826 2217 ae
1840 2183 1865 2216 si
1881 2183 1919 2216 de
1937 2182 2034 2216 verbo

1293 2238 1330 2270 ad
1356 2237 1486 2271 verbum
1505 2238 1730 2277 insererentur,
1749 2236 1968 2280 praesentibus
1985 2236 2036 2269 lia-

1293 2292 1360 2324 beri
1387 2291 1531 2324 volumus
1564 2301 1623 2335 pro
1647 2290 1830 2334 expressis)
1860 2289 2035 2333 apostolica

1293 2345 1488 2385 auctoritate,
1514 2350 1622 2378 tenore
1645 2343 1874 2388 praesentium,
1899 2352 2032 2377 revoca-

1293 2408 1373 2438 mus,
1398 2408 1558 2431 cassamus
1574 2403 1605 2430 et
1620 2397 1791 2436 irritamus,
1809 2406 1845 2429 ac
1862 2401 2034 2436 revocatas,

1293 2461 1397 2484 cassas
1421 2457 1451 2484 et
1476 2451 1582 2484 irritas
1606 2461 1674 2484 esse
1691 2450 1900 2483 decernimus.

1337 2507 1352 2548 Β·
1376 2505 1405 2538 2.
1432 2505 1611 2538 lnliibentes
1635 2503 1821 2537 mulieribus
1845 2503 2033 2548 praedictis,

1293 2558 1434 2594 licentias
1465 2558 1643 2592 huiusmodi
1671 2558 1868 2598 habentibus,
1893 2557 1951 2591 sub
1980 2568 2033 2591 ex-

2085 2517 2159 2539 l'oena
2172 2509 2257 2537 uun-1¹*

2049 2544 2100 2566 tium
2110 2541 2210 2565 licentiit.
2248 2544 2256 2554 ³
2273 2546 2276 2552 ·

1329 2633 1339 2660 ¹
1364 2632 1419 2660 Ilac
1437 2639 1522 2667 super
1549 2638 1578 2658 re
1601 2629 1662 2657 vIde
1681 2630 1848 2657 Const.x1„ix
1869 2629 1951 2664 Greg.
1972 2628 2032 2656 xm

1294 2678 1347 2706 Ubi
1360 2677 1483 2712 qratiae,
1500 2679 1564 2703 tom.
1581 2681 1636 2710 viu,
1657 2682 1717 2711 pag.
1734 2674 1794 2702 113.

2240 2720 2268 2852 ἓ

2234 3202 2265 3231 a}
2235 3193 2239 3197 ’
