2293 3231
283 288 331 317 ιιι.
349 289 381 319 c.
398 289 463 317 ¹62¹
512 278 576 314 5²28
1063 288 1242 313 nouatum

482 348 538 372 nes
551 338 682 377 iudices,
696 345 768 370 cum
783 337 928 370 facultate
944 337 1116 375 inhibendi,
1133 337 1226 370 etiam
1243 346 1246 383 ς

481 391 540 425 snb
564 390 717 430 censuris,
742 397 771 424 et
803 391 964 424 avocandi.
990 391 1245 436 Scripturarumt

481 444 624 478 omnium
643 447 672 478 et
700 443 908 487 singularum,
926 455 1006 488 quae
1028 445 1060 478 in
1085 445 1227 479 archivio

483 496 622 530 eiusdem
648 507 792 530 camerae
809 498 1000 542 apostolicae
1017 505 1226 540 asservantur,
1244 495 1245 502 ¹

484 557 544 584 tam
567 551 598 583 in
624 555 805 586 constructo
822 552 904 596 apud
929 552 1150 586 bibliothecam
1173 553 1228 585 l'a-

483 603 626 644 ticanam,
657 615 754 649 quam
777 605 809 638 in
833 604 895 639 alio
920 605 1078 645 inferiori,
1102 605 1157 638 ubi
1183 616 1228 639 re-

483 664 587 702 gestra
600 658 770 700 bullarum,
788 665 816 692 et
830 658 908 692 aliae
926 659 1094 704 sripturae,
1111 666 1140 693 et
1154 660 1226 693 libri

482 711 654 745 camerales
677 711 899 745 custodiuntur
927 718 956 745 et
982 719 1180 757 reponuntur
1195 713 1226 746 in

483 765 549 798 dies
563 793 570 805 ,
591 764 709 798 dictum
734 765 927 799 Ludovicum
961 766 1174 804 cardinalem,
1198 772 1226 800 et

482 830 541 864 pro
559 825 702 864 tempore
723 819 907 854 existentem
926 820 1137 853 camerarium
1158 831 1228 865 pro-

483 878 647 913 tectorem,
669 878 699 906 et
723 873 1034 917 superintendentem
1053 874 1165 907 harum
1184 884 1229 907 se·
1245 886 1246 895 ¹

483 926 529 959 rie
552 926 685 960 facimus
709 932 739 960 et
763 927 969 971 deputamus;
991 927 1101 961 dantes
1125 927 1226 960 cidem

483 979 641 1014 Ludovico
666 980 826 1021 cardinali,
852 986 881 1014 et
905 991 964 1025 pro
989 984 1132 1025 tempore
1147 981 1247 1014 exis-¹

482 1033 560 1068 tenti
583 1033 770 1074 camerario,
788 1033 862 1067 dicti
887 1034 1017 1067 archivii
1036 1044 1156 1075 curam,
1174 1045 1230 1077 gu-

482 1086 629 1120 bernium
654 1091 683 1119 et
707 1086 1012 1121 administrationem
1039 1097 1110 1120 cum
1137 1087 1230 1120 sacul-

482 1145 546 1173 tate
569 1144 695 1184 sumpta
722 1144 753 1174 et
776 1143 973 1185 transumpta
997 1151 1032 1173 ex
1059 1140 1150 1173 dictis
1178 1151 1228 1174 rc-

483 1194 608 1239 gcstris,
625 1199 659 1227 ut
683 1194 834 1228 hactenus
858 1199 1044 1228 consuetum
1069 1194 1179 1234 extitit,
1198 1194 1229 1227 in

483 1249 694 1283 authenticam
709 1249 842 1282 sormam
856 1249 1108 1293 quibuscumque
1123 1259 1229 1293 perso-

483 1303 532 1336 nis
555 1302 594 1336 ad
618 1313 690 1335 eum
715 1302 952 1336 recurrentibus
981 1308 1008 1335 et
1039 1302 1097 1335 sihi
1133 1302 1228 1336 benc-

484 1355 559 1390 visis
591 1356 804 1396 concedendi;
830 1357 1004 1401 scripturas
1035 1356 1228 1396 camel-ales,

485 1417 547 1445 tam
572 1421 630 1456 per
661 1410 800 1445 notarios
829 1421 996 1451 camerae,
1024 1420 1120 1454 quam
1152 1409 1229 1442 alias

483 1475 698 1509 quascumque
722 1474 874 1508 personas
899 1463 1034 1497 indebite
1066 1463 1207 1496 detentas

485 1529 540 1552 seu
563 1518 759 1558 detinendas,
785 1518 822 1551 ad
848 1517 953 1561 ipsum
977 1517 1153 1551 archivium
1179 1517 1230 1550 de-

485 1571 559 1605 t'erri
583 1571 716 1605 faciendi
741 1577 770 1604 et
795 1571 973 1611 mandandi,
990 1582 1026 1604 ac
1050 1571 1128 1604 alios
1144 1571 1182 1603 ad
1200 1571 1229 1604 id

486 1636 543 1671 per
567 1625 645 1659 iuris
670 1631 701 1658 et
725 1625 796 1658 sacti
821 1624 961 1659 remedia
986 1630 1164 1669 opportuna
1182 1635 1231 1658 co-

485 1680 578 1724 gendi
604 1684 633 1713 et
658 1679 886 1723 compellendi;
904 1678 1104 1723 liberumque
1130 1689 1232 1712 acces-

485 1743 553 1767 sum
572 1733 609 1766 ad
627 1733 730 1777 ipsum
751 1732 927 1766 archivium
945 1732 1079 1773 notario,
1097 1732 1230 1772 custodi,

485 1798 522 1821 ac
546 1786 614 1820 aliis
638 1786 782 1830 personis
810 1786 867 1819 sibi
894 1785 1051 1819 benevisis
1068 1791 1175 1829 patere
1192 1786 1232 1818 sa-

486 1840 588 1875 ciendi
613 1845 643 1874 et
668 1840 875 1879 decernendi3
902 1839 1076 1872 dummodo
1101 1839 1231 1883 copiae,

487 1899 612 1938 sumpta
636 1904 672 1927 ac
695 1898 892 1937 transumpta
917 1892 1123 1926 materiarum
1153 1892 1231 1927 inte-

488 1958 573 1981 resse
597 1957 741 1981 camerae
758 1947 937 1991 praedictae
960 1946 1231 1986 concernentium,

487 2012 551 2036 non
570 2002 684 2035 dentur
698 2001 764 2034 sine
778 2001 1016 2046 participatione
1038 2005 1067 2034 ct
1085 2000 1232 2033 mandato

489 2066 557 2096 suo,
574 2061 604 2088 ct
628 2066 687 2099 pro
711 2061 854 2100 tempore
871 2054 1032 2087 existentis
1055 2053 1232 2087 camerarii.

491 2109 640 2143 Volumus
657 2114 760 2141 autem
779 2113 809 2140 et
825 2107 1036 2147 decernimus,
1053 2106 1138 2151 quod
1166 2107 1233 2150 ipse

490 2164 520 2196 in
538 2162 685 2196 omnibus
709 2161 878 2199 montibus,
896 2167 957 2193 tam
975 2170 1117 2194 camerae
1142 2170 1233 2205 prac-

489 2216 600 2257 dictae,
617 2226 710 2260 quam
738 2215 1019 2255 communitatum,
1044 2219 1074 2247 et
1098 2214 1233 2248 aliorum

492 2270 740 2316 particularium,
758 2270 788 2302 in
805 2269 920 2313 quihus
944 2268 1084 2302 eiusdem
1103 2268 1131 2301 S.
1151 2269 1184 2301 R.
1201 2268 1232 2301 E.

491 2323 684 2358 camerarius
719 2326 881 2367 protector
905 2322 994 2355 datus
1019 2322 1140 2361 existit,
1168 2322 1233 2366 ipsc

491 2376 719 2422 protectoriam
744 2375 924 2409 huiusmodi
945 2375 975 2408 in
993 2375 1110 2408 eisdem
1138 2375 1235 2409 omni-

491 2431 549 2464 bus
566 2430 682 2464 habere
701 2435 731 2462 et
748 2440 894 2462 exercere
914 2429 1030 2473 possit;
1048 2428 1157 2463 dantes
1174 2428 1233 2461 sibi
1251 2425 1254 2472 ᾗ

493 2485 672 2518 facultatem
696 2489 727 2517 et
749 2483 968 2517 auctoritatem
994 2493 1102 2517 omnes
1127 2488 1155 2516 et
1177 2476 1253 2515 sin-¹

493 2538 582 2580 gulas
606 2548 715 2570 causas
739 2537 777 2569 ab
795 2537 912 2569 eisdem
930 2536 1152 2581 dependentes,
1173 2536 1255 2586 pri-¹

495 2591 594 2624 vative
611 2590 714 2634 quoad
738 2600 849 2623 omnes
868 2590 957 2631 alios,
978 2589 1187 2633 cognoscendi
1205 2594 1233 2622 ct
1252 2594 1253 2628 ἶ

492 2643 694 2686 terminandi,
711 2654 834 2677 necnon
851 2643 1000 2677 officiales
1017 2653 1235 2688 quoscumque.
1251 2658 1254 2716 Ι

494 2697 691 2738 necessarios
713 2703 744 2732 et
767 2701 974 2742 opportunos,
996 2697 1088 2732 toties
1111 2696 1235 2742 quoties

1266 289 1421 314 ROMANUM

1261 348 1342 382 opus
1359 338 1462 379 suerit,
1476 338 1656 382 deputandi,
1671 339 1741 372 etin
1753 339 1814 373 illis
1832 339 2002 379 montibus,

1262 391 1316 434 qui
1341 390 1400 424 sub
1424 390 1508 424 illius
1533 392 1728 436 protectione
1750 402 1812 426 non
1846 398 1934 434 sunt,
1951 399 2005 427 aut.

1261 448 1475 488 protectorem
1500 454 1563 477 non
1587 444 1713 485 habent,
1729 445 1934 480 nihilominus
1953 458 2004 480 au-

1261 497 1438 531 ctoritatem
1465 497 1581 531 habere
1616 497 1747 535 debeat:
1773 504 1800 531 et
1827 499 2003 542 montistis,

1263 551 1438 595 ceterisque
1464 552 1502 583 ad
1527 551 1613 584 illum
1641 552 1886 593 recurrentibus,
1911 563 2003 586 suum

1261 605 1400 639 officium
1414 611 1444 638 et
1464 605 1652 639 beneficium
1678 606 1886 650 impertiatur,
1904 612 1931 639 et
1954 617 2006 651 op-

1261 663 1396 703 portune
1421 658 1600 702 provideat:
1627 668 1688 692 non
1713 659 1909 693 obstantibus
1934 659 2004 704 qui-

1261 712 1457 756 buscumque
1488 711 1746 756 dispositionibus
1770 712 1949 757 apostolicis
1973 713 2005 746 in

2016 292 2064 319 An.
2081 292 2109 319 C.
2133 293 2197 321 162¹

1244 765 1458 803 ¹contrarium
1487 766 1592 799 forsan
1618 765 1722 799 sactis:
1747 765 1871 810 quibus,
1897 776 2004 799 earum

1262 819 1459 861 singularum
1485 824 1612 853 tenores
1636 819 1854 863 praesentibus
1871 829 1929 863 pro
1946 820 2007 853 sus-

1262 872 1406 906 ticienter
1431 871 1587 917 expressis
1603 872 1763 912 habentes,
1782 871 1875 906 etiam
1892 873 2006 906 harum

1263 925 1343 959 serie
1368 926 1407 958 ad
1432 925 1578 959 effectum
1604 925 1799 970 praedictum
1830 926 2008 971 specialiter

1264 979 1464 1023 derogamus.

1307 1033 1322 1077 g
1343 1032 1395 1066 33.
1421 1033 1597 1073 Praeterea,
1621 1033 1646 1066 si
1676 1033 1836 1076 contingat
1860 1031 2008 1066 eumdem

1263 1086 1457 1120 Ludovicum
1487 1086 1681 1120 cardinalem
1705 1086 1926 1127 camerarium,
1944 1091 2006 1120 tarn

1262 1140 1383 1174 ratione
1407 1140 1602 1174 voluntariae
1626 1151 1721 1184 quam
1746 1140 1942 1173 necessariae
1957 1139 2008 1173 ah-

1263 1194 1390 1234 sentiae‚
1410 1194 1575 1228 occasione
1600 1194 1787 1227 residentiae
1813 1194 1843 1227 in
1868 1194 2009 1228 ecclesiis

1263 1248 1506 1289 cathedralibus,
1532 1248 1625 1282 etiam
1653 1247 1914 1292 metropolitanis,
1939 1248 2008 1292 qui-

1262 1301 1321 1334 bus
1343 1307 1478 1345 praeest,
1494 1307 1545 1334 aut
1564 1301 1652 1334 illum
1670 1311 1816 1345 praeesse
1829 1301 2006 1344 contigerit,
2049 1319 2149 1342 famu„
2171 1320 2208 1342 ἀ..

1263 1355 1301 1387 ab
1327 1354 1411 1389 Urbe
1429 1355 1577 1388 recedere
1592 1382 1599 1395 ‚
1628 1355 1698 1395 sibi,
1721 1360 1751 1387 ut
1779 1355 1846 1398 ipse
1869 1355 2006 1398 aliquem
2021 1347 2206 1395 ξῆῑξῇῗζωρῐῖξζ

1263 1409 1404 1442 eiusdem
1422 1414 1547 1442 sanctae
1563 1409 1722 1442 Romanae
1735 1408 1893 1442 Ecclesiae
1909 1409 2008 1442 cardi·
2021 1401 2207 1458 ξῗζζῗᾞῃζξᾞξῖ

1263 1462 1366 1495 nalem
1382 1462 1652 1506 procamerarium
1673 1462 1739 1497 eius
1761 1462 1831 1496 loco
1845 1462 2007 1506 deputare,
2021 1459 2130 1503 §333⁶
2169 1453 2207 1476 at>-

1264 1515 1355 1560 eique
1389 1516 1474 1549 vices
1505 1521 1535 1549 et
1566 1526 1658 1550 voces
1683 1526 1771 1557 suas,
1793 1526 1864 1549 cum
1889 1515 2007 1550 eisdem

1263 1570 1463 1604 facultatibus
1489 1575 1520 1603 et
1547 1570 1785 1604 auctoritatibus
1810 1581 1845 1603 ac
1870 1569 2008 1611 indultis,

1264 1634 1343 1668 quae
1358 1624 1491 1668 ipsemet,
1501 1623 1677 1657 Ludovicus
1690 1623 1857 1657 cardinalis
1871 1633 2009 1657 camera-

1265 1677 1332 1710 rius
1348 1677 1505 1719 habuerit‚
1522 1677 1746 1721 parisormiter,
1762 1683 1792 1710 et
1809 1677 1927 1721 absque
1943 1677 2008 1710 ulla

1265 1742 1399 1776 prorsus
1416 1731 1603 1771 differentia,
1623 1731 1770 1775 delegare
1788 1731 1887 1775 possit
1905 1735 1935 1765 et
1954 1741 2009 1764 va-

1266 1785 1337 1825 lcat,
1359 1785 1481 1829 pariter
1500 1785 1711 1828 indulgemus,
1736 1795 1771 1818 ac
1796 1785 1954 1818 licentiam
1979 1790 2010 1818 et

1266 1838 1444 1872 facultatem
1469 1844 1682 1882 opportunam
1707 1838 1751 1871 illi
1776 1838 1913 1882 desuper
1940 1849 2011 1872 eon-

1266 1891 1407 1925 cedimus
1431 1897 1459 1924 et
1485 1891 1695 1935 impertimur.

1311 1947 1325 1989 ξ
1349 1945 1401 1979 34.
1427 1946 1465 1978 Et
1487 1945 1579 1989 quia,
1600 1946 1679 1980 sicut
1704 1946 1905 1990 accepimus,
1930 1955 2009 1979 non·
2047 1961 2209 1983 meamea-1-

1266 2000 1369 2032 nullae
1395 2009 1505 2033 causae
1530 2000 1714 2041 camerales,
1731 2009 1811 2043 quae
1837 2009 1944 2033 coram
1961 2009 2010 2033 ca·
2025 1993 2208 2036 {ffiffifflssssffl

1267 2054 1414 2094 mei-ario,
1432 2064 1487 2086 seu
1505 2054 1538 2086 in
1554 2055 1678 2086 camera
1695 2053 1884 2093 huiusmodi,
1902 2063 2009 2087 coram
2024 2068 2209 2098 mariammes.

1268 2107 1351 2141 illius
1377 2107 1575 2152 praesidente
1599 2113 1629 2140 et
1649 2107 1772 2141 clericis
1795 2107 1944 2150 cognosci
1958 2107 2011 2141 de·
2024 2094 2210 2152 ffilsllllid'lla'ffii

1268 2162 1420 2203 buissent,
1446 2172 1553 2195 coram
1578 2161 1712 2195 diversis
1736 2161 1892 2195 iudicibus
1912 2161 2010 2195 intro·
2025 2148 2159 2197 ἱῗὲᾞῗῖιῗυῗά
2173 2153 2209 2169 ‘³³'

1267 2215 1379 2249 ductae
1411 2215 1637 2259 reperiuntur,
1663 2220 1694 2248 et
1717 2215 1818 2248 adhuc
1855 2214 2011 2248 indecisae

1268 2268 1414 2312 pendent,
1424 2278 1491 2309 nos,
1505 2268 1575 2301 illas
1588 2268 1626 2301 ad
1641 2268 1786 2301 eumdem
1802 2267 2011 2301 camerarium

1268 2327 1296 2356 et
1315 2332 1471 2356 cameram
1495 2322 1699 2366 praedictam,
1713 2327 1873 2366 tamquam
1898 2331 2010 2355 eorum

1269 2375 1435 2420 proprium
1449 2375 1596 2414 tribunal,
1607 2374 1723 2408 remitti
1739 2375 1887 2413 volentes,
1898 2375 2011 2407 harum

1269 2429 1360 2471 serie,
1378 2439 1487 2463 omnes
1505 2433 1534 2462 et
1547 2429 1686 2471 singulas
1700 2439 1811 2462 causas
1826 2427 2011 2472 praedictas,

1251 2489 1332 2519 etam
1366 2483 1397 2516 in
1427 2482 1725 2526 congregationibus
1757 2482 1794 2514 de
1819 2482 1903 2515 bono
1928 2481 2013 2525 regi-

1270 2537 1364 2578 mine,
1394 2547 1449 2569 sen
1477 2546 1571 2579 super
1595 2534 1830 2578 gravaminibus
1853 2534 2010 2576 tollendis,

1269 2600 1362 2634 quam
1389 2599 1494 2623 eoram
1526 2588 1594 2621 aliis
1626 2587 1879 2633 quibuscumque
1903 2587 2011 2621 iudici-

1269 2643 1328 2676 bus
1352 2642 1565 2682 introductas,
1591 2646 1619 2674 ct
1645 2640 1799 2674 indecisas
1823 2640 2009 2685 pendentes,

1270 2697 1300 2730 in
1325 2701 1407 2731 statu
1431 2701 1462 2730 et
1486 2695 1630 2729 terminis
1657 2695 1688 2729 in
1712 2695 1826 2740 quihus
1847 2693 2011 2740 reperiun-

2024 2048 2037 2063 a
2044 2042 2209 2068 congregatione
2256 2055 2257 2058 ,
