2293 3231
92 277 142 305 An.
162 275 192 305 C.
209 274 272 306 1621

901 275 1078 302 aanoomus
1098 275 1141 302 xv
1161 276 1209 301 Pr.
1705 263 1770 300 495
1817 274 1866 300 An.
1885 273 1913 302 c.
1932 271 1995 302 1621

291 332 350 368 per
373 322 610 368 provisionibus
642 333 916 368 quorumcumque
940 324 1035 357 bene-

291 375 438 410 ficiorum
463 376 748 410 ecclesiasticorum
774 377 840 410 dari
866 381 1033 421 poterunt,

291 433 386 473 prout
410 429 526 462 nostris
550 429 758 463 familiaribus
772 430 926 463 continuis
952 440 1034 463 com-

1068 324 1115 356 nis
1139 334 1196 367 per
1213 333 1266 357 eos
1282 324 1493 368 praesentium
1511 322 1619 366 vigore
1636 321 1803 362 faciendae,

1068 377 1248 417 existebant,
1274 377 1303 409 in
1328 377 1472 410 omnibus
1497 382 1525 409 et
1551 387 1608 420 per
1632 375 1736 409 omnia
1757 386 1804 408 su-

1068 430 1190 473 brogati
1208 441 1274 463 esse
1289 434 1484 471 censeantur,
1498 430 1589 464 etiam
1604 429 1805 463 concedimus

292 482 495 523 mensalibus,
513 482 606 516 etiam
627 483 724 526 gratis
741 483 854 516 dentur
875 488 905 516 et
928 494 1034 516 conce·
1049 476 1051 520 f
1067 490 1097 517 et
1122 484 1337 527 indulgemus:
1364 484 1484 516 etiamsi
1515 483 1647 516 similem
1673 483 1805 526 gratiam

293 535 416 576 dantur,
433 546 468 569 ac
481 535 548 568 dari
560 541 590 569 et
606 536 735 569 concedi
748 535 876 570 omnino
890 536 1032 576 debeant,
1049 522 1052 565 Ῑ
1067 547 1084 569 a
1116 536 1412 580 praedecessoribus
1441 536 1555 570 nostris
1593 536 1668 569 alias
1702 536 1807 569 forsan

293 588 505 632 praecipimus
522 594 552 621 et
569 589 770 622 mandamus:
1050 587 1274 630 }obtinuerint‚
1300 600 1354 622 seu
1378 590 1507 633 quilibet
1534 601 1644 623 eorum
1669 589 1807 623 obtinue-

120 655 203 686 1nqnua
221 655 279 677 circa
338 642 353 685 ἓ
376 641 427 675 «102.
447 642 489 675 Ac
506 641 623 674 eisdem
648 643 855 684 conclavistis,
874 648 904 676 et
923 653 1033 676 eorum
1050 633 1052 691 ἰ
1068 644 1117 684 rit,
1136 643 1218 676 illius
1243 643 1356 676 ess'eetu
1382 644 1567 677 cumulatiw·
1593 654 1646 677 eos
1671 643 1806 686 gaudere

102 683 280 758 ἑῖῗιῗὲἱῗὲἓῖξιέ
293 694 435 738 singulis,
461 700 495 728 ut
518 695 707 740 quicumque
725 697 786 730 loci
803 696 969 737 Ordinarii,
987 697 1033 729 vel
1050 711 1052 743 3
1068 702 1094 730 et
1110 696 1204 740 potiri
1219 697 1372 731 volumus:
1387 697 1599 731 decernentes,
1615 697 1698 740 ipsas
1711 701 1808 729 trans-

94 742 107 758 2

93 763 278 811 ῗξὲᾚῗῗέἓὲ.
294 746 437 780 canonici
465 748 783 792 metropolitanarum
815 759 869 782 seu
901 749 1033 782 aliarum
1050 758 1051 768 ³
1068 749 1199 782 tationes
1224 754 1253 782 et
1276 759 1372 782 novas
1396 749 1634 789 reservationes,
1660 750 1808 783 constitu-

296 853 533 895 ecclesiastieae,
550 858 614 888 tam
630 855 662 887 in
678 855 819 888 Romana
839 855 926 888 curia
942 865 1035 899 quam
1050 848 1052 882 ⁴}

296 912 384 940 extra
408 917 486 949 eam,
511 908 550 940 ad
574 908 604 941 id
629 919 688 952 per
712 918 765 942 eos
789 913 819 941 et
843 918 953 941 eorum
978 908 1052 941 sin-'

296 960 387 1003 gulos
411 960 547 1003 eligendi
564 970 619 994 seu
636 960 807 1004 eligendae,
821 971 1035 1005 quascumque

297 1012 466 1058 pensiones
490 1023 608 1046 annuas
633 1012 678 1046 eis
707 1018 737 1046 et
769 1023 880 1046 eorum
905 1013 1036 1056 singulis

298 1076 393 1111 super
416 1066 668 1110 quibuscumque
683 1066 847 1108 fructibus,
862 1066 1036 1100 redditibus

298 1124 329 1153 et
351 1119 557 1164 proventibus
574 1129 848 1164 quorumcumque
867 1120 1036 1154 beneficio-
1052 1110 1054 1174 Ἰ

297 1183 370 1207 rum
394 1173 695 1215 ecclesiasticorum,
721 1185 792 1207 cum
818 1176 893 1207 eura
917 1179 948 1207 et
971 1175 1054 1207 sine}

299 1228 383 1268 cura,
408 1226 597 1260 secularium
622 1231 653 1260 et
676 1227 860 1270 quorumvis
885 1208 1055 1288 ominum}

298 1281 504 1326 regularium,
530 1292 584 1314 seu
609 1281 740 1322 fructus,
765 1281 905 1315 redditus
921 1286 951 1314 et
967 1289 1055 1326 pro-³

298 1339 409 1370 ventus
439 1335 620 1368 huiusmodi
648 1334 875 1368 beneficiorum
900 1315 1056 1368 reserva-i

1054 1351 1055 1359 i

1054 1376 1056 1383 v

298 1395 358 1431 tos,
383 1399 438 1422 seu
462 1389 678 1430 reservandos,
704 1389 826 1422 etiamsi
851 1389 926 1421 alias
943 1389 1056 1423 semel}

299 1444 348 1478 vel
371 1444 490 1489 pluries
524 1444 691 1477 translatae
723 1454 779 1476 seu
810 1444 949 1476 translati
977 1433 1058 1487 suo}

299 1498 373 1540 rint,
397 1508 497 1542 usque
521 1497 560 1530 ad
585 1508 740 1531 summam
764 1503 890 1531 centum
914 1498 1056 1536 ducato-}

299 1562 372 1586 rum
388 1552 456 1586 auri
473 1552 511 1584 de
528 1553 655 1585 camera
679 1551 840 1592 similium,
857 1552 887 1584 in
908 1557 973 1585 toto
992 1553 1039 1585 vel
1055 1544 1056 1559 ³

300 1605 333 1639 in
356 1610 464 1650 parte,
490 1616 525 1638 ac
559 1606 652 1638 etiam
682 1605 711 1638 in
744 1605 855 1639 mortis
884 1605 1016 1638 articulo
1032 1633 1056 1646 ,¹

301 1669 423 1693 cassare
448 1663 476 1692 et
502 1659 703 1702 extinguere,
729 1663 767 1699 et,
787 1665 953 1703 postquam
979 1670 1040 1692 cas-

301 1717 384 1746 satae
417 1716 447 1747 et
477 1713 631 1746 extinctae
660 1712 797 1753 suerint,
822 1713 897 1745 alias
922 1713 1057 1761 similes,

299 1766 467 1811 pensiones
486 1776 615 1807 annuas,
632 1777 687 1800 seu
710 1767 841 1807 fructus,
854 1767 994 1801 redditus
1011 1772 1039 1800 et

301 1824 474 1865 proventus
497 1820 689 1861 huiusmodi,
708 1831 809 1864 usque
826 1821 865 1853 ad
884 1832 1039 1854 summam
1056 1822 1057 1834 ³

301 1873 506 1918 praedictam,
523 1873 578 1906 uni
602 1874 650 1906 vel
675 1873 820 1918 pluribus
843 1873 912 1907 aliis
935 1885 1041 1918 perso-

301 1925 351 1959 nis
367 1926 596 1967 ecclesiasticis,
612 1937 670 1971 per
694 1927 820 1961 eosdem
837 1928 1042 1962 conclavistas
1056 1948 1057 1972 t

304 1984 335 2012 et
347 1989 458 2025 eorum
471 1980 611 2023 singulos
624 1981 833 2021 nominandis,
848 1981 941 2014 etiam
951 1992 1042 2026 quae·
1057 2018 1058 2022 Ἰ

305 2041 449 2076 cumque,
461 2037 671 2077 quotcumque
688 2039 719 2067 et
734 2035 973 2079 qualiacumque
990 2036 1042 2068 be·

304 2084 415 2119 neficia
440 2086 648 2120 ecclesiastica
672 2087 884 2122 obtinentibus
901 2094 931 2122 et
955 2080 1059 2133 expe-2

95 821 161 839 mon.
295 799 521 842 ecclesiarum,
546 806 604 845 ¹aut
632 811 786 846 personae
820 798 1169 846 quaecumquestiones
1199 808 1228 835 et
1257 802 1483 845 assignationes
1513 803 1718 846 pensionum,
1753 813 1807 836 seu

1051 857 1236 903 ,sructuunn
1262 855 1439 888 reddituum
1465 861 1494 888 et
1519 861 1730 900 proventuum
1755 856 1808 888 liu-

1069 909 1218 950 iusmodi,
1244 910 1369 953 plenam
1395 909 1519 942 roboris
1550 909 1730 942 firmitatem
1755 909 1809 942 ob-

1051 977 1053 996 t
1069 961 1179 1002 tin‘ere,
1200 962 1348 1006 ipsosque
1372 961 1534 1001 beneficia,
1552 972 1647 1005 super
1671 972 1807 1005 quorum
1825 961 1830 965 ’

1068 1014 1235 1055 fructibus,
1253 1015 1426 1048 redditibus
1444 1021 1471 1048 et
1489 1014 1694 1059 proventibus
1711 1024 1809 1048 reser-

1052 1072 1155 1102 :vatae
1179 1068 1304 1109 fuerint,
1329 1068 1513 1109 obtinentes,
1538 1068 1576 1100 ad
1601 1068 1668 1101 illas
1692 1068 1809 1112 persol-

1070 1121 1184 1154 vendas
1201 1122 1368 1154 efficaciter
1384 1121 1538 1165 obligatos
1554 1122 1637 1154 sore:

1115 1175 1130 1217 ξ
1146 1174 1196 1208 13.
1215 1176 1257 1208 Ac
1273 1186 1345 1208 eum
1357 1175 1474 1208 eisdem
1492 1174 1698 1216 conclavistis,
1714 1175 1808 1218 quod,
1851 1188 1951 1210 nannum
1967 1188 2007 1208 cu.

1070 1229 1191 1262 ratione
1208 1239 1480 1272 quarumcumque
1494 1228 1681 1271 pensionum
1695 1238 1810 1260 annua·
1824 1216 2007 1262 2¹53¹⁰¹ii2ffissiffi

1071 1293 1142 1315 rum
1167 1282 1211 1315 eis
1229 1287 1385 1316 eteorum
1410 1281 1537 1314 cuilibet
1562 1291 1656 1325 super
1680 1281 1810 1324 quibus-
1825 1268 2009 1315 321222‘3222332223

1072 1347 1206 1380 eumque
1231 1336 1392 1369 beneficiis
1417 1335 1643 1376 ecelesiasticis,
1661 1340 1693 1367 ut
1724 1345 1811 1378 prae·
1824 1324 1934 1395 {22¹2}ssss
1969 1321 2009 1378 3.ῗῆ

1825 1381 1917 1397 ΒΣΕΕίεῦ
1929 1380 1950 1395 ΕΞ
1972 1380 2009 1394 lm-

1072 1391 1179 1431 sertur,
1200 1391 1248 1423 vel
1267 1390 1342 1423 alias
1365 1388 1602 1434 quomodolibet
1626 1388 1811 1433 qualisicatis
1826 1403 2010 1431 moiucontracto

1073 1445 1149 1488 (nou
1174 1450 1278 1477 tamen
1302 1444 1384 1476 ultra
1417 1454 1572 1476 suminam
1602 1443 1811 1476 ducentorum
1826 1431 2012 1488 {iisnedfflffe'riffl‘s'ss

1073 1499 1260 1532 ducatorum
1285 1499 1410 1543 parium
1434 1509 1493 1542 pro
1514 1497 1667 1542 quolibet)
1684 1508 1766 1530 nunc
1783 1502 1811 1530 et
1828 1487 1875 1506 ⁵¹⁰¹*

1072 1564 1130 1596 pro
1156 1558 1296 1596 tempore
1316 1557 1548 1585 reservatarum
1567 1556 1596 1586 et
1613 1552 1814 1584 reservanda-

1073 1618 1154 1647 rum,
1172 1606 1315 1639 habitum
1341 1609 1369 1639 et
1395 1609 1555 1639 tonsuram
1580 1605 1740 1638 clericales
1765 1616 1814 1648 ge

1073 1665 1164 1697 stare,
1190 1665 1219 1692 et
1244 1660 1275 1691 in
1300 1659 1369 1695 iltis,
1387 1659 1559 1692 dummodo
1584 1659 1658 1692 alias
1684 1659 1740 1702 ipsi
1765 1659 1815 1692 lia-

1073 1713 1173 1746 bitum
1198 1713 1360 1746 decentem
1397 1718 1427 1746 et
1458 1713 1625 1746 honestum
1654 1713 1814 1754 deserant,

1074 1768 1220 1801 incedere
1234 1767 1363 1800 minime
1382 1767 1592 1806 debeant‚nee
1609 1767 1647 1799 ad
1664 1766 1695 1799 id
1712 1778 1728 1799 a
1742 1778 1815 1811 quo-

1074 1832 1169 1865 quam
1192 1821 1328 1864 desuper
1353 1820 1432 1863 cogi,
1450 1831 1505 1853 seu
1521 1820 1683 1864 compelli,
1702 1820 1817 1853 minus-

1074 1885 1134 1919 que
1160 1875 1279 1918 aliquas
1316 1874 1503 1914 sententias,
1529 1884 1698 1913 censuras,
1723 1874 1816 1908 etiam

1074 1927 1256 1971 privationis
1281 1938 1335 1960 seu
1360 1927 1542 1960 cessationis
1576 1927 1715 1970 ipsarum
1740 1937 1816 1970 pen-

1075 1981 1199 2014 sionum
1222 1991 1348 2025 poenas,
1368 1981 1532 2014 occasione
1557 1981 1815 2024 praemissorum,

1076 2035 1238 2068 incurrere
1262 2034 1398 2078 possint,
1418 2034 1473 2067 sed
1498 2034 1622 2067 easdem
1648 2033 1816 2078 pensiones

1075 2089 1114 2121 ad
1130 2089 1321 2132 praedictam
1347 2099 1503 2121 summam
1528 2088 1735 2121 ducentorum
1760 2088 1816 2121 du-

305 2139 472 2180 ctantibus,
488 2139 631 2173 similiter
648 2140 702 2181 eis,
719 2142 822 2185 quoad
836 2142 979 2183 vixerint,
995 2145 1041 2176 vel
1057 2126 1059 2195 ἶ
1076 2147 1217 2177 catorum
1255 2142 1456 2176 ascendentes
1471 2169 1477 2183 ,
1514 2147 1541 2174 et
1576 2147 1750 2175 reservatas
1785 2146 1814 2174 ut

306 2203 417 2227 eorum
445 2193 705 2238 procuratoribus
734 2195 900 2238 legitimiS,
925 2196 1042 2229 eisdem
1058 2203 1059 2232 ἴ
1076 2197 1262 2240 praefertur,
1283 2196 1405 2228 etiamsi
1431 2195 1667 2228 matrimonium
1693 2200 1817 2227 contra-

305 2246 401 2280 modo
425 2251 455 2279 et
479 2246 591 2287 forma,
611 2246 725 2290 quibus
742 2247 860 2280 eisdem
877 2241 1189 2303 conclavis-]xe1²iiit,
1211 2260 1281 2282 cum
1307 2249 1400 2282 unica
1425 2254 1528 2282 tamen
1553 2253 1581 2282 et
1606 2247 1743 2291 virgine,
1773 2258 1818 2279 re-

305 2300 345 2333 tis
368 2303 544 2334 reservatae
559 2310 614 2333 seu
631 2301 783 2333 reservati
807 2301 932 2342 suerint,
950 2302 1044 2335 etiam
1077 2302 1184 2346 cipere
1209 2306 1239 2335 et
1263 2302 1418 2342 retinere;

306 2353 425 2397 absque
453 2353 606 2386 beneficia
636 2353 703 2398 ipsa
733 2354 941 2387 obtinentium
970 2365 1044 2388 con·
1123 2356 1138 2397 ,ξ
1154 2355 1204 2387 14.
1220 2356 1393 2396 Postremo,
1408 2355 1491 2398 quod
1505 2355 1586 2388 bona
1600 2365 1817 2398 quaecumque
1856 2365 1875 2393 ,Α
1891 2364 1963 2390 -potns
1976 2364 2016 2384 exi>

307 2416 416 2448 sensu,
441 2406 563 2450 integre
587 2407 827 2451 persolvendas,
852 2417 888 2440 ac
911 2418 968 2451 per
992 2418 1046 2441 eos
1061 2434 1062 2440 ,
1079 2407 1117 2440 ad
1141 2408 1241 2441 dictos
1266 2408 1469 2442 conclavistas
1500 2413 1529 2440 et
1554 2419 1664 2441 eorum
1689 2392 1878 2451 quemn-'²¹¹¹'

307 2459 441 2504 propria
465 2459 650 2493 auctoritate
674 2460 903 2504 percipiendas,
925 2460 1046 2504 exigen-
1061 2452 1062 2494 Ϊ
1079 2460 1131 2494 bet
1155 2461 1341 2505 spectantia,
1367 2467 1397 2494 et
1420 2472 1475 2505 per
1493 2472 1546 2494 eos
1564 2461 1671 2504 tetiam
1696 2461 1817 2495 ratione

309 2513 363 2546 das
393 2518 424 2546 et
446 2513 611 2554 levandas,
636 2523 813 2555 reservare,
840 2515 1045 2555 constituere,
1080 2525 1352 2558 quorumcumque
1378 2514 1604 2548 beneficiorum
1630 2516 1817 2550 ecclesiasti-

310 2565 482 2600 concedere
506 2571 536 2600 et
560 2567 721 2611 assignare
741 2567 862 2600 valeant
870 2579 877 2607 3
904 2573 995 2611 atque
1015 2568 1047 2601 in
1062 2599 1063 2610 ,
1081 2579 1201 2609 corum,
1226 2569 1319 2601 etiam
1344 2569 1594 2610 canonicatuum,
1615 2575 1645 2601 et
1669 2568 1819 2613 praeben-

309 2620 506 2664 possessione
530 2620 627 2656 dictas
647 2621 813 2666 pensiones
837 2621 991 2665 exigendi,
1016 2621 1047 2654 iu
1062 2647 1064 2671 t
1081 2622 1202 2664 darum,
1220 2633 1254 2655 ac
1280 2622 1477 2665 dignitatum,
1496 2623 1589 2656 etiam
1613 2623 1769 2656 maiorum
1789 2628 1832 2669 et·

310 2683 371 2718 qua
393 2673 451 2719 ipsi
475 2675 682 2711 conclavistae
707 2680 851 2722 tempore
876 2675 1047 2711 translatio·
1063 2674 1322 2722 lprineipalium‚
1347 2676 1442 2711 etiam
1466 2676 1592 2721 speciali
1617 2678 1690 2711 nota
1716 2682 1745 2711 et
1771 2687 1819 2710 ex-
