2293 3231
71 278 160 306 AmC.
182 277 250 305 1623

268 325 374 368 rogari
392 335 453 358 non
470 325 592 369 possit¹,
607 336 664 359 nec
680 327 863 369 derogatum
881 338 1003 360 censea-
1018 334 1019 350 ³

268 384 331 419 tur,
354 379 413 411 nisi
438 379 600 421 derogatio
617 380 796 413 huiusmodi
815 380 852 413 de
873 381 1003 413 consilio

269 431 424 465 dictorum
443 432 647 465 cardinalium
673 433 736 472 fiat,
760 439 790 465 et
815 434 905 466 etiam
931 438 1003 465 tunc

270 483 396 516 demum
416 484 454 516 ad
472 484 502 516 id
519 485 658 527 magistri
677 491 704 517 et
723 491 893 518 conventus
914 496 1004 529 prae-

269 536 404 570 fatorum
428 547 594 580 expressus
619 538 744 571 accedat
760 549 915 579 assensus,
935 538 1006 571 sint-

270 600 330 633 que
347 590 467 623 litterae
483 591 695 633 derogationis
715 592 894 625 huiusmodi
912 592 1003 624 etiam

269 653 326 686 per
350 643 466 676 dietum
484 644 670 687 magistrum
684 645 889 689 subscriptae,
906 656 941 677 ac
962 645 1005 677 eis

271 700 301 729 et
324 697 491 740 praedictis
515 698 698 737 conventui,
730 709 786 742 per
810 699 948 731 diversas
976 698 1006 730 in

271 749 371 782 forma
394 750 500 783 Brevis
529 756 582 783 aut
612 752 686 784 alias
717 752 851 792 litteras,
876 752 1007 785 diversis

271 803 468 846 temporibus
498 815 570 837 cum
599 805 692 838 certis
722 805 893 838 intervallis
917 816 1007 849 prae-

272 861 417 897 sentataS,
435 857 605 899 intimatae,
621 864 651 891 et
674 869 736 891 non
759 859 845 898 alias,
866 869 923 891 nec
947 859 1007 892 alio

272 908 376 951 modo,
391 920 516 953 semper
529 910 560 943 in
573 911 763 951 huiusmodi,
774 922 854 955 quae
867 912 909 944 sic
924 911 1008 952 fient,

273 962 365 996 etiam
390 963 428 996 de
452 963 545 996 simili
576 965 706 997 consilio
736 968 765 999 et
796 965 1008 1007 derogatione,

273 1016 415 1059 apposita
429 1016 577 1057 clausula,
595 1017 678 1060 quod
699 1017 769 1050 illae
786 1017 932 1050 effectum
947 1028 1010 1051 sor-

273 1069 390 1102 tiantur
406 1069 443 1102 de
460 1080 616 1103 consensu
634 1071 774 1113 magistri
792 1077 823 1103 et
839 1076 1010 1104 conventus

273 1123 516 1167 praedictorum,
534 1129 564 1156 et
580 1134 642 1156 non
658 1124 743 1164 alias,
761 1125 860 1164 aliter,
877 1135 934 1157 nec
950 1124 1010 1157 alio

274 1175 392 1218 mod0);
409 1176 522 1218 quibus
537 1176 682 1209 omnibus
697 1180 728 1210 et
746 1187 855 1209 eorum
881 1177 1012 1219 singulis

274 1228 381 1272 (etiam
403 1228 427 1261 si
451 1239 510 1272 pro
534 1229 658 1262 illorum
688 1230 851 1263 sufficienti
879 1230 1012 1273 deroga-

274 1281 359 1316 tione
383 1282 458 1315 alias
482 1282 520 1315 de
544 1282 616 1323 illis,
642 1293 815 1326 eorumque
838 1283 912 1315 totis
930 1287 1013 1316 teno-

274 1335 362 1369 ribus
378 1335 532 1379 specialis,
556 1335 710 1380 specifica,
728 1346 875 1379 expressa
891 1341 922 1369 et
938 1336 1014 1368 indi-

275 1388 377 1428 vidua,
395 1399 430 1421 ac
449 1388 487 1420 de
504 1388 599 1421 verbo
616 1388 654 1421 ad
672 1389 812 1429 verbum,
830 1399 893 1421 non
909 1394 1011 1422 autem

275 1451 332 1485 per
345 1441 500 1474 clausulas
517 1441 680 1484 generales
697 1441 778 1474 idem
796 1441 1013 1485 importantes,

277 1494 394 1528 mentio
426 1505 481 1527 seu
512 1494 639 1538 quaevis
671 1495 730 1527 alia
761 1494 921 1538 expressio
953 1495 1011 1527 ha-

277 1548 387 1588 benda,
412 1552 465 1582 aut
484 1554 570 1582 certa
593 1548 745 1592 exquisita
768 1549 870 1581 forma
893 1548 931 1581 ad
956 1549 1015 1581 boc

277 1601 429 1634 servanda
442 1602 530 1642 foret,
545 1607 574 1634 et
591 1602 622 1634 in
639 1602 683 1634 eis
699 1606 844 1634 caveatur
861 1611 1014 1645 expresse,

277 1655 361 1699 quod
376 1655 436 1687 illis
449 1655 626 1688 nullatenus
638 1654 786 1698 derogari
800 1654 907 1698 possit,
921 1654 1017 1698 quod-

278 1718 339 1752 que
363 1708 502 1741 clausula
526 1708 697 1752 implicitae
730 1708 960 1750 derogationis,
986 1708 1016 1740 in

278 1762 433 1806 rescripto
450 1762 543 1795 etiam
563 1767 648 1795 motu
662 1761 792 1806 proprio
809 1767 952 1794 emanato
968 1772 1018 1804 ap-

279 1815 400 1860 posita,
426 1815 515 1848 aliter
539 1815 571 1847 in
595 1815 706 1848 litteris
732 1814 864 1858 exprimi
893 1814 940 1847 vel
965 1825 1017 1847 ex-

279 1868 364 1901 tendi
388 1868 552 1912 nequeat),
577 1868 703 1901 illorum
727 1867 867 1901 omnium
894 1873 1018 1900 tenores

280 1922 497 1965 praesentibus
515 1931 573 1965 pro
593 1920 783 1954 sufficienter
805 1920 959 1963 expressis
983 1931 1018 1953 ac

281 1973 320 2006 de
343 1974 440 2007 verbo
470 1974 508 2007 ad
538 1974 670 2007 verbum
704 1973 828 2006 insertis
852 1973 1017 2013 habentes,

281 2026 341 2060 hac
362 2026 430 2060 vice
453 2027 613 2061 dumtaxat
627 2027 740 2060 harum
758 2027 838 2060 serie
856 2026 886 2058 in
904 2036 1018 2069 genere

283 2084 313 2112 et
329 2079 361 2112 in
377 2079 480 2123 specie
496 2080 533 2112 ad
549 2079 693 2113 effectum
708 2079 916 2123 praemissum
933 2079 1018 2111 suffi-

284 2132 413 2172 cienter‚
437 2142 593 2175 expresse,
617 2138 704 2165 motu
728 2137 758 2164 et
782 2131 910 2164 scientia
932 2131 1019 2163 simi-

284 2185 365 2218 libus
392 2185 580 2229 derogamus
608 2191 638 2218 et
665 2185 850 2227 derogatum
874 2195 942 2217 esse
966 2184 1017 2217 de-

285 2239 461 2278 cernimus3
486 2238 653 2282 quodque²
669 2238 819 2282 praedicti
844 2237 1019 2281 cappellani

285 2293 419 2337 primam
447 2302 510 2325 non
538 2293 667 2325 fecerint
691 2293 721 2324 in
746 2291 886 2324 eeclesiis
913 2290 1018 2323 huius-

285 2345 370 2379 modi
390 2345 590 2390 personalem
607 2344 808 2377 residentiam
830 2348 1020 2383 consuetam,

286 2399 460 2443 ceterisque
492 2398 657 2432 contrariis
685 2397 946 2441 quibuscumque.
971 2397 1022 2429 Ce-

287 2458 399 2493 terum,
424 2452 497 2496 quia
520 2451 645 2484 difficile
670 2451 760 2491 soret,
784 2453 962 2494 praesentes
978 2449 1023 2481 lit-

287 2510 369 2539 teras
389 2505 428 2538 ad
445 2505 576 2547 singula,
593 2504 625 2536 in
645 2503 758 2547 quibus
783 2503 821 2535 de
848 2503 892 2535 eis
919 2502 1023 2535 forsan

288 2559 366 2593 fides
389 2558 530 2592 facienda
553 2557 662 2598 suerit,
686 2557 753 2590 loca
777 2556 916 2597 deferre,
942 2555 1025 2588 volu-

875 279 1050 304 szconms
1074 280 1115 303 XV
1140 280 1186 303 Pr.

326 2632 337 2658 1
359 2631 429 2658 Edit.
445 2630 524 2658 Main.
540 2629 605 2665 legit
618 2630 728 2665 possint
743 2629 779 2665 (a.
796 2628 844 2664 T.).

324 2676 340 2703 2
355 2676 472 2712 Nempe:
490 2679 516 2704 ee
531 2684 586 2702 non
604 2675 731 2702 obstante
747 2674 821 2708 quod
837 2674 876 2708 in.
892 2672 942 2699 rffl.

1677 267 1736 301 811
1788 277 1838 303 An.
1853 277 1881 304 c.
1903 276 1971 304 ¹623

1037 338 1105 359 mus
1130 333 1159 360 et
1184 327 1292 360 eadem
1317 326 1487 370 apostolica
1511 326 1696 358 auctoritate
1720 325 1774 358 de-

1037 380 1205 419 cernimus,
1215 379 1298 423 quod
1313 379 1450 423 ipsarum
1466 378 1669 422 transumptis
1680 378 1773 411 etiam

1038 433 1207 477 impressis,
1223 443 1316 465 manu
1330 432 1441 466 notarii
1457 431 1572 475 publici
1591 431 1776 475 subscriptis

1038 491 1065 518 et
1083 486 1185 528 sigillo
1203 486 1334 518 alicuius
1351 485 1466 526 curiae,
1492 489 1544 518 aut
1567 494 1720 528 personae
1744 484 1776 516 in

1039 539 1187 581 dignitate
1204 539 1413 572 ecclesiastica
1431 538 1615 572 constitutae
1637 536 1776 577 munitis,

1039 592 1148 624 eadem
1174 603 1304 635 prorsus
1321 592 1397 624 tides
1413 591 1505 624 ctiam
1527 591 1557 622 in
1578 590 1703 632 iudicio,
1729 589 1776 622 vel

1040 644 1130 685 alibi,
1155 645 1207 677 ubi
1232 656 1311 689 opus
1336 645 1450 685 fuerit,
1475 644 1669 684 adhibeatur,
1698 653 1777 686 quae

1040 697 1243 730 adhiberetur
1255 698 1371 731 eisdem
1390 697 1606 742 praesentibus
1623 697 1648 730 si
1665 697 1777 736 forent,

1041 750 1195 783 exhibitae
1224 751 1271 784 vel
1306 755 1455 785 ostensae.
1496 751 1606 784 Datum
1639 750 1756 783 Romae
1770 775 1777 789 ‚

1041 804 1122 847 apud
1148 809 1289 837 sanctum
1313 805 1465 844 Marcum,
1492 804 1549 837 sub
1574 803 1689 836 annulo
1718 802 1780 835 Pis-

1042 857 1155 890 catoris
1170 885 1177 898 ,
1209 857 1258 890 die
1281 869 1299 890 x
1324 857 1510 901 septembris
1535 866 1652 897 MDXCI,
1677 855 1779 899 ponti-

1042 910 1152 943 fiemus
1172 910 1270 944 nostri
1295 920 1376 943 anno
1401 920 1419 943 1.

1087 963 1102 1007 ἓ
1126 964 1154 996 ⁶2.
1180 964 1268 997 Nunc
1286 968 1389 996 autem
1407 974 1464 997 nos
1485 963 1649 1006 Carolum,
1678 963 1777 995 Anto-

1042 1016 1139 1058 nium,
1157 1017 1331 1057 Caesarem,
1343 1017 1500 1057 loannem,
1514 1017 1683 1057 Simonem,
1697 1016 1782 1050 loan-

1044 1079 1115 1102 nem
1143 1070 1362 1110 Franciscum,
1394 1070 1542 1102 Faustum
1554 1096 1562 1110 ,
1592 1069 1780 1110 Robertum,

1041 1122 1228 1163 fabrilium,
1245 1123 1406 1155 Claudiurn
1427 1128 1456 1155 et
1473 1123 1603 1155 Paulum
1616 1122 1781 1166 praefatos,

1045 1175 1097 1219 qui
1111 1175 1202 1208 etiam
1218 1175 1386 1208 familiares
1399 1175 1539 1208 continui
1557 1175 1783 1208 commensales

1045 1228 1144 1261 nostri
1169 1228 1325 1269 existunt,
1353 1228 1541 1272 specialibus
1571 1227 1730 1261 favoribus
1753 1232 1784 1260 et

1046 1281 1154 1323 gratiis
1172 1281 1321 1325 prosequi
1338 1281 1486 1321 volentes,
1504 1286 1534 1314 et
1550 1291 1661 1314 eorum
1679 1280 1785 1323 singu-

1047 1334 1128 1366 lares
1152 1344 1303 1377 personas
1320 1344 1336 1367 a
1354 1334 1515 1377 quibusvis
1532 1333 1783 1366 excommunica-

1048 1387 1150 1427 tionis,
1172 1387 1385 1430 suspensionis
1408 1392 1438 1420 et
1460 1386 1628 1426 interdicti,
1655 1386 1785 1430 aliisque

1047 1440 1266 1473 ecclesiasticis
1283 1440 1453 1481 sententiis,
1467 1439 1609 1473 censuris
1623 1444 1653 1472 et
1666 1438 1785 1483 poenis,

1048 1503 1065 1525 a
1085 1493 1153 1526 iure
1177 1494 1225 1526 vel
1249 1493 1288 1526 ab
1312 1494 1449 1533 homine,
1476 1493 1585 1537 quavis
1612 1492 1786 1533 occasione,

1049 1546 1096 1579 vet
1121 1549 1214 1579 causa
1239 1546 1330 1586 latis,
1355 1547 1379 1578 si
1404 1546 1518 1590 quibus
1550 1546 1788 1592 quomodolibet

1050 1599 1214 1632 innodatae
1238 1599 1384 1639 existunt,
1409 1599 1448 1632 ad
1473 1599 1619 1632 effectum
1638 1609 1788 1644 praesen-

1050 1653 1128 1686 tium
1139 1653 1298 1687 dumtaxat
1306 1653 1573 1696 consequendum,
1583 1654 1695 1686 harum
1707 1653 1788 1686 serie

1051 1707 1246 1740 absolventes
1271 1712 1301 1739 et
1324 1706 1483 1739 absolutas
1513 1706 1581 1740 sore
1608 1712 1787 1747 censentes,

1051 1765 1138 1793 motu
1154 1760 1294 1804 proprio,
1310 1770 1374 1792 non
1387 1760 1424 1792 ad
1445 1760 1571 1793 illorum
1588 1760 1636 1793 vel
1654 1760 1788 1793 aliorum

1051 1823 1110 1856 pro
1128 1812 1172 1845 eis
1185 1813 1277 1846 nobis
1302 1823 1398 1856 super
1416 1812 1475 1846 hoc
1492 1813 1614 1846 oblatae
1631 1811 1789 1857 petitionis

1052 1866 1239 1906 instantiam,
1254 1866 1307 1898 sed
1320 1866 1358 1898 de
1371 1871 1478 1899 nostra
1491 1868 1578 1899 mera
1589 1865 1789 1906 liberalitate,

1052 1929 1087 1951 ao
1111 1920 1197 1951 certa
1213 1918 1352 1958 scientia,
1370 1918 1475 1951 onmia
1503 1923 1532 1951 et
1560 1918 1683 1961 singula
1698 1918 1791 1962 privi-

1053 1971 1143 2014 legia,
1160 1971 1330 2012 facultates,
1348 1971 1566 2004 concessiones
1580 1976 1610 2004 et
1623 1970 1743 2004 indulta
1759 1970 1790 2003 in

1052 2024 1254 2067 praeinsertis
1270 2024 1381 2056 litteris
1399 2029 1554 2063 contenta,
1580 2028 1733 2067 quatenus
1749 2028 1791 2056 ta-

1054 2087 1125 2110 men
1142 2077 1247 2110 sintin
1263 2088 1339 2117 usu,
1360 2077 1487 2117 Carolo,
1512 2077 1657 2117 Antonio,
1677 2076 1791 2117 Cesari,

1053 2130 1170 2169 loanni,
1189 2130 1319 2170 Simoni,
1336 2130 1442 2163 loanni
1464 2130 1641 2170 Francisco,
1666 2129 1791 2169 Fausto,

1054 2183 1201 2223 Roberto,
1214 2183 1363 2223 Fabritio,
1376 2183 1504 2216 Claudio
1519 2188 1550 2215 et
1563 2183 1657 2215 Paulo
1675 2183 1793 2226 praefa-

1054 2236 1103 2277 tis,
1119 2237 1289 2280 apostolica
1307 2237 1502 2278 auctoritate,
1519 2241 1629 2269 tenore
1650 2245 1794 2279 praesen-

1054 2291 1142 2330 tium,
1155 2291 1300 2323 similiter
1317 2290 1519 2323 concedimus
1537 2295 1566 2322 et
1583 2290 1792 2332 indulgemus.

1099 2343 1113 2386 ἓ
1136 2342 1166 2376 3.
1191 2343 1399 2376 Decernentes
1422 2343 1596 2386 privilegia,
1621 2343 1794 2384 facultates,
1809 2350 1918 2386 0¹³13⁵¹1J²³
1932 2355 1993 2396 img-

1056 2395 1273 2429 concessiones
1285 2400 1314 2428 et
1325 2395 1443 2428 indulta
1456 2396 1594 2439 praefata
1603 2405 1637 2427 ac
1652 2405 1796 2439 praesen·
1809 2380 1927 2430 {55³}le
1956 2383 1969 2398 ⁸
1987 2386 1993 2391 ⁵

1057 2454 1102 2481 tes
1118 2448 1236 2481 litteras
1253 2448 1364 2487 valida,
1379 2448 1470 2480 firma
1484 2453 1513 2480 et
1527 2448 1663 2480 efficacia
1681 2458 1748 2481 esse
1767 2454 1795 2481 et

1057 2503 1134 2542 fore,
1151 2512 1273 2535 necnon
1290 2501 1407 2534 eisdem
1424 2501 1546 2541 Carolo,
1566 2501 1709 2541 Antonio,
1728 2501 1799 2536 Cae-

1058 2555 1141 2595 sari,
1166 2555 1272 2588 loanni
1287 2583 1294 2596 ,
1320 2554 1457 2596 Simoni,
1482 2555 1588 2588 loanni
1612 2555 1797 2596 Franciseo,

1059 2609 1187 2649 Fausto,
1205 2609 1352 2650 Roberto,
1369 2608 1506 2641 Fabritio
1523 2613 1553 2642 et
1567 2609 1662 2642 Paulo
1684 2610 1716 2642 in
1735 2620 1799 2642 om-
1814 2618 1818 2620 ·

1060 2662 1151 2695 nibus
1168 2668 1197 2695 et
1212 2673 1270 2706 per
1286 2663 1391 2696 onmia
1413 2662 1592 2706 plenissime
1616 2663 1798 2706 suss*1·agari;

1837 975 1894 1000 Onas-
1910 974 1979 996 omnin

1795 1002 1858 1023 modo
1874 1002 1912 1022 iste
1925 1002 1978 1022 Pon·

1796 1029 1845 1049 tifex
1871 1028 1980 1048 confirmat

1796 1058 1816 1075 et
1827 1055 1852 1076 de
1865 1061 1918 1075 novo
1931 1060 1979 1075 con-

1796 1082 1851 1102 cedit
1873 1082 1916 1101 sui·
1931 1086 1980 1106 cap·

1795 1108 1892 1135 pettantn.
