2293 3231
93 287 144 315 An.
159 286 189 314 C.
209 285 276 314 ¹622

880 284 1059 310 GREGORIUS
1083 285 1125 309 XV
1150 285 1199 308 PP.

290 332 457 374 concessis,
481 333 654 377 privilegiis
677 343 820 378 quoque,
845 334 972 368 indultis
997 339 1027 366 et

289 387 401 421 litteris
423 387 612 431 apostolicis,
637 387 795 428 ecclesiis,
820 388 1027 427 monasteriis,

289 440 597 484 congregationibus,
606 441 756 484 collegiis,
764 440 1028 481 universitatibus,

289 493 463 534 ordinibus,
480 504 654 538 eorumque
672 494 899 538 superioribus,
917 499 947 527 et
961 505 1030 538 per-

290 547 374 580 sonis
396 546 575 591 praedietis,
596 548 654 580 sub
671 547 921 591 quibuscumque
946 552 1029 581 teno-

289 600 378 634 ribus
401 606 431 634 et
454 602 573 642 formis,
599 612 634 634 ac
659 612 729 635 eum
754 602 915 646 quibusvis
935 601 1027 634 etiam

289 654 561 697 derogatoriarum
586 655 803 699 derogatoriis,
820 656 950 699 aliisque
966 655 1030 688 effi-

290 707 460 741 cacissimis
477 713 507 741 et
524 708 658 742 insolitis
676 709 833 751 clausulis,
851 719 887 741 ac
908 708 1029 742 irritan-

289 761 372 794 tibus
395 767 425 794 et
447 762 516 795 aliis
544 762 637 795 etiarn
661 762 723 795 vim
741 766 920 796 contractus
943 761 1030 794 indu-

290 815 432 848 centibus
454 816 597 856 decretis,
615 816 646 849 in
664 826 779 859 genere
797 816 844 849 vel
865 815 897 848 in
913 815 1027 859 specie,

290 873 320 900 et
332 868 369 900 ad
383 868 612 912 imperatorum
626 873 655 903 et
668 880 778 912 regum
793 868 981 909 instantiam,
992 878 1028 901 ac

289 921 364 954 alias
379 922 617 965 quomodolibet
637 923 804 962 concessis,
823 921 1028 962 confirmatis,

290 974 470 1017 approbatis
487 980 518 1008 et
534 975 688 1009 innovatis
699 1002 706 1016 ,
731 975 888 1018 (quibus¹,
906 974 1027 1007 etiamsi

289 1026 327 1060 de
339 1027 409 1069 illis,
424 1039 597 1072 eorumque
610 1028 683 1062 totis
692 1028 864 1068 tenoribus,
874 1027 1027 1071 specialis,
1043 1065 1045 1071 ‚

290 1080 445 1124 specifica,
469 1092 620 1126 expressa
643 1086 673 1114 et
697 1081 865 1121 individua,
888 1090 952 1114 non
976 1091 1029 1113 au-

289 1137 351 1165 tem
371 1144 430 1177 per
445 1134 601 1167 clausulas
628 1134 792 1176 generales
811 1133 894 1166 idem
911 1133 1028 1176 impor—

289 1189 406 1226 tantes,
430 1186 547 1219 mentio
581 1186 724 1219 habenda
748 1191 801 1218 aut
830 1186 933 1229 aliqua
967 1186 1027 1218 alia

289 1238 443 1282 exquisita
466 1240 567 1272 forma
598 1240 637 1272 ad
665 1240 726 1273 hoc
750 1239 902 1272 servanda
925 1239 1026 1281 soret,

288 1297 413 1326 tenores
436 1293 628 1334 huiusmodi,
645 1303 681 1327 ac
698 1293 723 1326 si
740 1293 778 1326 de
798 1293 895 1326 verbo
908 1293 946 1325 ad
961 1303 1028 1326 ver—

288 1345 365 1379 bum
382 1346 608 1388 insererentur,
625 1347 842 1391 praesentibus
865 1357 924 1390 pro
945 1346 1028 1380 suffi-

289 1399 407 1433 cienter
421 1400 577 1444 expressis
589 1400 750 1441 habentes,
761 1400 823 1433 illis
835 1400 911 1433 alias
925 1400 956 1433 in
969 1411 1027 1434 suo

289 1453 405 1487 robore
435 1454 667 1498 permansuris,
692 1454 751 1487 hac
775 1453 842 1487 vice
866 1454 1027 1488 dumtaxat

289 1506 468 1550 specialiter
484 1511 515 1540 et
531 1517 677 1551 expresse
695 1507 893 1550 derogamus,
911 1517 947 1540 ac
966 1507 1027 1540 illis

289 1559 490 1601 sufficienter,
516 1560 609 1593 etiarn
634 1560 672 1592 ad
695 1560 756 1593 hoc
779 1565 813 1593 ut
836 1560 922 1593 nulla
939 1571 1028 1604 pror-

288 1623 342 1646 sus
365 1613 555 1655 immunitas,
579 1614 677 1647 aliave
701 1614 929 1657 quantumlibet
953 1624 1027 1647 con-

289 1667 479 1701 sideratione
490 1673 519 1701 et
527 1670 602 1701 nota
611 1668 705 1711 digna
715 1667 872 1711 exemptio
881 1667 1027 1711 cuiquam

288 1720 437 1754 adversus
459 1721 671 1765 praesentium
695 1726 836 1753 tenorem
861 1720 1028 1763 suffragari

289 1775 410 1816 debeat,
422 1776 608 1819 derogatum
632 1785 699 1808 esse
719 1774 940 1818 declaramus),
957 1785 1029 1808 con-

289 1828 395 1861 trariis
427 1829 699 1873 quibuscumque,
731 1833 785 1860 aut
815 1827 840 1860 si
871 1827 1028 1871 aliquibus

290 1883 499 1916 communiter
518 1883 566 1916 vel
583 1882 707 1915 divisim
731 1882 769 1914 ab
793 1882 972 1926 Apostolica
988 1881 1028 1914 sit

289 1936 368 1969 Sede
391 1936 557 1977 indultum,
575 1936 659 1980 quod
683 1935 722 1968 ad
745 1935 956 1968 subsidiorum
974 1935 1029 1968 hu-

290 1988 426 2022 iusmodi
456 1990 644 2023 solutionem
670 1989 757 2032 cogi,
783 1993 835 2021 aut
865 1988 1027 2029 interdici,

290 2041 438 2085 suspendi
461 2043 510 2075 vel
533 2041 799 2076 excommunicari
823 2052 886 2075 non
908 2041 1029 2085 possint

291 2106 348 2139 per
364 2095 482 2129 litteras
501 2096 690 2140 apostolicas
713 2105 777 2129 non
802 2095 950 2128 facientes
967 2096 1029 2139 ple-

290 2159 362 2182 nam
377 2154 406 2182 et
423 2160 602 2193 expressam
619 2160 654 2183 ac
671 2150 709 2183 de
725 2150 822 2183 verbo
840 2149 879 2182 ad
896 2149 1027 2183 verbum

291 2203 328 2236 de
345 2202 466 2236 indulto
483 2202 674 2244 huiusmodi,
686 2213 722 2236 ac
742 2213 854 2236 eorum
874 2203 1027 2246 personis,

291 2256 378 2297 locis,
404 2256 579 2297 ordinibus,
597 2261 627 2289 et
650 2256 743 2289 etiam
767 2256 906 2300 propriis
929 2256 1030 2290 nomi-

291 2310 394 2350 nibus,
411 2310 618 2349 mentionem;
635 2314 665 2342 et
677 2309 868 2352 quibuslibet
883 2309 952 2342 aliis
967 2309 1030 2353 pri-

291 2363 422 2406 vilegiis,
440 2363 643 2407 indulgentiis
662 2368 692 2396 et
712 2363 824 2396 litteris
839 2363 1028 2407 apostolicis,

291 2416 490 2460 generalibus
514 2417 562 2450 vel
587 2416 784 2461 specialibus,
809 2426 1031 2460 quorumcum-

292 2481 353 2515 que
375 2476 523 2504 tenorum
547 2470 689 2511 existant,
706 2481 763 2514 per
782 2480 863 2514 quae
886 2480 1031 2514 praesen-

291 2524 375 2557 tibus
384 2534 447 2558 non
458 2535 607 2569 expressa
621 2524 668 2558 vel
686 2524 824 2558 totaliter
836 2534 900 2558 non
912 2524 1029 2558 inserta

293 2577 422 2613 effectus
437 2577 619 2612 huiusmodi
632 2578 750 2622 gratiae
767 2577 914 2622 impediri
931 2577 1031 2611 valeat

329 2695 343 2723 1
358 2695 458 2725 Vocem
472 2696 574 2733 quibas
589 2703 638 2724 nos
652 2694 778 2724 addimus
793 2695 830 2729 (n.
846 2693 895 2729 τ.).

1709 272 1766 305 701

1061 332 1298 377 quomodolibet
1322 331 1369 364 vel
1394 330 1532 371 differri,
1557 335 1587 363 ct
1611 329 1649 363 dc
1673 330 1798 373 quibus,

1061 396 1258 430 quorumque
1277 384 1349 418 totis
1371 383 1531 417 tenoribus
1552 383 1694 416 habenda
1715 383 1753 415 sit
1770 383 1800 415 in

1061 439 1178 472 nostris
1194 438 1307 472 litteris
1326 438 1442 471 mentio
1459 437 1615 481 specialis,
1633 446 1712 481 quae
1729 446 1801 479 qua-

1061 497 1151 525 tenus
1184 491 1366 535 praemissis
1403 491 1623 531 adversentur,
1655 490 1799 533 cuiquam

1061 545 1209 578 nolumus
1224 545 1380 577 ullatenus
1396 543 1571 585 suffragari.

1106 599 1120 642 ξ
1145 598 1174 631 6.
1199 598 1354 638 Ceterum,
1372 598 1444 641 quia
1461 597 1586 631 difficile
1611 598 1692 631 soret
1714 607 1801 641 prae-

1062 657 1165 685 sentes
1190 651 1309 686 litteras
1334 651 1372 684 ad
1404 651 1525 694 singula
1550 661 1692 694 quaeque
1717 650 1798 690 loca,

1062 706 1094 739 in
1118 705 1233 750 quibus
1257 705 1425 749 expediens
1450 708 1540 744 essct,
1565 704 1697 745 deferre,
1715 704 1800 736 volu-

1062 770 1132 792 mus
1163 764 1194 792 et
1226 759 1397 803 apostolica
1426 758 1610 792 auctoritate
1639 757 1799 802 praedicta

1062 813 1270 853 decernimus,
1287 813 1371 856 quod
1388 811 1570 845 earumdem
1588 810 1798 855 praesentium

1062 866 1285 910 transumptis,
1317 871 1347 899 et
1377 865 1480 908 sigillo
1512 865 1635 898 Antonii
1661 863 1798 908 episcopi

1061 919 1224 963 praedicti,
1244 924 1297 952 aut
1318 919 1454 952 cuiusvis
1475 918 1505 951 in
1531 918 1680 961 dignitate
1705 917 1800 950 eccle-

1062 973 1185 1006 siastica
1209 973 1301 1006 etiam
1320 972 1505 1006 constitutae
1529 982 1680 1015 personae
1701 970 1800 1003 muni-

1061 1026 1110 1067 tis,
1124 1037 1160 1059 ea
1180 1037 1313 1070 prorsus
1337 1026 1414 1059 fides
1431 1026 1462 1058 in
1479 1025 1594 1058 iudicio
1612 1030 1642 1057 et
1665 1028 1752 1058 extra
1769 1024 1799 1056 in

1061 1078 1208 1111 omnibus
1233 1083 1262 1111 et
1281 1089 1338 1122 per
1362 1077 1467 1111 omnia
1491 1077 1695 1116 adhibeatur,
1721 1086 1799 1119 quae

1061 1131 1136 1175 ipsis
1161 1131 1381 1175 praesentibus
1404 1131 1625 1171 adhiberetur,
1650 1130 1675 1162 si
1700 1130 1800 1162 forent

1061 1183 1217 1217 exhibitae
1237 1185 1284 1217 vel
1305 1190 1456 1217 ostensae.

1103 1237 1215 1270 Datum
1237 1238 1372 1278 Romae,
1397 1237 1479 1281 apud
1508 1237 1537 1270 S.
1560 1237 1688 1269 Mariam
1710 1236 1801 1270 Maio-

1060 1299 1139 1330 rem,
1153 1290 1211 1323 sub
1232 1291 1348 1324 annulo
1370 1290 1547 1330 Piscatoris,
1568 1289 1617 1322 die
1635 1299 1701 1323 xx11
1723 1289 1799 1322 iunii

1060 1353 1206 1385 MDcxxn,
1231 1344 1433 1388 pontificatus
1458 1343 1558 1377 nostri
1579 1353 1660 1376 anno
1687 1353 1718 1376 11.

1095 1406 1153 1435 Dat.
1171 1407 1215 1436 die
1234 1406 1267 1434 22
1283 1407 1351 1434 iunii
1373 1407 1451 1442 1622,
1473 1407 1566 1443 pontif.
1585 1415 1625 1434 an.
1643 1413 1672 1433 ti.

1381 1551 1482 1584 LXIII.

1063 1629 1232 1664 odoardus
1254 1631 1398 1664 Parmae
1418 1635 1447 1663 et
1466 1630 1656 1664 Placentiae
1680 1629 1748 1662 dux
1764 1631 1798 1663 in

1105 1684 1362 1728 confalonetdum
1378 1687 1508 1717 sanctae
1518 1684 1684 1717 Romanae
1699 1683 1802 1717 Eccle-

1104 1739 1172 1771 siae
1195 1738 1414 1782 desiynatur¹.

1258 1818 1412 1853 Gregorius
1429 1818 1605 1852 Episcopus,

1243 1870 1348 1890 servus
1373 1870 1528 1890 servorum
1553 1863 1623 1897 Dei,

1203 1916 1239 1943 ad
1258 1917 1392 1944 futuram
1412 1917 1456 1944 rei
1475 1917 1657 1944 memoriam.

1105 1988 1151 2021 Ad
1166 1988 1321 2022 Ecclesiae
1338 1988 1497 2022 Romanae
1513 1988 1665 2031 regimen,
1679 1987 1801 2031 dispen-

1061 2041 1181 2075 satione
1205 2041 1320 2083 divina,
1344 2047 1527 2075 nostrorum
1544 2042 1632 2074 nullo
1648 2041 1800 2084 suffragio

1061 2095 1248 2129 meritorum
1273 2095 1388 2136 evecti,
1413 2106 1449 2128 ex
1474 2095 1581 2127 multis
1605 2099 1634 2129 et
1657 2095 1802 2138 gravissi-

1061 2149 1121 2182 mis
1146 2159 1239 2182 eurae
1262 2154 1389 2182 nostrae
1421 2149 1570 2182 oneribus
1599 2148 1801 2192 praecipuam

1061 2201 1303 2235 sollicitudinem
1321 2201 1434 2234 merito
1452 2201 1495 2234 illi
1512 2201 1695 2245 impendere
1713 2211 1801 2234 cona-

1062 2263 1154 2296 mur,
1180 2260 1214 2288 ut
1240 2265 1350 2299 pacem
1383 2259 1411 2288 et
1442 2254 1697 2297 tranquillitatem
1727 2264 1802 2287 con-

1062 2319 1231 2342 servemus.
1256 2309 1417 2341 Interdum
1442 2309 1534 2348 enim,
1560 2308 1648 2341 hoste
1673 2307 1802 2339 humani

1063 2362 1187 2404 generis
1210 2362 1389 2405 instigante,
1413 2361 1555 2395 nonnulli
1581 2361 1730 2393 adversus
1754 2361 1802 2393 ius

1063 2420 1093 2448 et
1116 2415 1161 2448 fas
1179 2426 1246 2448 sese
1263 2415 1457 2456 extollentes,
1477 2414 1638 2454 terminos,
1655 2424 1733 2457 quos
1750 2425 1804 2458 po-

1063 2472 1193 2502 suerunt
1222 2473 1327 2512 patres
1356 2467 1475 2508 nostri,
1503 2478 1748 2511 praerumpere,
1774 2473 1800 2500 et

1063 2521 1256 2565 reipublicae
1285 2527 1399 2554 statum
1436 2521 1581 2565 improbe
1617 2521 1802 2565 perturbare

1062 2574 1215 2616 nituntur,
1233 2579 1272 2616 et,
1289 2573 1373 2618 quo'd
1397 2574 1524 2618 gravius
1548 2579 1605 2615 est,
1630 2584 1718 2608 sacra
1733 2585 1803 2618 pro-

1099 2693 1111 2720 1
1133 2691 1171 2720 Ex
1185 2691 1293 2728 Regest.
1309 2691 1336 2718 in
1356 2691 1457 2719 Secret.
1473 2690 1552 2718 Brev.

1819 281 1907 307 Aac.
1932 281 1997 307 1622

1855 608 2001 634 Transumptts

1815 634 1872 655 credi
1888 636 1953 655 iubet.

1859 1991 1971 2013 Exordium
1987 1999 1999 2013 a

1815 2019 1942 2039 necessitate
1970 2020 2000 2040 iu·

1816 2046 1893 2064 sutiam
1937 2052 2001 2066 armis

1814 2071 2001 2093 administram-liet

1816 2105 1827 2118 a
1844 2098 1941 2118 laudibus
1950 2099 2001 2119 Far-

1816 2131 1921 2145 nesiorum
1947 2128 2000 2152 pett-

1817 2155 1865 2173 lttm.
