2293 3231
70 261 122 290 An.
141 258 173 289 (ἶ.
188 256 252 287 1621

267 305 438 348 portanteS‚
454 301 500 334 eis
515 300 700 344 derogatum
717 310 785 334 esse
800 310 862 335 non
879 311 1008 335 censea-

268 362 329 398 tur,
341 360 395 389 aut
406 355 554 398 derogari
564 355 717 397 videatur,
730 355 789 388 nisi
806 355 900 389 certis
914 355 1007 389 modo

267 415 298 443 et
312 410 414 443 forma
430 409 535 442 inillis
549 409 705 454 expressis
718 410 809 453 plene
825 410 1006 443 observatis.

266 462 385 503 Quibus
407 462 564 504 omnibus,
582 473 692 496 eorum
712 468 836 497 tenores
860 473 1007 507 praesen-

268 516 352 550 tibus
376 526 436 560 pro
454 515 551 560 'plene
575 516 731 561 expressis
755 516 922 557 habentes,
948 516 1008 549 illis

268 569 346 603 alias
361 569 394 603 in
410 580 466 603 suo
490 571 607 603 robore
622 570 847 614 permansuris,
868 570 926 602 liae
943 569 1009 602 vice

269 622 431 656 dumtaxat
455 623 633 667 specialiter
657 629 687 657 et
711 634 857 668 expresse
881 623 1010 665 deroga·

270 683 351 716 mus,
368 673 545 718 ceterisque
565 675 731 708 contrariis
747 674 1008 718 quibuscumque.

86 743 257 776 *pauperescia-
315 728 330 772 ἓ
354 727 383 761 4.
411 728 560 761 Volumus
584 734 698 769 autem,
723 733 754 761 ut
778 738 933 772 pauperes
953 728 1012 761 cle-

73 770 258 828 iissidf’ssffisffil
271 781 350 822 rici,
373 781 427 826 qui
456 782 488 815 in
517 782 691 816 redditibus
716 792 779 816 non
806 782 922 815 habent
951 781 1010 814 nisi

74 824 235 847 ‘mmmm‘
272 835 389 869 victum
418 836 651 877 necessarium,
676 836 715 869 ad
747 835 1010 870 contribuendum

272 889 403 923 minime
427 890 664 934 compellantur.

317 944 332 988 ἓ
356 943 385 977 5.
410 944 574 978 Praeterea
605 943 771 977 xolumus'
799 944 1010 988 praesentium

274 997 487 1041 transumptis,
504 1008 599 1030 manu
616 997 873 1031 alicuiusnotarii
893 997 1010 1041 publici

272 1050 470 1094 subscriptis,
487 1055 518 1084 et
534 1050 637 1094 sigillo
661 1051 793 1084 alicuius
811 1060 964 1094 personae
982 1050 1012 1082 in

272 1103 424 1147 dignitate
436 1105 646 1138 ecclesiastiea
670 1105 856 1138 constitutae
873 1104 1012 1144 munitis,

273 1157 418 1191 eamdem
434 1169 565 1202 prorsus
581 1158 676 1191 fidem
694 1158 726 1191 in
742 1158 858 1191 iudicio
879 1161 909 1191 et
925 1162 1012 1190 extra

274 1212 306 1245 in
329 1212 476 1246 omnibus
497 1217 528 1246 et
551 1223 609 1257 per
632 1212 737 1246 onmia
761 1212 916 1252 adhiberi,
933 1221 1013 1255 quae

273 1265 350 1309 ipsis
373 1266 590 1310 praesentibus
614 1266 838 1306 adhiberetur,
863 1266 888 1298 si
912 1266 1013 1299 forent

274 1318 431 1352 exhibitae
453 1320 502 1352 vcl
518 1325 670 1353 ostensae.

318 1372 431 1405 Datum
447 1373 574 1414 Romae,
589 1373 671 1417 apud
685 1372 714 1406 S.
728 1373 867 1413 Petrum,
885 1372 943 1405 sub
963 1382 1015 1404 an-

275 1425 352 1459 nulo
370 1425 557 1467 Piscatoris,
581 1426 632 1459 die
662 1436 752 1460 xxvn
776 1426 850 1459 maii
884 1435 1015 1466 Momm,

276 1478 477 1522 pontificatus
500 1478 600 1512 nostri
624 1489 707 1512 anno
731 1489 750 1512 1.

313 1539 372 1568 Dat.
387 1541 432 1568 die
447 1533 487 1568 27¹
496 1541 559 1569 maii
575 1541 653 1576 1621,
670 1541 768 1577 pontis.
784 1548 854 1568 anno
869 1547 885 1568 1.

113 959 258 986 'transumptis

74 987 145 1010 danda
160 987 219 1009 tides.

614 1695 689 1728 XIV.

277 1774 341 1808 Sex
363 1773 504 1808 decimae
527 1785 582 1808 sex
609 1777 708 1809 arinis
729 1775 958 1820 persolvendae
984 1776 1019 1808 in

322 1828 480 1862 dominiis
501 1829 612 1863 Caroli
627 1829 819 1862 Emanztelis
833 1829 1019 1863 Sccbccttclictc

323 1881 414 1915 ducis
434 1893 495 1925 pro
511 1882 618 1916 eodem
642 1882 720 1916 duce
744 1882 971 1916 2‘nd2'czuztur2.

280 1961 451 1988 Venerabili
477 1961 565 1990 fratri
584 1962 672 1990 Petro
691 1961 849 1990 Francisco
879 1962 1019 1996 episcopo

316 2004 472 2040 saonensi,
484 2009 588 2034 nostro
603 2009 634 2034 et.
647 2007 834 2041 Apostolicae
845 2007 930 2035 Sedis
942 2007 1019 2041 apud

317 2049 460 2078 dilectum
478 2051 572 2079 filium
600 2052 731 2080 nobilem
758 2052 855 2080 virum
885 2052 1019 2080 carolum

317 2094 506 2123 Emanuelem
525 2096 694 2124 sabaudiae
722 2098 827 2125 ducem
842 2097 965 2131 nuncio,

477 2150 637 2186 Gregorius
662 2151 742 2185 Papa
765 2151 821 2179 XV.

497 2213 684 2242 Venerabilis
698 2214 803 2250 frater,

318 2257 450 2286 satutem
469 2260 501 2286 et.
520 2259 716 2293 apostoticam
735 2259 984 2288 benedictionem.

326 2338 342 2381 ἓ
365 2337 396 2371 1.
420 2338 612 2372 praestantia
628 2339 733 2373 dilecti
753 2339 808 2372 filii
832 2339 946 2373 nobilis
962 2339 1021 2372 viri

282 2391 384 2425 Caroli
407 2393 587 2426 Emanuelis
610 2393 784 2427 Sabaudiae
812 2393 902 2428 ducis
920 2399 950 2427 et
967 2394 1022 2427 Pe-

283 2444 477 2479 demontium
501 2446 652 2491 principis
679 2447 711 2480 in
736 2457 794 2480 nos
818 2452 848 2480 et
872 2447 1024 2491 Apostoli-

112 2351 194 2374 Gausae
204 2357 268 2382 prae-

0 2403 1 2406 *
86 2379 211 2402 madianei
219 2379 268 2401 sub-

31 2435 33 2437 ,
63 2437 71 2442 ᾖ
85 2404 172 2429 unium.

322 2624 333 2650 l
350 2623 568 2654 Coniunctionem
584 2627 661 2661 quod
675 2626 719 2653 hic
734 2625 872 2654 abolemus
890 2631 924 2653 (a.
947 2627 994 2661 τ.).

320 2667 338 2695 2
356 2667 394 2696 Ex
408 2669 517 2706 Regest.
528 2670 557 2699 in
570 2671 673 2700 Secret.
685 2670 820 2699 [trevium.

887 252 1064 279 GREGORIUS
1087 253 1131 278 XV
1154 253 1203 278 1³1³.

1683 241 1745 277 547
1791 251 1842 280 An.
1862 251 1891 280 C.
1908 251 1975 281 1621

1041 299 1234 345 gravissimis
1258 298 1382 333 assidue
1405 298 1583 343 sumptibus
1612 299 1778 343 premitur,

1042 355 1155 398 quibus
1185 353 1420 398 suppeditandis
1447 353 1544 398 ipsius
1567 353 1707 388 redditus
1731 363 1781 386 ne-

1042 419 1199 452 quaquam
1217 407 1385 448 sufficiunt,
1397 407 1434 440 de
1448 407 1552 450 aliquo
1566 405 1781 439 subventionis

1043 462 1157 495 auxilio
1183 472 1218 495 ex
1243 461 1441 505 Apostolieae
1472 460 1559 495 Sedis
1590 459 1783 504 benignitate

1043 516 1176 549 libenter
1200 515 1438 559 prospiciamus.

1087 570 1102 613 ἓ
1126 570 1156 602 2.
1181 570 1265 602 Motu
1289 569 1386 612 igitur
1409 568 1550 613 proprio,
1573 578 1609 601 ac
1632 578 1670 601 ex
1695 568 1783 601 certa
1824 581 1982 612 Sex-deciman

1043 623 1183 663 scientia,
1209 625 1396 667 maturaque
1421 621 1658 662 deliberatione,
1682 620 1782 665 deque
1797 608 1982 657 {tifit't'l‘aissd'ii

1043 677 1232 721 aqi-,ostolicae
1256 677 1418 720 potestatis
1446 676 1649 720 plenitudine,
1673 665 1837 708 tenorem*

1044 732 1268 775 piaesentium,
1286 731 1454 764 indicimus
1473 734 1503 764 et
1522 730 1713 774 imponimus
1729 739 1783 762 sex

1044 786 1183 828 integras
1197 785 1344 826 decimas,
1356 785 1436 818 intra
1447 784 1629 818 sexennium
1642 783 1680 816 ab
1694 783 1783 816 initio

1045 840 1201 873 currentis
1214 840 1284 872 anni
1298 849 1416 873 iiiicxxi
1429 838 1670 880 numerandum,
1688 847 1783 870 unam

1046 893 1163 927 seilicet
1187 894 1327 937 quolibet
1348 903 1440 934 anno,
1461 892 1636 936 respective
1660 891 1785 934 exigen-

1045 947 1099 979 das
1115 974 1122 987 ,
1153 947 1291 980 oxnnium
1326 951 1357 981 et
1380 947 1576 989 singulorum
1601 947 1761 979 fructuum
1777 971 1785 985 ‚

1046 1000 1223 1033 reddituum
1242 1004 1271 1034 el
1288 1006 1509 1044 proventuum,
1527 1001 1654 1041 iurium,
1673 1000 1787 1033 oliven-

1047 1054 1168 1087 tionum
1193 1060 1223 1087 et
1247 1055 1532 1089 emolumentorum
1564 1062 1787 1097 quorumcum-

1046 1120 1128 1152 que,
1155 1114 1218 1141 tam
1250 1114 1411 1142 certorum
1443 1118 1537 1152 quam
1569 1107 1786 1147 incertorum,

1046 1161 1219 1195 secundum
1244 1172 1353 1195 verum
1378 1172 1517 1194 annuum
1541 1161 1692 1201 valorem,
1709 1170 1787 1203 qua-

1048 1226 1257 1260 rumcumque
1284 1215 1530 1255 cathedralium,
1554 1214 1648 1247 etiam
1673 1218 1789 1246 metro-

1048 1270 1274 1313 politanarum,
1300 1269 1548 1312 collegiatarum,
1572 1273 1604 1301 et
1626 1267 1790 1312 parochia-

1047 1323 1135 1364 lium,
1160 1324 1357 1367 aliarumque
1381 1322 1597 1363 ecclesiarum,
1625 1325 1656 1354 et
1683 1330 1789 1354 mona-

1048 1377 1217 1410 steriorum
1238 1381 1267 1411 ct
1287 1380 1508 1417 conventuum,
1525 1386 1561 1409 ac
1586 1374 1681 1408 etiam
1705 1383 1790 1407 men-

1049 1441 1154 1463 sarum
1179 1430 1522 1474 archiepiscopalium,
1547 1427 1790 1472 episcopalium,

1049 1483 1261 1525 abbatialium,
1285 1483 1517 1527 capitularium,
1541 1486 1571 1516 et
1595 1486 1788 1515 conventua-

1050 1537 1149 1578 lium,
1179 1538 1379 1582 prioratuum
1412 1547 1559 1581 quoque,
1592 1535 1790 1580 praepositu-

1050 1601 1157 1624 rarum
1168 1618 1175 1631 ‚
1192 1591 1498 1636 praeceptoriarum,
1527 1589 1770 1623 canonicatuum
1783 1615 1792 1629 ‚

1049 1644 1312 1688 praebendarum,
1337 1644 1540 1688 dignitatum,
1556 1648 1792 1688 personatuum,

1052 1699 1371 1740 administrationum,
1388 1698 1576 1739 officiorum,
1602 1702 1793 1731 ceterorum-

1051 1762 1112 1795 que
1135 1751 1364 1785 beneficiorum
1389 1751 1688 1792 ecclesiasticorum,
1719 1759 1793 1783 eum

1053 1806 1129 1838 cura
1155 1811 1183 1838 et
1209 1805 1274 1839 sine
1299 1807 1374 1839 cura
1389 1833 1396 1846 ,
1421 1805 1611 1839 secularium
1636 1815 1672 1838 ac
1695 1803 1794 1837 sancti

1053 1859 1222 1900 Benedicti,
1247 1859 1344 1893 sancti
1368 1859 1548 1902 Augustini,
1573 1858 1794 1898 Cluniacensis‚

1052 1912 1277 1953 Cistercicnsis,
1288 1912 1616 1953 PraemonstratensiS,
1629 1910 1794 1956 Sylvestri-

1052 1975 1167 1998 norum
1188 1958 1229 1999 ¹ct
1252 1976 1527 2009 quorumcumque
1550 1965 1685 1999 aliorum
1709 1963 1797 1997 Ordi-

1052 2030 1129 2052 num
1143 2020 1336 2063 (nontamen
1347 2019 1615 2063 Mendicantium),
1629 2017 1796 2061 utriusque

1054 2084 1166 2114 sexus,
1195 2083 1318 2107 necnon
1350 2073 1631 2117 congregationum
1663 2073 1792 2116 regula-

1053 2127 1100 2159 riu
1107 2138 1146 2168 m,
1156 2137 1192 2160 ac
1200 2127 1404 2171 hospitalium
1417 2132 1488 2161 actu
1501 2137 1679 2172 pauperum
1691 2126 1796 2170 hospi-

1054 2180 1203 2214 talitatem
1226 2191 1289 2214 non
1314 2182 1538 2222 exercentium,
1558 2191 1594 2214 ac
1610 2180 1795 2214 militiarum

1054 2244 1326 2278 quarumcumque
1354 2236 1440 2278 (non
1475 2240 1580 2268 tamen
1615 2237 1795 2268 sanctorum

1055 2288 1190 2322 Mam-itii
1207 2293 1236 2322 et
1248 2289 1355 2322 Lazari
1369 2294 1399 2322 ct
1414 2288 1579 2332 hospitalis
1596 2288 1695 2321 sancti
1711 2287 1797 2321 Ioan-

1054 2341 1103 2373 nis
1126 2341 1420 2386 Hierosolymitani,
1441 2351 1521 2385 quae
1545 2352 1604 2385 pro
1627 2341 1677 2374 sui
1700 2341 1798 2374 tutela

1056 2399 1165 2427 contra
1200 2395 1318 2428 Tui-cas
1349 2399 1379 2428 et
1410 2395 1488 2428 alios
1523 2394 1664 2427 infideles
1688 2394 1798 2427 alienis

1057 2447 1180 2480 auxiliis
1204 2448 1352 2481 continuo
1376 2449 1490 2492 egent)
1515 2448 1546 2480 in
1570 2448 1718 2481 universo
1742 2448 1798 2481 du-

284 2509 352 2532 cam
364 2499 476 2533 Sedem
492 2500 604 2534 merita
616 2505 759 2545 poscunt,
772 2506 806 2533 ut
819 2500 874 2541 illi,
888 2501 951 2544 qui,
965 2512 1022 2545 pro
1057 2506 1127 2534 catu
1151 2501 1336 2542 Saliaudiae,
1361 2507 1391 2534 et
1422 2501 1602 2545 principatu
1628 2501 1798 2535 Pedemon-

285 2552 436 2588 eatholica
450 2554 604 2597 religione
617 2554 648 2588 in
661 2554 725 2588 suis
739 2554 886 2588 dominiis
898 2554 1022 2596 tuenda,
1058 2554 1145 2595 tium,
1160 2564 1283 2588 necnon
1298 2555 1410 2589 Niceae
1424 2555 1587 2589 Provincia
1604 2556 1796 2600 nuncupata,

1038 2602 1087 2669 {et
1117 2614 1181 2642 toto
1210 2609 1277 2642 eius
1308 2609 1453 2643 districtu
1488 2620 1524 2644 ac
1556 2609 1735 2651 territorio,
1767 2614 1796 2643 et

1039 2662 1144 2697 :Statu
1167 2663 1303 2707 Oneliae,
1324 2674 1360 2699 ac
1376 2664 1408 2699 in
1428 2665 1550 2710 reliqua
1573 2664 1738 2710 temporali
1756 2663 1819 2699 dis
