2293 3231
106 291 194 320 AniC.
219 291 285 318 ituit}

115 1669 219 1690 Matthiae
235 1669 280 1699 ¹³⁰?

96 1701 206 1717 manorum
225 1701 280 1722 regis

97 1728 179 1749 preces.

30 1777 40 2005 ..-im-sou*
23 1731 25 1735 ”

946 293 1064 316 PAVLVS
1090 293 1107 315 V
1133 293 1179 315 l'l‘.

301 339 394 372 fidem
419 340 632 383 praelatorum
657 351 672 372 a
699 341 788 373 nobis
813 345 841 372 et
860 341 1039 384 Apostolica

301 391 379 424 Sede
403 392 650 435 comprobatam,
675 404 691 425 a
717 394 803 426 vobis
830 404 914 433 vero,
933 399 966 425 ut
982 403 1039 436 par

300 448 381 484 erat,
406 445 561 487 agnitam.
588 446 617 478 in
649 446 778 479 dubium
813 457 946 486 vocare,
977 456 1038 478 non

300 496 366 530 sine
390 497 579 531 detrimento
604 499 734 532 honoris
759 499 822 539 Dei,
841 505 871 531 et
895 499 974 532 vitae
992 509 1039 530 re-

300 549 429 592 ligiosae
453 551 636 584 ancillarum
662 552 738 591 eius,
756 557 784 584 et
807 552 837 584 in
862 552 1037 583 animarum

300 613 427 636 suarum
458 604 700 638 damnationem.
727 605 802 638 Rem
835 604 917 637 enim
952 605 1038 637 vobis

300 655 437 698 dignam,
455 661 485 688 et
509 657 599 689 nobis
616 661 645 691 et
669 657 865 701 Apostolicae
883 657 953 690 Sedi
970 668 1038 700 gra-

299 707 466 748 tissimam,
492 709 616 752 Deoque
648 710 782 743 maxime
815 714 973 753 acceptam
1000 710 1038 741 se-

300 761 415 794 ceritis.

343 813 452 847 Datum
479 815 594 848 Romae
624 816 706 859 apud
731 820 872 849 sanctum
898 816 1055 861 Marcum¹

1053 864 1055 872 ’
1071 868 1199 910 gitimus
1216 869 1351 912 pugil'et
1367 869 1482 901 athleta
1499 874 1528 901 te
1553 870 1702 902 adversus
1719 871 1813 903 schis-

1053 921 1259 967 3maticorum
1291 926 1318 953 et
1351 922 1607 962 haereticorum,
1637 923 1811 956 Turcaruin

332 981 394 1009 Dat.
411 982 454 1009 die
472 981 503 1009 16
518 982 649 1009 februarii
664 982 744 1014 16¹3,
761 983 856 1018 pontis.
875 991 948 1009 anno
963 989 1020 1009 vni.
1071 973 1215 1016 tyramni,
1241 984 1276 1005 ae
1301 974 1372 1006 tidci
1391 979 1419 1005 et
1445 974 1577 1007 Christi¹
1603 975 1739 1007 nominis
1759 976 1813 1008 ho-

1052 1026 1165 1066 ,stium
1190 1026 1325 1059 insanias
1350 1032 1379 1059 et
1404 1028 1527 1060 furores
1555 1028 1758 1070 spiritualiter
1783 1034 1811 1060 et

1052 1070 1285 1123 'temporaliter
1315 1081 1470 1121 armaris,
1504 1086 1533 1113 et
1566 1081 1596 1113 in
1626 1081 1692 1113 dies
1725 1091 1811 1114 arma

1051 1132 1251 1176 Lhuiusmodi
1277 1133 1391 1175 iugiter
1423 1134 1601 1177 exequeris>
1627 1145 1662 1166 ea
1693 1133 1748 1166 tibi
1773 1134 1813 1166 sa-

297 1175 459 1209 Matthiae
482 1176 706 1210 Romanor-mn
736 1178 806 1220 reyi
830 1179 863 1210 in
896 1177 1052 1221 impera-¹

299 866 356 899 sub
381 868 496 900 annulo
522 867 707 908 piscatoris,
733 869 782 901 die
809 879 862 901 xv'l
886 868 1036 900 februarii

299 929 430 961 iincxm,
445 921 646 965 pontificatus
663 922 762 954 nostri
784 931 865 954 anno
882 931 946 954 vni.

602 1106 747 1140 (mxxvi.

342 1232 442 1262 torem
466 1229 561 1262 electo
576 1230 759 1273 primariae
774 1241 892 1273 preces,
910 1241 963 1263 seit
983 1231 1034 1263 ius

341 1281 384 1314 ad
409 1282 562 1325 beneficia
587 1283 803 1316 ecclesiastica
819 1285 929 1327 primo
945 1294 1034 1317 raca-

343 1338 417 1367 tura
441 1336 648 1376 nominandi,
676 1336 921 1370 conceduntur‘.

516 1412 626 1440 Paulus
646 1412 821 1447 Episcopus,

482 1467 588 1488 servus
609 1468 762 1489 servorum
782 1462 842 1496 Dei,

297 1513 476 1541 Charissimo
493 1514 524 1541 in
540 1515 656 1542 christo
666 1515 726 1542 filio
736 1516 881 1544 Matthiae
891 1517 1033 1544 Romano-

331 1602 469 1628 salutem.

341 1663 355 1706 ᾖ
380 1663 408 1695 i.
434 1663 520 1703 Cum,
542 1670 612 1707 post
636 1666 746 1697 factam
764 1665 802 1698 de
820 1668 953 1709 persona
979 1669 1031 1699 tuci

294 1726 350 1759 per
375 1717 454 1749 sacri
480 1717 611 1750 Romani
640 1718 763 1761 imperii
792 1719 950 1763 principes
975 1720 1033 1753 ele-

295 1772 397 1801 ctores
422 1768 453 1801 in
477 1779 585 1812 regem
604 1771 817 1804 Romanorum
835 1773 1031 1813 electionem,

293 1831 330 1854 ae
352 1832 409 1866 per
432 1832 490 1856 nos
513 1834 572 1867 pro
596 1824 741 1858 universa
767 1826 957 1859 christianae
974 1827 1049 1870 rei-¹

292 1874 437 1917 publicae
461 1876 560 1910 salute
577 1877 806 1919 confirmatam,
824 1889 925 1922 nuper
941 1879 1031 1912 nobis

292 1927 535 1970 significaveris,
560 1935 590 1962 te
615 1941 817 1975 summopere
849 1932 1030 1965 desiderare

292 1990 442 2023 personas
466 1982 521 2014 tibi
546 1989 651 2025 gratas
673 1990 703 2016 et
718 1990 862 2028 acceptas
886 1986 987 2028 gratia
1002 1991 1029 2018 et
1047 2006 1049 2012 ι

1047 2037 1201 2080 'capitula
1225 2043 1255 2070 et
1279 2043 1450 2071 conventus
1475 2039 1603 2083 fuerint)
1621 2050 1716 2083 super
1735 2040 1802 2072 sin-

292 2034 508 2068 munificentia
525 2036 628 2080 aliqua
652 2037 803 2071 beneficia
821 2039 1031 2072 ecelesiastica

291 2087 441 2130 consequi
464 2098 556 2131 posse
571 2100 578 2128 ·‚
595 2100 662 2129 nos,
680 2091 946 2134 quemadmodum
971 2103 1032 2125 ma-

291 2139 360 2181 gnis
385 2145 549 2174 merentur
580 2142 685 2175 efferri
716 2144 880 2185 laudibus,
907 2145 1032 2188 insigni-

290 2192 411 2236 busque
424 2195 600 2237 praeconiis
616 2198 831 2231 commendari
849 2199 1030 2232 sublimium

291 2245 469 2290 principum
483 2248 638 2281 desideria
652 2254 680 2282 et
698 2254 777 2290 vota,
795 2262 873 2294 quae
887 2252 917 2284 in
934 2252 1030 2285 divini

291 2298 445 2332 nominis²
465 2306 495 2334 et
515 2311 723 2344 personarum
748 2304 792 2335 illi
816 2305 952 2338 clericali
970 2306 1032 2338 vin-

291 2353 362 2385 culo
391 2353 613 2388 adstrictarum
642 2366 783 2389 amorem
815 2358 976 2396 feruntur,
1002 2364 1028 2391 et

292 2415 387 2448 opere
410 2408 611 2450 postmodum
636 2415 847 2453 consequente
863 2415 964 2443 tutum
982 2412 1032 2444 de-

291 2458 465 2494 ducantur-‘¹
488 2461 520 2494 in
550 2467 675 2501 actum;
708 2463 750 2496 ita
774 2464 867 2498 etiam
899 2465 1029 2508 dignum

332 2592 338 2617 l
364 2591 399 2619 Ex
421 2593 528 2621 Archiv.
550 2594 576 2621 in
597 2603 660 2622 arce
679 2597 764 2623 sancti
786 2596 888 2631 Angeli.

330 2634 347 2660 2
366 2638 470 2665 Forsan·
486 2638 631 2673 tegendum
650 2639 788 2668 Numinis
802 2642 843 2675 (n.
860 2642 907 2673 T.).

327 2683 342 2710 3
362 2683 506 2711 Videretur
521 2683 666 2718 legendum
682 2684 860 2713 deducuntur
879 2691 916 2713 (a.
934 2692 948 2711 τ
974 2706 978 2710 .

1720 282 1780 315 197

1074 340 1156 372 niam
1183 340 1213 372 in
1239 340 1310 372 tidei
1333 340 1523 379 sinceritate,
1541 344 1570 371 et
1595 339 1759 372 devotione
1785 339 1817 372 il-

1074 393 1186 426 libatae
1212 393 1369 426 I⁴Icclesiae
1386 403 1518 436 sponsae
1544 396 1668 426 nostrae
1693 397 1723 424 tc
1744 392 1816 425 fide-

1075 446 1134 477 lem
1160 446 1344 478 advocatum
1370 446 1530 485 devovisti,
1549 456 1679 488 eamque
1704 445 1815 477 humili

1074 498 1267 541 professione
1303 504 1436 530 matrem
1475 504 1505 531 et
1536 498 1695 531 dominam
1730 502 1814 530 tuam

1075 551 1308 593 recognovisti,
1333 556 1383 589 et,
1408 551 1446 582 atl
1480 551 1576 594 ipsius
1606 551 1760 584 honorem
1786 555 1813 582 et

1074 604 1154 636 sacri
1180 605 1311 637 Romani
1343 605 1465 647 imperii
1496 605 1609 645 «locus,
1635 605 1814 638 unctionem

1074 656 1223 689 victoriae
1248 662 1278 689 ct
1302 657 1444 690 diadema
1468 658 1560 690 ctiam
1590 663 1698 690 nostro
1727 657 1815 690 mini-

1073 709 1168 742 sterio
1192 710 1376 743 adveniente
1410 716 1550 754 tempore
1584 712 1759 755 suscipere,
1785 716 1814 743 et

1073 762 1103 795 in
1127 763 1172 795 eis
1205 763 1375 795 immobilis
1400 764 1567 806 persistere
1592 764 1741 803 intendis,
1768 774 1814 797 ve-

1072 826 1141 848 rum
1168 816 1260 848 etiam
1285 820 1445 859 tamquam
1472 817 1569 859 ipsius
1593 817 1750 850 Ecclesiae
1774 817 1813 849 le-

1070 1186 1250 1218 vorabiliter
1267 1187 1485 1227 concedamus,
1503 1198 1581 1230 quae
1600 1192 1669 1220 tuae
1691 1187 1812 1220 celsitu-

1069 1238 1133 1271 dini
1143 1239 1253 1272 cedant
1264 1240 1301 1272 ad
1319 1240 1484 1279 honorem,
1495 1246 1523 1273 ct
1534 1252 1590 1284 per
1601 1251 1681 1284 quae
1693 1241 1810 1273 eisdem

1068 1291 1271 1324 benemeritis
1296 1293 1439 1335 personis
1469 1298 1497 1325 te
1527 1294 1712 1327 munificum
1745 1294 1811 1326 red-

1050 1344 1143 1377 ³dere
1169 1346 1279 1388 possis,
1304 1356 1362 1389 ope
1388 1347 1580 1379 auctoritatis
1610 1348 1809 1390 apostolicae,

1050 1397 1051 1410 ³
1068 1398 1259 1431 exhibitione
1284 1399 1475 1442 gratiarum:

1113 1452 1127 1494 g
1152 1451 1180 1484 2.
1207 1452 1284 1484 llinc
1309 1458 1370 1492 est,
1400 1453 1482 1495 quod
1514 1459 1583 1485 tuae
1617 1454 1809 1488 celsitudinis
1852 1463 1964 1484 *Ion-:esve
1983 1465 2008 1484 de

1049 1504 1287 1547 'supplicationi
1314 1505 1471 1545 inclinati,
1496 1506 1579 1538 dicta
1604 1504 1807 1546 auctoritate,

331 1564 396 1584 rum
414 1558 478 1592 regi
498 1558 610 1585 illustri
635 1559 665 1585 in
686 1559 893 1592 imperatorem
918 1561 1031 1591 electo.
1049 1557 1050 1569 ¹

1068 1558 1280 1599 praesentium
1306 1558 1397 1595 serie,
1416 1558 1517 1591 eidem
1536 1559 1713 1592 celsitudini
1737 1565 1808 1592 tuae

1049 1607 1270 1656 {concedimus
1298 1616 1327 1643 et
1355 1611 1573 1653 indulgemus,
1591 1612 1675 1655 quod
1702 1613 1727 1645 si
1753 1624 1808 1656 pei·

1049 1675 1050 1683 ¹
1068 1668 1096 1695 te
1109 1663 1272 1706 quibusvis
1297 1664 1501 1697 collatoribus
1522 1676 1577 1698 seu
1594 1666 1807 1698 collatricibus

1066 1727 1341 1761 quorumcumque
1365 1718 1592 1752 beneficiorum
1617 1719 1805 1752 ecclesiasti-

1067 1781 1177 1803 corum
1189 1771 1377 1803 secularium
1392 1772 1439 1804 vel
1453 1773 1648 1815 regularium
1659 1773 1805 1805 ordinum

1066 1834 1339 1867 quorumcumque
1359 1835 1416 1867 per
1430 1835 1553 1857 sacrum
1572 1836 1739 1858 romanum
1753 1826 1807 1858 im-

1066 1877 1189 1920 perium
1219 1877 1349 1910 ubilibet
1379 1878 1621 1911 constitutorum
1647 1879 1755 1922 (etiam
1781 1880 1804 1911 si

1066 1930 1146 1973 quis,
1172 1931 1218 1962 vel
1244 1930 1269 1962 si
1294 1941 1372 1974 quae
1390 1932 1572 1975 pontificali,
1592 1933 1638 1965 vel
1656 1932 1717 1964 alia
1734 1943 1806 1976 qua-

1067 1983 1111 2015 vis
1135 1983 1286 2026 dignitate
1310 1985 1544 2028 praefulgeant,
1570 1996 1624 2018 seu
1655 1986 1804 2029 collegia,

1066 2090 1146 2132 gulis
1170 2090 1330 2123 beneficiis
1348 2091 1576 2132 ecclesiasticiS,
1594 2103 1664 2124 cum
1683 2092 1759 2126 cura
1777 2098 1805 2125 et

1066 2142 1131 2175 sinc
1149 2145 1235 2183 cura,
1260 2144 1454 2177 secularibus
1471 2145 1517 2176 vel
1538 2145 1683 2177 ordinum
1702 2145 1806 2178 huius<

1066 2196 1150 2229 modi
1164 2197 1371 2240 regularibus,
1383 2197 1413 2230 in
1423 2197 1554 2240 singulis
1564 2199 1805 2237 cathedralibus

1065 2250 1158 2282 etiam
1187 2251 1456 2294 metropolitanis,
1487 2252 1659 2294 collegiatis
1684 2258 1713 2285 et
1737 2252 1806 2284 aliis

1065 2303 1227 2345 quibusvis
1251 2304 1391 2337 ecclesiis
1416 2305 1551 2347 <etiamsi
1576 2305 1727 2337 beneficia
1752 2305 1806 2337 hu-

1065 2355 1201 2389 iusmodi
1218 2357 1419 2390 canonicatus
1439 2363 1468 2390 et
1484 2358 1691 2401 praebendae,
1708 2358 1806 2401 digni—

1064 2413 1163 2449 tates,
1189 2415 1396 2453 personatus,
1421 2410 1709 2444 administrationes
1724 2439 1731 2451 ,
1756 2412 1803 2444 vel

1064 2462 1165 2496 officia
1182 2463 1213 2495 in
1233 2463 1351 2495 eisdem
1370 2464 1611 2505 cathedralibus,
1629 2464 1722 2497 etiam
1742 2476 1804 2498 me-

292 2512 338 2545 vel
363 2514 467 2556 potius
492 2515 631 2548 debitum
650 2517 874 2553 existimamus.
893 2523 923 2550 ut
944 2519 1031 2560 (qiio-
1064 2515 1271 2558 ll'OPOlilfflliS,
1297 2517 1342 2548 VC!
1369 2516 1551 2558 UOHOss‘issliS,
1569 2522 1597 2550 (Ξῖ
1618 2517 1704 2561 ipsae
1717 2528 1803 2561 Pl‘flss·

1045 2569 1192 2609 =bendae,
1218 2570 1248 2602 in
1268 2570 1328 2602 illis
1353 2582 1388 2602 cx
1415 2571 1593 2604 huiusmodi
1611 2572 1750 2604 ecelesiis
1772 2572 1801 2604 in

1045 2615 1176 2665 lquibus
1200 2623 1336 2655 maiores
1361 2624 1407 2655 vel
1438 2624 1577 2657 minores
1605 2625 1801 2669 praebendae

1104 2686 1108 2710 l
1134 2684 1188 2711 Nisi
1210 2685 1285 2712 malis
1306 2685 1395 2721 legere
1417 2687 1570 2714 christiani
1589 2691 1628 2721 tn.
1646 2690 1693 2722 T.).

1830 292 1879 317 ΛΠ.
1896 292 1922 318 (ἶ,
1946 291 2013 318 1613

1825 1496 1865 1516 qua
1882 1491 1901 1510 in
1917 1491 2008 1511 rubrica.
