2293 3231
93 282 146 313 An.
163 282 194 312 G.
211 281 279 311 1623

116 1142 238 1165 Exordium.

71 1736 76 1742 ·
111 1728 237 1753 novor-atio.
249 1726 275 1748 de

91 1760 133 1782 qua
147 1756 169 1777 in
183 1756 275 1778 rubrica.

895 281 1072 306 GREGORIUS
1096 281 1139 306 XV
1159 281 1207 306 Pr.

291 329 349 363 sub
369 329 484 363 annulo
509 329 691 369 piscatoris,
715 329 765 362 die
784 339 873 363 xxvn
898 329 1030 363 ianuarii

291 392 447 423 MDCxxnI,
469 383 670 426 pontificatus
687 383 787 416 nostri
803 394 885 416 anno
902 393 933 416 11.

327 443 385 472 Dat.
402 444 447 472 die
461 444 496 472 25
510 444 624 472 ianuarii
639 445 717 479 1623,
734 445 829 481 pontis.
846 453 890 472 an.
906 452 935 473 n.

598 594 723 628 XCVIII.

288 674 456 708 Revocatio
481 684 761 718 quarumcumque
787 673 1029 718 praecedentia-

332 737 419 769 rum,
446 737 502 760 seu
523 728 773 770 paternitatum,
790 729 948 772 fratribus
965 729 1028 761 Mi-

332 779 464 812 noribus
487 779 520 813 S.
547 779 718 813 Francisci
740 780 779 814 de
804 780 1025 822 Obseruantia,

331 836 462 876 praeter
491 833 734 866 constitutiones
761 833 895 867 Ordinis
919 837 1029 866 aucto-

332 886 431 918 ritate
454 885 630 929 apostolica
654 886 861 929 confirmatas
875 913 884 928 ,
911 897 1030 921 conces-

332 948 454 971 sarum.

504 1009 661 1044 Gregorius
672 1010 750 1043 Papa
760 1010 817 1043 XV,

432 1054 469 1082 ad
488 1054 622 1081 futuram
641 1053 685 1081 rei
705 1053 886 1081 memoriam.

333 1123 502 1156 Pastoralis
526 1123 621 1156 officii
644 1123 735 1156 nobis
759 1123 906 1155 divinitus
930 1122 1031 1156 iniun-

289 1177 330 1209 cti
354 1176 478 1209 assidua
502 1175 680 1208 sollicitudo
710 1186 768 1208 nos
802 1175 972 1216 admonet,
996 1180 1031 1208 ut

288 1229 374 1262 omni
399 1230 475 1261 cura
492 1233 523 1261 et
538 1227 699 1271 vigilantia
724 1227 762 1260 ad
786 1238 823 1260 ea
847 1238 972 1271 semper
988 1228 1031 1260 in-

289 1281 464 1323 tendamus,
480 1292 537 1325 per
561 1291 642 1324 quae
666 1280 861 1323 regularium
884 1290 1031 1324 persona-

288 1347 371 1379 rum,
395 1346 485 1380 quae,
509 1337 620 1370 relicto
645 1337 765 1378 seculo,
789 1335 844 1368 Dei
878 1335 1029 1379 obsequio

289 1402 358 1426 sese
382 1391 576 1433 dedicarunt,
593 1391 702 1435 quieti,
718 1391 865 1434 felicique
889 1390 981 1423 statui
994 1401 1030 1424 ac

288 1448 444 1491 regularis
468 1447 650 1491 disciplinae
667 1447 897 1481 conservationi
922 1457 1031 1479 consu-

288 1503 380 1543 litur,
408 1508 442 1535 ut
472 1503 635 1546 regulares
659 1503 745 1546 ipsae
768 1512 920 1546 personae
945 1502 1030 1534 iuxta

288 1556 448 1600 regularia
468 1567 597 1589 suorum
616 1556 768 1589 Ordinum
793 1555 932 1587 instituta
948 1560 1031 1587 tran-

288 1610 394 1654 quillis
413 1610 572 1643 mentibus
589 1615 713 1653 gratum
729 1609 888 1643 Altissiino
913 1609 1031 1652 impen-

289 1664 366 1698 dere
390 1664 514 1708 possint
533 1664 726 1697 famulatum.

335 1718 350 1761 ἓ
374 1717 403 1750 1.
429 1717 505 1751 Cum
530 1717 645 1761 itaque,
674 1717 753 1749 sieut
777 1716 965 1760 accepimus,
993 1726 1030 1748 ex

289 1770 388 1804 nimia
423 1770 662 1815 privilegiorum
677 1797 684 1810 ,
717 1769 1008 1814 praerogativarum
1022 1796 1029 1809 ,

289 1830 383 1868 atque
407 1824 641 1867 exemptionum
666 1823 815 1856 fratribus
832 1822 956 1855 Ordinis
979 1822 1031 1855 Mi-

289 1888 406 1911 norum
439 1877 537 1911 sancti
562 1877 720 1910 Francisci
743 1876 781 1909 de
805 1876 1029 1918 Observantia,

289 1931 343 1975 qui
367 1931 399 1964 in
423 1931 507 1964 dicto
531 1930 646 1964 Ordine
677 1930 782 1973 aliqua
813 1929 920 1962 munia
943 1929 1029 1962 obie-

289 1989 373 2024 runt,
398 1994 452 2017 seu
476 1984 561 2025 alias,
590 1989 653 2016 tam
678 1994 696 2016 a
720 1983 798 2016 Sede
830 1982 1028 2026 Apostoliea,

290 2047 385 2080 quam
417 2037 456 2069 ab
488 2036 628 2070 eiusdem
653 2036 778 2070 Ordinis
814 2036 1029 2080 superioribus

290 2101 512 2123 concessarum
543 2091 764 2131 multitudine,
790 2101 853 2123 non
885 2090 964 2123 levia
988 2090 1030 2122 in-

290 2143 506 2176 convenientia
530 2143 682 2185 oriantur,
700 2144 731 2176 in
747 2143 902 2186 regularis
926 2143 1031 2176 obser-

290 2196 412 2229 vantiae
437 2202 467 2230 et
487 2197 670 2241 disciplinae
693 2197 932 2236 detrimentum,
957 2206 1028 2236 nOS,

288 2249 580 2283 inconvenientibus
592 2250 784 2291 huiusmodi,
794 2254 945 2293 quantum
958 2259 1029 2281 cum

290 2303 422 2336 Domino
435 2314 613 2347 possumus,
622 2303 748 2336 obviare
763 2303 933 2347 cupientes,
943 2308 1030 2335 motu

290 2357 422 2402 proprio
439 2362 470 2389 et
486 2367 523 2390 ex
540 2359 627 2390 certa
643 2357 773 2390 scientia
792 2358 911 2396 nostra,
929 2356 1030 2399 deque

289 2410 479 2454 apostolicae
503 2409 665 2454 potestatis
688 2409 892 2453 plenitudine,
921 2419 1030 2441 omues

289 2468 320 2497 et
343 2463 482 2506 singulas
506 2463 707 2507 paternitates
732 2466 761 2496 et
784 2462 1028 2506 praecedentius,

289 2517 451 2561 quibusvis
475 2517 549 2550 dicti
574 2516 698 2549 Ordinis
718 2516 868 2548 fratribus
884 2526 921 2548 ex
938 2515 1030 2559 privi-

289 2570 384 2613 legio,
401 2575 464 2602 tam
487 2580 545 2614 per
569 2569 680 2603 Sedem
696 2569 917 2612 Apostolicam,
934 2579 1028 2612 quam

289 2623 365 2656 dicti
388 2622 514 2656 Ordinis
549 2623 744 2667 superiores,
769 2633 806 2655 ex
831 2632 1027 2666 quacumque

290 2678 405 2717 causa,
433 2682 464 2710 et
493 2678 551 2710 sub
576 2677 828 2720 quibuscumque
852 2677 1024 2710 verborum

374 2739 454 2768 Ruit.
473 2740 557 2768 Rom.
577 2754 611 2761 —
629 2740 687 2768 Vol.
703 2739 770 2767 ΧΠ.
948 2739 985 2768 99

1707 266 1770 304 785
1815 277 1865 306 Au.
1881 277 1909 306 c.
1931 276 2000 306 1623

1064 333 1173 363 tenore
1198 334 1228 363 et
1250 329 1359 362 formis
1375 325 1611 372 quomodolibet
1627 335 1801 367 concessas,

1064 382 1156 415 salvis
1180 387 1285 415 tamen
1309 386 1339 414 et
1362 381 1392 413 in
1417 391 1474 414 suo
1503 379 1619 412 robore
1641 389 1805 412 remanen-

1063 436 1145 468 tibus
1163 435 1210 476 iis,
1227 445 1307 479 quae
1323 434 1472 467 fratribus
1496 432 1663 477 praedictis
1687 442 1724 464 ex
1744 432 1803 465 dis-

1062 488 1218 532 positione
1240 492 1429 521 statutorum
1449 485 1523 519 dieti
1536 485 1660 519 Ordinis
1680 489 1804 528 aposto-

1063 541 1123 573 lica
1147 540 1332 573 auctoritate
1364 538 1623 573 confirmatorum
1654 547 1803 570 concessa

1064 598 1146 634 sunt,
1163 597 1272 627 tenore
1289 591 1502 636 praesentium
1528 600 1722 631 revocamuS,
1739 600 1804 623 cas-

1062 656 1167 679 samus
1187 650 1218 678 et
1240 645 1447 688 abrogamus:
1465 655 1501 677 ac
1516 646 1687 684 revocatas,
1705 652 1803 676 cassa-

1062 704 1109 732 tas
1125 703 1155 733 et
1174 699 1340 742 abrogatas
1364 709 1431 732 esse
1455 703 1486 731 et
1509 698 1586 738 fore,
1602 707 1660 730 nec
1679 696 1748 729 illas
1763 695 1802 729 de

1063 757 1167 785 cetero
1185 752 1331 795 cuiquam
1355 751 1523 794 suffragari
1546 760 1641 794 posse
1649 761 1658 790 ;

1106 805 1121 848 ἓ
1146 805 1175 838 ⁶2.
1200 805 1328 848 Sicque,
1357 809 1387 837 et
1409 814 1473 837 non
1496 803 1586 836 aliter
1600 830 1608 844 ,
1631 813 1688 847 per
1712 812 1802 846 quos·
1843 813 1940 845 clausula
1953 813 2000 835 sut-

1062 868 1199 902 cumque
1221 857 1340 890 iudices
1372 856 1548 890 ordinarios
1571 861 1602 889 et
1625 855 1801 898 delegatos,
1816 841 1865 862 “m“

1063 910 1156 943 etiam
1181 920 1346 942 causarum
1370 909 1476 953 palatii
1499 908 1663 952 apostolici
1683 907 1803 940 audito-

1062 974 1123 1004 res,
1136 963 1253 1007 ubique
1276 963 1408 997 iudicari
1433 968 1463 996 et
1482 962 1606 996 definiri
1622 962 1749 1002 debere,
1766 971 1803 994 ac

1062 1017 1189 1049 irritum
1213 1021 1243 1050 et
1265 1017 1378 1058 inane,
1405 1016 1430 1049 si
1460 1026 1551 1049 secus
1581 1025 1675 1059 super
1705 1014 1754 1047 his
1785 1023 1803 1046 a

1063 1080 1232 1113 quoquam,
1250 1069 1358 1114 quavis
1383 1068 1578 1108 auctoritate,
1595 1067 1730 1101 scienter
1753 1066 1802 1099 vel

1063 1122 1255 1164 ignoranter,
1280 1121 1448 1165 contigerit
1470 1120 1615 1154 attentari
1629 1134 1642 1162 ,-
1664 1119 1803 1153 decerni-

1064 1186 1133 1208 mus
1157 1180 1188 1208 et
1210 1175 1415 1208 declaramus.

1108 1228 1175 1271 {3-
1206 1230 1274 1262 Non
1311 1228 1506 1261 obstantibus
1539 1227 1742 1271 praemissis,
1766 1237 1802 1259 ae
1843 1235 1999 1265 Clausulaede-

1064 1281 1339 1314 constitutionibus
1364 1286 1394 1313 et
1414 1280 1664 1314 ordinationibus
1681 1284 1803 1323 aposto·
1816 1264 1946 1289 ‘⁰²³t⁰¹¹³⁹'

1063 1335 1141 1377 licis,
1159 1346 1291 1377 necnon,
1307 1339 1460 1379 quatenus
1480 1345 1558 1378 opus
1582 1334 1631 1374 sit,
1652 1334 1727 1367 dicti
1750 1334 1804 1367 Or-

1063 1389 1145 1423 dinis
1159 1390 1265 1434 (etiam
1279 1390 1466 1430 iuramento,
1483 1389 1722 1422 confirmatione
1733 1399 1804 1432 apo-

1064 1443 1183 1484 stolica,
1196 1443 1244 1476 vel
1265 1443 1375 1487 quavis
1388 1442 1536 1475 firmitate
1556 1442 1616 1474 alia
1634 1441 1803 1486 roboratis)

1063 1498 1184 1531 statutis
1198 1504 1228 1531 et
1241 1497 1530 1538 consuetudinibus,
1545 1496 1721 1541 ceterisque
1734 1507 1805 1531 con-

1062 1553 1168 1586 trariis
1192 1552 1453 1596 quibuscumque.

1108 1607 1122 1650 g
1137 1606 1166 1638 4.
1181 1606 1333 1639 Volumus
1349 1611 1463 1646 autem,
1480 1605 1565 1649 quod
1587 1605 1802 1649 praesentium

1064 1659 1278 1703 transumptis,
1296 1659 1389 1691 etiam
1409 1658 1582 1702 impressis,
1599 1669 1694 1691 manu
1710 1658 1804 1691 alieu-

1063 1713 1112 1746 ius
1137 1713 1249 1747 notarii
1273 1712 1391 1756 publici
1416 1712 1617 1755 subscriptis,
1646 1716 1675 1744 et
1699 1711 1803 1754 sigillo

1062 1777 1217 1811 personae
1234 1767 1265 1799 in
1282 1766 1432 1809 dignitate
1456 1765 1667 1798 ecclesiastiea
1691 1765 1804 1799 consti-

1065 1825 1147 1855 tutae
1171 1820 1311 1860 munitis‚
1332 1819 1440 1852 eadem
1464 1829 1594 1863 prorsus
1618 1819 1696 1852 fides
1719 1818 1804 1851 adhi-

1063 1874 1185 1914 beatur,
1205 1884 1284 1917 quae
1302 1873 1377 1916 ipsis
1400 1872 1617 1916 praesentibus
1640 1872 1804 1904 adhibere-

1063 1933 1125 1968 tur,
1142 1927 1167 1959 si
1183 1928 1285 1960 forent
1309 1926 1464 1959 exhibitae
1488 1926 1536 1959 vel
1561 1930 1713 1959 ostensae.

1107 1982 1219 2014 Datum
1232 1982 1366 2021 Romae,
1383 1979 1465 2024 apud
1479 1980 1508 2012 S.
1523 1980 1660 2020 Petrum,
1678 1979 1735 2011 sub
1752 1989 1803 2011 an-

1063 2035 1137 2067 nulo
1163 2033 1340 2074 Piscatoris,
1358 2033 1407 2066 die
1424 2043 1458 2066 111
1478 2032 1629 2066 februarii
1646 2042 1800 2074 Mncxxni,

1062 2087 1262 2132 pontificatus
1286 2087 1386 2120 nostri
1411 2097 1493 2120 anno
1518 2097 1549 2119 11.

1099 2150 1156 2177 Dat.
1178 2150 1222 2176 die
1242 2150 1257 2177 3
1276 2149 1407 2177 februarii
1429 2149 1507 2184 1623,
1528 2148 1622 2184 pontif.
1645 2156 1689 2176 an.
1710 2155 1739 2175 11.

1868 1616 1931 1637 Fides
1946 1618 2001 1637 tran-

1817 1646 1954 1670 sumptorum.

1379 2282 1478 2316 XCIX.

1065 2356 1330 2395 Communicatio,
1344 2360 1373 2388 et
1390 2354 1531 2388 extensio
1542 2353 1803 2398 prirz'leyiorunz,

1108 2410 1357 2442 immunitatum
1371 2412 1399 2440 et
1413 2408 1664 2451 exemptionum,
1676 2408 1803 2450 qratia<

1106 2473 1193 2502 rum„
1211 2462 1428 2501 indultorum,
1445 2466 1511 2494 tam
1524 2461 1560 2493 in
1573 2460 1802 2504 spiritualibus

1107 2527 1208 2560 quam
1221 2517 1257 2548 in
1271 2515 1512 2559 temporalibus,
1528 2515 1697 2558 quibusvis
1710 2515 1799 2555 aliis,

1108 2574 1175 2603 lani
1198 2568 1475 2609 lIIendicant-ium,
1503 2579 1603 2612 quam
1627 2578 1693 2600 non
1716 2569 1803 2602 Men-

1105 2622 1285 2655 dicantium
1303 2621 1491 2661 Ordinibus,
1510 2632 1568 2665 per
1584 2631 1799 2667 quoscumque
1827 2629 1831 2631 ·

1103 2676 1264 2710 Romanos
1284 2675 1457 2718 Pontifices
1474 2685 1693 2708 concessorum
1716 2678 1746 2708 et
1761 2675 1798 2708 in
