2293 3231
61 281 111 309 An.
129 278 244 308 (3.1612

890 277 1010 302 PAULus

258 336 393 370 cumque
419 331 540 370 tempus
565 325 738 370 expeditis,
762 325 839 359 nihil
871 331 995 370 praeter

258 379 432 423 scripturae
450 379 638 411 mercedem.

302 431 353 465 8⁶2.
379 432 439 464 Pro
464 431 567 474 sigillo
587 442 683 475 parvo
700 442 837 476 appenso
853 431 884 464 in
900 431 996 475 quali-

258 485 310 518 bet
327 485 536 529 expeditione,
553 485 578 518 si
598 495 662 518 non
685 485 766 518 adsit
789 484 893 518 minor
916 490 995 525 taxa,

258 538 396 571 solvatur
412 543 533 571 tantum
551 538 645 571 iulius
661 548 752 571 unus.

302 590 353 623 83.
379 591 439 624 Pro
462 591 616 624 mandatis
640 590 834 634 exequutivis
858 590 905 623 vel
928 589 996 622 aliis

257 644 509 688 quibuscumque
519 643 778 688 expeditionibus,
788 643 902 676 notarii
918 642 995 675 nillil

258 697 431 741 recipiant,
456 697 515 730 nisi
540 697 601 730 illis
626 696 832 730 effectualiter
855 695 997 740 partibus

259 750 462 794 consignatis.

303 802 354 836 84.
379 804 442 837 Nec
466 809 571 847 partes
595 808 749 847 cogantur
775 803 917 847 accipere
941 802 997 835 ali-

258 868 352 901 quan]
378 856 607 901 expeditionem
620 884 627 898 ,
644 857 703 889 nisi
721 867 815 900 quam
829 856 996 889 voluerim.

303 911 354 945 85.
381 911 574 956 Pauperibus
598 910 811 955 expeditiones
842 910 872 943 in
897 911 998 943 forma

258 975 444 1009 pauperum,
462 964 695 997 miserabilibus
719 974 794 997 vero
818 963 917 1006 gratis
934 973 999 996 om-

258 1017 333 1050 nino
346 1017 481 1057 tradant,
491 1017 585 1050 etiam
599 1017 773 1060 scriptume
791 1015 996 1055 mercedem¹;

258 1071 415 1104 distinctio
432 1081 507 1104 vero
521 1071 653 1104 istarum
663 1080 873 1114 personarum
886 1070 998 1104 iudicis

257 1124 389 1157 arbitrio
406 1124 589 1157 remittitur.

302 1177 353 1211 86.
379 1178 440 1211 Pro
464 1177 608 1210 terminis
626 1187 733 1211 eoram
757 1177 858 1210 iudice
876 1187 999 1210 servan-

258 1231 316 1272 dis,
341 1230 497 1263 iudicibus
521 1230 743 1269 informandis,
769 1230 934 1274 scripturis
959 1229 997 1262 ad

257 1295 312 1317 eos
335 1284 522 1325 deserendis,
547 1294 602 1317 scu
627 1284 720 1317 etiam
745 1283 776 1316 in
801 1284 904 1317 officio
930 1294 999 1328 per-

258 1337 430 1381 quirendis,
447 1337 591 1380 registris
615 1348 670 1370 seu
695 1337 885 1370 extractibus
901 1342 999 1370 trans-

257 1391 430 1435 portandis,
448 1396 478 1424 et
503 1391 572 1423 aliis
596 1391 787 1431 huiusmodi,
806 1391 931 1431 notarii,
949 1391 997 1424 vel

258 1454 368 1477 eorum
382 1444 552 1485 substituti,
566 1444 687 1477 scribae
698 1449 728 1476 et
740 1444 888 1487 copistae‚
903 1444 996 1476 etiam

258 1498 385 1531 nomine
409 1499 580 1541 regalium,
605 1510 660 1532 seu
690 1498 894 1539 bibaliorum,
919 1498 998 1530 nihil

258 1562 406 1595 prorsus,
431 1552 525 1584 etiam
556 1562 573 1584 a
604 1557 714 1596 sponte
739 1552 894 1593 dantibus,
920 1551 999 1585 acci-

258 1605 353 1648 piant.

296 1657 347 1691 87.
362 1658 396 1691 In
409 1658 512 1691 causis
525 1658 740 1692 criminalibus
753 1659 997 1703 expeditionum,

259 1721 339 1755 quae
355 1716 446 1744 erunt
464 1711 604 1744 eiusdem
629 1712 754 1755 generis
771 1722 826 1745 seu
843 1712 999 1745 nominis²

259 1765 349 1798 cuius
376 1770 447 1798 sunt
469 1765 711 1809 suprascriptae,
732 1766 868 1810 pretium
889 1765 998 1808 augeri

259 1828 322 1851 non
337 1818 437 1862 possit
452 1819 534 1852 ultra
545 1819 670 1852 tertiam
686 1824 807 1863 partem
825 1819 902 1860 eius,
916 1819 999 1863 quod

259 1882 355 1916 supra
379 1872 410 1904 in
434 1872 577 1905 civilibus
601 1873 831 1917 praescriptum
854 1878 909 1906 est.

304 1924 356 1958 88.
381 1925 415 1958 In
431 1925 585 1969 registris,
599 1926 800 1967 extractibus,
814 1927 913 1971 copiis
924 1927 1001 1960 indi-

260 1980 392 2021 ciorum,
402 1984 432 2013 et
440 1980 568 2013 alterius
582 1991 676 2024 quam
690 1980 861 2024 supradicti
875 1981 1000 2024 generis

261 2043 317 2066 seu
339 2033 476 2067 nominis
500 2033 749 2077 expeditionibus
773 2034 999 2075 criminalibus,

262 2091 404 2120 servetur
420 2092 490 2119 taxa
514 2087 582 2119 aliis
607 2087 816 2121 tribunalibus
832 2088 1000 2122 ordinariis

262 2139 354 2173 Urbis
378 2139 409 2172 in
432 2140 649 2173 criminalibus
672 2141 875 2184 praescripta.

306 2192 357 2226 89.
383 2193 443 2226 Pro
467 2193 573 2236 rogitu
590 2194 885 2236 instrumentorum,
902 2205 1002 2227 cassa-

262 2247 367 2287 tione,
393 2251 423 2279 et
452 2257 510 2290 pro
534 2247 639 2290 rogitu
662 2252 924 2281 testamentorum
939 2275 946 2289 ,
971 2253 1001 2281 et

261 2301 412 2342 aliorum,
436 2306 579 2334 servetur
607 2301 788 2334 constitutio
812 2301 1000 2335 sanctissimi

262 2353 295 2387 D.
312 2355 359 2394 N„
383 2354 441 2387 sub
458 2354 585 2387 rubrica
610 2354 656 2387 De
675 2355 825 2396 notariis,
846 2355 861 2398 ξ
874 2365 934 2399 pro
950 2366 1001 2388 ro-

261 2407 335 2451 yitu
347 2407 530 2448 cuiuslibet,
549 2408 564 2451 g
578 2418 638 2451 pro
651 2408 840 2448 cassatione,
854 2408 868 2451 ἓ
884 2408 922 2441 in
940 2412 1002 2441 trae

262 2460 387 2502 alendis,
407 2465 437 2494 et
456 2461 471 2505 g
488 2472 549 2506 pro
569 2462 681 2505 royitu
700 2465 965 2495 testamentorum
977 2461 998 2494 ⁸.

298 2551 311 2578 1
325 2550 587 2586 Subintelligendum
595 2550 702 2578 videtur
710 2550 1001 2586 renunciando(n.r.).

298 2596 314 2623 2
331 2595 475 2632 Perperam
490 2596 556 2623 edit.
573 2596 652 2624 Main.
668 2596 734 2632 legit
749 2596 875 2624 hominis
890 2596 987 2631 (n.'r.).

299 2641 316 2668 3
331 2641 433 2676 Nempe
448 2649 522 2668 num.
537 2640 618 2668 48-51
636 2641 664 2668 in
678 2642 691 2676 ἓ
706 2647 751 2668 xix
767 2641 858 2668 const.
876 2639 1001 2676 praeced.

265 2690 392 2723 utsupra
411 2694 474 2722 pag.
489 2686 525 2713 90
540 2687 576 2723 (n.
591 2687 639 2721 τ.).

1036 277 1055 300 v
1079 277 1126 300 pp,

1071 325 1123 358 90.
1150 324 1209 357 Pro
1233 322 1378 356 mercede
1417 321 1683 354 inti-umentorum
1714 331 1768 353 seu

1029 383 1287 412 testamentorum
1299 376 1540 421 publicatorum,
1551 374 1590 407 ab
1604 367 1666 407 uno
1680 379 1769 407 scuto

1028 443 1127 476 usque
1138 431 1176 464 ad
1192 430 1454 474 vigintiquinque,
1467 428 1625 463 bononeni
1639 427 1770 472 quadra-

1029 485 1115 528 ginta
1132 485 1281 529 quinque;

1072 538 1123 571 91.
1149 539 1173 570 A
1197 538 1292 570 scutis
1322 536 1570 581 vigintiquinque
1600 545 1699 579 usque
1731 534 1769 567 ad

1028 591 1264 635 quinquaginta,
1283 591 1348 623 iulii
1366 595 1484 634 septem
1502 600 1574 623 cum
1591 588 1732 628 dimidio;

1073 643 1124 677 92.
1154 645 1178 676 A
1210 644 1306 677 scutis
1336 643 1562 688 quinquaginta
1601 653 1701 686 usque
1731 641 1769 674 ad

1030 701 1168 737 centum,
1186 702 1310 729 scutum
1327 707 1435 737 unum;

1075 749 1126 782 93.
1151 750 1175 782 A
1207 750 1303 782 scutis
1331 754 1457 782 centum
1487 760 1586 793 usque
1617 748 1655 781 ad
1683 749 1771 793 quin-

1031 807 1124 845 genta
1139 829 1146 843 ,
1170 813 1228 846 pro
1259 803 1400 846 quolibet
1433 802 1615 835 centenario
1646 807 1769 835 scutum

1030 866 1139 896 unum,

1074 909 1127 942 94.
1152 910 1176 942 A
1190 909 1286 942 scutis
1303 910 1481 953 quingentis
1498 920 1598 954 usque
1615 910 1652 942 ad
1666 919 1772 953 quam-

1031 974 1167 1007 cumque
1181 974 1415 1008 summani,pro
1435 964 1575 1008 quolibet
1592 963 1771 997 centenario

1032 1016 1098 1049 iulii
1115 1016 1196 1057 duo;

1075 1069 1127 1103 95.
1153 1070 1330 1103 Dummodo
1347 1070 1377 1103 in
1403 1076 1502 1104 totum
1528 1081 1627 1114 usque
1649 1070 1686 1103 ad
1704 1080 1773 1103 cen-

1032 1128 1099 1156 tum
1124 1129 1211 1157 scuta
1235 1135 1293 1168 pro
1319 1125 1457 1168 qualibet
1482 1127 1623 1165 summa,
1648 1130 1675 1157 et
1710 1134 1772 1158 non

1031 1178 1123 1217 ultra,
1141 1178 1284 1222 recipere
1302 1178 1432 1210 valeant.

1076 1230 1127 1265 96.
1153 1231 1213 1264 Pro
1227 1241 1427 1275 quocumque
1441 1231 1583 1275 deposito
1599 1232 1774 1264 cuiuscum-

1031 1294 1091 1328 que
1104 1295 1246 1317 summae
1263 1285 1310 1317 rel
1328 1284 1384 1325 rei,
1398 1295 1454 1328 per
1472 1285 1616 1317 cedulam
1635 1285 1682 1317 vel
1697 1285 1773 1325 sine,

1030 1337 1108 1369 nihil
1126 1337 1308 1381 recipiatur.

1075 1391 1126 1425 97.
1154 1392 1214 1425 Pro
1238 1392 1434 1426 restitutione
1461 1402 1535 1425 vero
1565 1391 1693 1424 cedulae
1727 1391 1773 1423 vel

1030 1445 1174 1489 depositi,
1187 1457 1287 1489 usque
1300 1446 1339 1478 ad
1351 1456 1508 1479 summam
1525 1451 1687 1478 scutorum
1701 1455 1776 1488 qua-

1030 1499 1315 1543 dragintaquinque
1340 1499 1492 1533 inclusive
1507 1526 1514 1540 ‚
1542 1498 1695 1542 recipiant
1718 1509 1774 1531 no-

1030 1552 1101 1586 tarii
1126 1553 1212 1585 omni
1237 1563 1311 1585 casu
1335 1552 1521 1586 bononenos
1547 1551 1625 1585 duos
1655 1555 1774 1584 tantum

1030 1616 1088 1648 pro
1112 1605 1253 1648 quolibet
1276 1609 1376 1646 scuto,
1403 1616 1460 1638 nec
1484 1604 1568 1637 aliud
1593 1604 1774 1648 quicquam,

1031 1668 1132 1702 neque
1151 1669 1209 1702 pro
1226 1658 1422 1692 restitutione
1439 1658 1578 1698 cedulae,
1595 1667 1697 1701 neque
1715 1667 1774 1701 pro

1032 1711 1194 1752 mandato,
1214 1722 1317 1755 neque
1333 1722 1391 1755 pro
1411 1710 1612 1755 quietatione;

1075 1764 1127 1798 98.
1148 1766 1172 1798 A
1189 1765 1285 1798 scutis
1305 1764 1654 1808 quadragintaquinque
1678 1774 1774 1807 supra

1032 1829 1131 1862 usque
1148 1818 1186 1851 ad
1203 1828 1436 1862 quamcumque
1458 1828 1624 1856 summam,
1649 1817 1775 1860 quando

1032 1871 1210 1916 depositum
1229 1871 1402 1905 estfactum
1420 1874 1490 1904 ante
1507 1870 1645 1902 mandati
1658 1870 1776 1902 relaxa-

1033 1925 1285 1969 tionem‚absque
1299 1924 1478 1958 conditione
1490 1924 1538 1956 vel
1551 1923 1776 1967 protestatione

1033 1980 1223 2020 extrinseca,
1246 1991 1318 2013 cum
1335 1990 1491 2013 consensu
1508 1979 1592 2023 quod
1609 1979 1775 2022 consigne-

1033 2038 1084 2068 tur
1100 2034 1278 2078 adimpletis
1298 2033 1459 2067 conventis
1484 2037 1513 2067 et
1536 2033 1616 2065 sacta
1636 2033 1776 2075 legitima

1033 2087 1234 2131 quietafione,
1259 2092 1333 2121 tunc
1357 2097 1415 2131 pro
1440 2086 1586 2119 mandato
1610 2086 1648 2119 de
1673 2086 1777 2119 consi-

1033 2141 1279 2184 gnandohabeat
1295 2141 1437 2174 notarius
1450 2140 1542 2173 iulios
1556 2144 1691 2184 quatuor
1704 2150 1775 2172 cum

1034 2195 1174 2235 dimidio,
1191 2200 1221 2227 et
1238 2194 1316 2228 alios
1332 2199 1468 2238 quatuor
1484 2204 1555 2227 cum
1572 2193 1702 2226 dimidio
1718 2203 1777 2237 pro

1034 2248 1271 2291 consignatione
1291 2247 1430 2287 cedulae,
1447 2253 1477 2280 et
1493 2257 1556 2280 non
1573 2247 1664 2285 ultra;

1078 2301 1129 2335 99.
1158 2301 1287 2340 Quando
1316 2311 1391 2334 vero
1419 2300 1597 2344 depositum
1629 2303 1676 2333 est
1704 2310 1775 2332 cum

1033 2355 1258 2398 protestatione
1272 2355 1319 2387 vel
1334 2354 1512 2388 conditione
1525 2353 1700 2387 extrinseca
1714 2363 1777 2385 non

1035 2410 1187 2441 conventa
1208 2408 1239 2440 in
1259 2408 1416 2452 scriptura
1433 2407 1521 2440 cuius
1538 2407 1646 2450 vigore
1661 2407 1776 2449 agitur,

1035 2460 1113 2494 adeo
1126 2461 1209 2505 quod
1225 2460 1346 2494 oriatur
1360 2471 1454 2504 super
1467 2461 1504 2492 ea
1517 2459 1689 2500 decretum,
1703 2463 1777 2493 tunc

1035 2525 1093 2558 pro
1108 2513 1255 2548 mandato
1272 2513 1311 2546 de
1327 2513 1542 2556 consignando
1560 2512 1647 2553 illud,
1665 2512 1777 2545 habeat

1036 2567 1176 2602 notarius
1195 2572 1328 2607 tantum,
1342 2570 1494 2610 quantum
1520 2567 1695 2600 solveretur
1719 2577 1777 2610 pro

1036 2621 1183 2655 mandato
1200 2620 1284 2654 illius
1301 2630 1444 2654 summae
1460 2620 1658 2664 exequutivo,
1672 2624 1701 2655 et
1714 2631 1780 2653 am-

1035 2675 1118 2721 plius
1134 2675 1226 2709 iulios
1243 2678 1377 2719 quatuor
1391 2685 1462 2710 cum
1475 2674 1606 2710 dimidio
1619 2685 1677 2719 pro
1690 2674 1779 2709 resti-
1824 2680 1827 2681 ’

1670 262 1734 296 19ὶῦ
1781 272 1829 298 An.
1846 271 1876 298 C.
1899 270 1965 298 ¹612
