2293 3231
277 328 325 355 Α..
345 326 372 355 e.
393 327 460 355 1622
506 316 569 352 772

476 376 522 408 vel
537 375 649 407 liberas
663 371 888 415 resignationes
909 371 960 403 illa
982 381 1017 403 ac
1036 371 1213 414 prioratum

476 435 505 461 et
530 428 631 461 otlieia
656 425 835 459 huiusmodi
852 424 890 457 ad
909 434 1057 468 praesens
1074 423 1215 456 obtinen-

476 481 562 518 tium,
588 480 634 512 vel
659 478 841 522 quorumvis
865 477 1010 517 aliorum,
1035 477 1073 510 de
1098 476 1158 509 illis
1183 477 1214 509 in

476 535 614 566 Romana
630 533 718 565 curia
736 532 782 564 vel
799 537 887 563 extra
910 541 978 563 eam
995 531 1088 563 etiam
1107 541 1214 563 coram

474 586 596 619 notario
620 585 747 629 publico
772 590 801 617 et
826 584 957 617 testibus
981 588 1091 627 sponte
1109 584 1214 623 saetas,

473 644 525 670 aut
559 637 816 671 constitutionem
854 636 952 669 t'elieis
988 635 1215 669 recordationis

475 691 598 723 loannis
617 691 716 734 Papae
736 690 814 723 xxti
833 689 1084 733 praedecessoris
1104 689 1214 729 nostri,

473 754 552 787 quae
577 744 686 787 incipit
714 742 930 783 Execrabilis,
952 743 999 775 vel
1023 742 1216 786 assequutio-

473 807 545 829 nem
570 797 699 829 alterius
718 796 862 829 beneficii
887 795 1089 828 ecclesiastici
1107 795 1215 838 quavis

473 849 658 882 auctoritate
690 849 794 881 collati
824 853 947 888 vacent;
973 848 1094 881 etiamsi
1130 852 1215 881 tanto

474 908 615 945 tempore
636 902 823 941 vacaverint,
840 901 924 944 quod
950 901 1215 935 monasteriorum

474 955 619 988 videlicet
644 954 785 998 provisio
810 954 895 987 iuxta
920 954 1139 987 Lateranensis
1158 958 1217 988 sta-

473 1013 538 1042 tuta
563 1008 706 1049 concilii,
735 1013 788 1041 aut
813 1008 934 1052 aliquas
958 1008 1124 1041 canonicas
1151 1018 1218 1040 san-

473 1062 610 1102 ctiones,
635 1061 674 1094 ad
697 1061 808 1095 Sedem
834 1061 1046 1105 Apostolicam
1075 1061 1215 1104 legitime

473 1114 619 1149 devoluta
642 1115 771 1155 existat,
796 1120 826 1147 et
850 1115 901 1147 illa
926 1125 962 1147 ex
987 1115 1097 1158 quavis
1121 1116 1214 1148 causa

473 1167 511 1199 ad
537 1167 649 1201 Sedem
674 1167 886 1211 Apostolicam
904 1167 1081 1211 specialiter
1101 1168 1148 1200 vel
1165 1178 1216 1210 ge—

472 1221 621 1255 neraliter
645 1221 819 1265 pertineat,
844 1232 880 1254 ac
908 1221 946 1254 de
975 1221 1036 1254 illis
1065 1221 1215 1254 consisto-

471 1274 592 1308 rialiter
608 1274 732 1318 disponi
747 1275 945 1309 consueverit
964 1286 1019 1308 seu
1043 1274 1164 1315 debeat,
1178 1284 1213 1307 ac

473 1338 567 1371 super
584 1327 702 1361 eisdem
718 1328 873 1370 regimine
890 1334 919 1361 et
933 1327 1213 1368 administratione,

472 1390 594 1414 necnon
613 1381 755 1424 prioratu
769 1386 799 1414 et
815 1380 926 1414 officiis
938 1380 1117 1425 praedictis,
1133 1380 1214 1414 inter

473 1433 595 1477 aliquos
612 1433 650 1466 lis
666 1444 722 1466 seu
746 1433 874 1466 illorum
888 1433 1046 1477 possessio
1062 1434 1107 1466 vel
1125 1433 1214 1476 quasi

473 1486 628 1527 molestia,
642 1487 731 1520 cuius
745 1487 809 1520 litis
826 1492 940 1520 statum
958 1487 1051 1520 etiam
1072 1497 1215 1530 praesen-

475 1539 557 1572 tibus
573 1540 683 1572 haberi
708 1540 854 1573 volumus
876 1551 936 1584 pro
959 1551 1119 1584 expresso,
1136 1550 1215 1584 pen-

473 1592 545 1626 deat
559 1593 720 1637 indecisa),
733 1603 855 1626 necnon
871 1604 982 1626 eorum
994 1593 1132 1634 nomina,
1147 1593 1216 1626 titu-

474 1646 521 1679 los
538 1650 567 1680 et
582 1646 861 1687 denominationes,
879 1657 914 1679 ac
932 1647 963 1679 in
980 1647 1024 1680 eis
1041 1658 1215 1690 eorumque

474 1699 626 1732 membris
649 1705 680 1733 et
703 1699 957 1744 quibuscumque
980 1700 1141 1733 benefieiis
1165 1710 1216 1733 ec—

474 1752 665 1793 clesiasticis,
690 1763 762 1786 cum
787 1755 863 1785 cura
887 1758 917 1786 et
941 1753 1007 1786 sine
1031 1755 1118 1794 cura,
1137 1764 1216 1797 quo-

475 1806 648 1839 modolibet
679 1806 865 1850 qualiticatis
900 1812 930 1840 et
962 1807 1170 1851 nuncupatis,
1199 1818 1216 1840 a

476 1859 674 1894 monasteriis
689 1865 719 1892 et
739 1860 880 1904 prioratu
898 1861 1066 1905 praedictis
1083 1872 1216 1904 quomo-

475 1912 591 1947 dolibet
615 1913 900 1957 dependenfibus',
924 1915 1042 1948 dietum
1067 1914 1216 1948 Ordinem

475 1966 504 1999 S.
536 1966 711 2007 Benedicti,
743 1978 934 2011 omnemque
964 1968 1048 2001 illius
1079 1973 1215 2011 statum,

476 2020 643 2052 essentiam
668 2025 698 2053 et
722 2020 962 2064 dependentiam
993 2022 1156 2064 regulares
1181 2033 1217 2055 ac

477 2073 768 2106 conventualitatem
786 2084 1018 2118 quamcumque
1032 2075 1217 2118 (dummodo

477 2126 550 2159 dicti
564 2127 710 2160 Ludovici
727 2128 821 2170 regis,
835 2134 864 2161 et
879 2128 1066 2162 dilectorum
1078 2129 1217 2163 filiorum

478 2180 620 2214 moderni
645 2180 767 2214 abbatis
787 2181 1024 2225 Burgidolensis
1040 2188 1070 2216 et
1092 2188 1154 2216 tarn
1182 2183 1218 2216 il-

478 2233 537 2265 lius
553 2244 647 2277 quarn
673 2233 702 2266 S.
716 2233 855 2274 Gildasii‚
869 2235 963 2279 quod,
980 2241 1014 2268 ut
1030 2236 1216 2279 praefertur,

478 2291 575 2327 vacat,
600 2287 864 2320 monasteriorum
891 2292 920 2322 ct
944 2294 1153 2321 conventuum
1178 2289 1217 2322 ad

479 2338 538 2371 lioc
562 2349 728 2382 expressus
751 2340 878 2373 accedat
901 2347 1060 2385 assensus)
1085 2341 1218 2375 auctori-

479 2396 540 2424 tate
563 2394 670 2424 nostra
691 2396 843 2436 perpetuo
865 2393 1043 2437 supprimas
1067 2399 1097 2426 et
1122 2393 1218 2427 extin-

479 2453 573 2485 guas;
598 2444 720 2488 illisque
745 2445 790 2478 sic
814 2446 991 2490 suppressis
1011 2451 1041 2478 et
1064 2447 1217 2487 extinctis

480 2505 589 2528 eorum
622 2497 770 2530 ecclesias
801 2508 855 2531 seu
887 2499 1063 2542 cappellas‚
1095 2509 1218 2533 necnon

480 2558 696 2592 quaecumque
720 2550 872 2584 beneficia
896 2551 971 2584 dicti
987 2551 1112 2585 Ordinis
1128 2562 1219 2595 regu-

481 2600 559 2633 laria
582 2602 818 2645 quomodolibet
841 2608 1021 2648 nuncupata
1045 2610 1076 2638 ct
1099 2605 1219 2649 qualifi-

482 2658 559 2693 cata,
576 2659 606 2687 et
623 2655 661 2687 ab
682 2655 758 2699 ipsis
782 2658 980 2692 monasteriis
1000 2658 1217 2702 dependentia,

519 2718 531 2743 1
553 2716 623 2745 Edit.
638 2717 717 2747 Mein.
731 2718 796 2756 legit.
809 2720 966 2756 dependet-i
980 2721 1017 2757 (a.
1033 2721 1083 2757 iu).

1049 321 1227 347 BULLARIUM
1252 321 1407 346 Romnum

1996 320 2048 348 An.
2063 320 2091 349 C.
2111 319 2182 350 1622

1247 369 1285 401 ad
1311 368 1541 401 secularitatem
1559 374 1587 401 et
1608 373 1722 401 statum
1740 369 1914 403 secularem
1931 368 1987 412 (ita
2203 376 2206 379 '

1248 426 1281 455 ut
1304 421 1400 454 abbas
1416 427 1447 454 et
1471 421 1618 454 monachi
1635 428 1816 465 praesentes
1835 423 1938 456 officia
1957 428 1987 456 et

1248 474 1401 507 beneficia
1414 475 1573 517 regularia
1586 475 1765 508 huiusmodi
1783 475 1821 508 ad
1839 486 1988 519 praesens

1248 533 1278 560 et
1308 533 1379 560 ante
1409 528 1626 561 executionem
1654 527 1869 572 praesentium
1900 527 1987 561 obti-

1248 585 1368 621 nentes,
1399 581 1519 625 absque
1543 581 1604 614 alia
1629 583 1710 614 nova
1734 581 1914 624 provisione
1938 580 1987 614 vel

1248 634 1456 677 possessionis
1479 634 1646 678 adeptione
1670 633 1807 678 desuper
1829 633 1988 674 facienda,

1249 687 1300 719 illa
1324 687 1472 731 deinceps
1497 687 1527 720 in
1552 687 1692 728 titulum,
1717 687 1820 731 quoad
1844 686 1989 727 vixerint,

1249 740 1422 773 secundum
1433 741 1559 774 illorum
1573 740 1605 773 in
1618 741 1790 774 monachos
1799 739 1990 785 receptionis

1249 793 1410 835 ordinem,
1427 794 1514 827 nulla
1527 794 1791 827 monasteriorum
1809 792 1990 826 huiusmodi

1248 847 1398 890 qualitate
1430 846 1637 887 considerata,
1661 847 1719 880 sub
1743 847 1870 880 nomine
1887 850 1990 881 tamen

1249 901 1489 934 canonicatuum
1511 906 1542 934 et
1562 900 1825 945 praebendarum,
1842 900 1990 941 retinere,

1250 954 1441 997 illorumque
1465 954 1596 995 fructus,
1628 953 1780 994 redditus,
1808 958 1990 997 proventus,

1250 1007 1329 1048 iura,
1339 1007 1544 1041 obventiones
1559 1013 1590 1041 et
1599 1007 1812 1040 emolumenta
1823 1017 1990 1051 quaecum-

1249 1071 1309 1104 que
1323 1061 1498 1105 pereiperc,
1512 1061 1639 1104 exigere
1653 1066 1683 1094 et
1696 1061 1810 1103 levare,
1823 1071 1861 1094 ac
1875 1060 1906 1093 in
1918 1071 1990 1105 pro-

1249 1113 1335 1156 prios
1359 1124 1436 1146 usus
1455 1118 1485 1148 et
1508 1113 1674 1147 utilitatem
1690 1119 1875 1147 convertere
1890 1113 1990 1148 libere

1248 1171 1277 1198 et
1296 1165 1380 1199 licite
1396 1167 1532 1210 valeant)
1549 1166 1643 1199 etiarn
1666 1171 1823 1210 perpetuo
1839 1166 1972 1201 reducas
1979 1179 1988 1208 ;

1291 1219 1307 1262 ἓ
1331 1219 1361 1252 4.
1386 1220 1515 1253 Necnon
1539 1219 1667 1253 eosdem
1686 1219 1835 1253 abbatem
1859 1225 1890 1253 et
1913 1231 1987 1254 mo-

1247 1273 1364 1306 nachos
1388 1274 1549 1316 professos
1576 1283 1593 1306 a
1625 1273 1808 1317 disciplinae
1833 1274 1988 1317 regularis

1247 1326 1321 1359 dicti
1345 1325 1470 1359 Ordinis
1498 1336 1534 1359 ac
1563 1331 1710 1359 votorum
1740 1327 1936 1371 paupertatis
1958 1332 1990 1361 et

1247 1379 1443 1412 obedientiae
1463 1379 1540 1423 (non
1560 1384 1665 1412 tamen
1684 1379 1848 1424 castitatis)
1864 1390 1922 1424 per
1935 1391 1990 1414 eos

1247 1438 1412 1466 eteorum
1443 1432 1615 1476 quemlibet
1647 1432 1679 1464 in
1708 1433 1905 1476 professione
1933 1435 1991 1467 sua

1249 1486 1386 1529 regulari
1404 1486 1593 1519 emissorum
1612 1486 1811 1520 observantia
1835 1487 1891 1530 (ita
1906 1487 1991 1531 quod

1249 1540 1286 1571 ad
1318 1540 1371 1572 illa
1403 1540 1552 1583 deinceps
1583 1540 1779 1573 observanda
1810 1541 1990 1574 nullatenus

1249 1597 1430 1633 teneantur,
1455 1603 1513 1625 nec
1536 1592 1574 1625 ad
1598 1592 1630 1626 id
1654 1604 1672 1626 a
1696 1603 1866 1638 quoquam,
1879 1593 1992 1637 quovis

1249 1651 1412 1689 praetextu
1438 1646 1486 1678 vel
1519 1646 1625 1679 colore
1641 1673 1648 1686 ‚
1676 1646 1825 1690 compelli
1854 1646 1990 1690 possint)

1249 1701 1372 1744 penitus
1390 1706 1419 1733 et
1437 1700 1576 1741 omnino,
1593 1699 1724 1744 perinde
1741 1710 1777 1733 ac
1796 1700 1822 1733 si
1845 1699 1899 1733 illa
1914 1709 1992 1733 nun-

1249 1764 1344 1797 quam
1368 1753 1546 1787 emisissent
1561 1754 1798 1797 (praeterquam
1814 1763 1832 1786 a
1855 1758 1928 1787 voto
1944 1763 1992 1787 ca-

1250 1807 1361 1841 stitatis
1377 1806 1592 1850 huiusmodi),
1607 1807 1751 1840 absolvas
1766 1811 1797 1839 et
1812 1806 1945 1848 liberes3

1294 1861 1309 1904 ἓ
1333 1860 1362 1894 5.
1388 1860 1499 1894 Omnia
1529 1866 1634 1893 autem
1665 1866 1694 1893 et
1722 1860 1846 1903 singula
1873 1871 1986 1894 mona·
2016 1869 2190 1893 Bonaomniud

2029 1231 2146 1254 monachae
2159 1231 2189 1254 :d

2003 1259 2118 1280 canonicos
2146 1263 2190 1280 nou

2003 1287 2074 1306 tamen
2081 1285 2190 1316 regulum

2003 1311 2128 1339 reducendi;

1962 1915 1968 1920 ,
2003 1896 2061 1918 dicta
2080 1899 2188 1919 monaste-
2234 1900 2237 1902 “

1250 1915 1420 1947 steriorum
1445 1919 1476 1947 et
1499 1913 1658 1958 prioratus
1682 1914 1928 1957 praedictorum,
1944 1925 1989 1948 Sic
2003 1923 2189 1954 riaetpripramm

1249 1967 1288 2000 ad
1305 1967 1534 2000 secularitatem
1560 1966 1774 2008 reductorum,
1791 1967 1884 2008 bona,
1901 1978 1990 2012 prae·
2003 1952 2123 2007 {l‘c‘ffff-{ti
2132 1950 2189 1999 Ειῗῗῖ

1249 2021 1310 2062 dia,
1334 2021 1560 2065 proprietates,
1584 2020 1744 2061 aedificia,
1767 2025 1871 2054 terrae
1894 2021 1988 2065 petia,
2003 2003 2076 2026 ‘stum'

1249 2074 1398 2114 decimas,
1417 2073 1582 2117 primitias,
1607 2083 1729 2114 census,
1754 2073 1920 2115 laudemia,
1943 2085 1991 2108 re·

1250 2127 1455 2170 cognitiones,
1479 2136 1626 2166 canones,
1651 2126 1834 2168 servitutes,
1858 2126 1989 2169 livellos‚

1249 2181 1380 2221 fructus,
1405 2179 1555 2221 redditus,
1575 2184 1756 2224 proventus,
1775 2180 1854 2221 iura,
1878 2180 1991 2214 obven-

1250 2234 1351 2267 tiones
1382 2239 1413 2266 et
1441 2233 1654 2266 emolumenta
1685 2243 1924 2279 quaecumque,
1955 2227 1990 2267 in

1249 2286 1412 2331 quibusvis
1423 2286 1518 2319 rebus
1535 2291 1565 2319 et
1581 2286 1612 2318 in
1628 2286 1767 2330 qnalibet
1779 2286 1888 2320 mundi
1900 2291 1990 2331 parte

1250 2339 1461 2379 consistentia,
1485 2345 1516 2372 et
1540 2339 1748 2383 undequaque
1764 2339 1989 2383 provenientia,

1250 2398 1280 2425 et
1305 2393 1343 2425 ad
1360 2392 1550 2426 monasteria
1570 2398 1601 2425 et
1617 2393 1792 2436 prioratum
1809 2392 1990 2426 huiusmodi

1251 2445 1489 2490 quomodolibet
1523 2446 1696 2489 spectantia
1726 2451 1757 2478 et
1784 2445 1990 2488 pertinentia,

1251 2498 1372 2533 etiamsi
1396 2508 1453 2542 per
1477 2498 1588 2531 Sedem
1611 2498 1820 2542 praedictam,
1845 2497 1992 2542 illiusque

1252 2554 1370 2596 legatos
1395 2553 1441 2585 vel
1466 2552 1618 2592 nuncios,
1643 2561 1679 2585 ac
1703 2551 1920 2594 imperatores,
1939 2561 1991 2585 re-

1251 2617 1316 2649 ges,
1332 2605 1468 2649 reginas,
1485 2605 1655 2649 principes,
1672 2609 1703 2638 et
1722 2605 1800 2638 alios
1824 2604 1990 2650 utriusque

1251 2670 1342 2692 sexus
1355 2658 1575 2692 christifideles
1591 2668 1818 2702 quoscumque,
1835 2658 1930 2691 etiam
1946 2657 1990 2691 in-

1250 2712 1332 2746 tuitu
1354 2716 1386 2745 et
1415 2710 1680 2756 contemplatione
1703 2710 1934 2754 regularitatis,
1957 2715 1990 2747 et
