2293 3231
290 289 339 314 An.
362 288 477 316 c.1613
524 280 587 314 υ216

303 771 414 791 Confirmat
424 771 477 791 Pau·

329 1720 431 1740 Nonnulla
446 1721 487 1739 sta·

303 1749 343 1767 tuit
364 1747 421 1767 circa
446 1746 488 1766 ele·

303 1773 402 1795 ctionem.
418 1775 436 1793 et
455 1778 488 1793 re-

303 1805 372 1824 “tmen
382 1800 488 1820 huiusmo-

303 1826 324 1846 ‹ti
354 1826 488 1852 presbytero·

303 1858 355 1873 rum.

373 2408 493 2429 Facultates

308 2435 418 2455 nonnullas
435 2435 492 2456 viee-

307 2461 436 2482 cancellario
443 2467 492 2483 cuu-

308 2486 371 2508 Ct’tltl.

490 336 707 377 subiungebat,
739 335 840 367 dictus
865 333 1040 366 Alexander
1065 331 1232 364 cardinalis

491 389 692 426 erectionem,
711 387 935 430 applicationes
952 391 982 417 ct
1005 383 1233 428 appropriatio-

491 452 556 480 nes,
574 452 608 473 ac
627 441 761 483 desuper
779 440 938 472 consectas
956 442 1098 481 patentes
1115 437 1233 469 litteras

492 493 676 537 praedictas,
691 502 813 524 necnon
832 491 938 524 omnia
956 490 986 522 in
1003 489 1173 533 praedietis
1190 488 1234 520 lit-

493 546 568 579 teris
588 550 744 583 contenta,
762 548 794 577 ut
812 543 946 576 tirmiter
963 543 1182 581 observentur,
1199 552 1234 574 ac

493 599 644 641 perpetua
664 596 819 630 validitate
844 596 1024 635 subsistant,
1045 594 1235 638 apostolicae

493 649 744 682 confirmationis
770 648 884 681 robore
909 647 1100 681 communiri
1121 646 1235 690 cupiat,

493 709 520 734 et
536 703 625 736 nobis
639 708 806 746 propterea
825 701 985 734 humiliter
999 700 1234 744 supplicaverit:

538 759 552 800 ,ξ
577 756 606 788 3.
632 757 712 795 Nos,
743 755 923 788 huiusmodi
955 754 1235 798 supplicationiljms

494 810 628 852 benigne
654 819 792 841 annuere
813 809 961 847 volentes,
978 818 1013 840 ac
1039 807 1235 849 singularum

494 862 669 895 litterarum
687 867 715 894 et
744 862 926 894 facultatum
945 860 1179 904 praedictarum
1198 863 1237 892 te-

495 925 588 948 nores
600 914 818 958 praesentibus
831 924 888 957 pro
903 912 1058 956 expressis
1075 912 1236 951 habentes,

495 968 696 1007 erectionem,
708 967 944 1010 applicationes,
955 965 1237 1009 appropriationes,

495 1032 529 1053 ac
546 1026 688 1064 patentes
702 1020 821 1052 litteras
839 1018 1030 1058 huiusmodi,
1048 1029 1120 1051 cum
1138 1017 1235 1050 omni-

496 1074 554 1106 bus
586 1073 617 1105 in
651 1072 711 1106 illis
741 1072 895 1106 contentis
932 1075 962 1105 et
993 1071 1063 1103 inde
1097 1070 1237 1114 sequutis

496 1126 758 1169 quibuscumque,
779 1124 951 1169 apostolica
976 1124 1172 1163 auctoritate,
1199 1128 1238 1155 te-

497 1189 574 1213 nore
599 1178 824 1222 praesentium,
841 1182 994 1222 perpetuo
1012 1176 1238 1210 confirmamus

497 1236 527 1266 et
551 1232 774 1276 approbamus,
800 1231 923 1274 illisque
949 1235 1119 1274 perpetuae
1144 1240 1179 1262 ac
1197 1229 1240 1261 in-

497 1285 652 1319 violabilis
665 1285 857 1329 apostolicae
875 1283 1124 1317 confirmationis
1142 1283 1240 1315 robur

499 1339 673 1378 adiicimus,
694 1349 729 1371 ac
754 1348 863 1371 omnes
889 1341 919 1371 et
942 1337 1094 1379 singulos,
1116 1341 1178 1368 tam
1198 1336 1241 1367 iu-

500 1392 542 1425 ris
559 1402 653 1436 quam
672 1391 743 1424 t'acti
757 1401 879 1424 necnon
894 1389 1127 1423 solemnitatum
1146 1388 1239 1422 etiam

500 1445 751 1478 substantialium
776 1444 932 1484 desectus,
958 1443 1051 1475 etiam
1076 1442 1114 1474 de
1138 1452 1242 1474 neces-

500 1498 589 1531 sitate
606 1497 783 1542 specialiter
800 1502 829 1530 et
847 1506 994 1540 expresse
1009 1494 1240 1539 exprimendos,

501 1551 525 1584 si
550 1551 603 1595 qui
630 1551 832 1584 intervenerit
850 1550 879 1582 in
899 1550 1028 1589 eisdem,
1046 1548 1241 1592 supplemus,

501 1609 528 1637 et
560 1610 713 1648 quatenus
747 1615 826 1648 opus
858 1603 897 1635 sit.
932 1603 1035 1636 denuo
1069 1601 1241 1646 praemissa

502 1658 607 1691 omnia
625 1663 653 1690 et
672 1658 794 1700 singula
812 1657 952 1690 facimus.

547 1713 562 1755 ἐ
591 1711 620 1743 4.
653 1712 695 1744 Ac
729 1711 856 1754 insuper
892 1714 1044 1754 perpetuo
1076 1708 1243 1741 statuimus

503 1770 533 1797 et
558 1764 758 1804 ordinamus,
784 1763 867 1807 quod
901 1762 1012 1796 electio
1043 1761 1242 1795 sacerdotum

504 1817 685 1851 huiusmodi
703 1828 829 1861 semper
845 1822 964 1861 spectet
988 1822 1018 1849 et
1034 1815 1189 1859 pertineat
1205 1814 1244 1847 ad

503 1870 715 1904 Alexandrum
745 1870 939 1903 cardinalem
965 1875 994 1902 et
1018 1879 1076 1912 pro
1101 1874 1244 1911 tempore

504 1924 688 1957 existentem
726 1923 823 1956 sancti
859 1921 1018 1955 Laurentii
1049 1921 1079 1953 in
1111 1920 1244 1953 Damaso

504 1977 672 2010 diaconum
708 1987 762 2010 seu
801 1976 1022 2019 presbyterum
1053 1973 1244 2006 cardinalem

504 2030 679 2063 dumtaxat:
695 2029 753 2072 ipsi
769 2040 842 2062 vero
856 2028 1045 2067 sacerdotes,
1060 2026 1243 2070 priusquam

504 2082 671 2124 eligantur,
700 2093 715 2113 a
741 2081 854 2114 dilecto
880 2081 945 2113 silio
973 2085 1082 2113 nostro
1107 2079 1136 2111 in
1162 2079 1243 2111 alma

507 2135 588 2168 Urbe
613 2135 730 2167 vicario
748 2135 778 2166 in
803 2133 1020 2178 spiritualibus
1044 2132 1183 2175 generali
1207 2131 1244 2163 ad

505 2188 716 2222 consessiones
748 2188 919 2221 audiendas
948 2187 1075 2230 praevio
1104 2185 1245 2218 examine

506 2242 675 2285 approbari
692 2247 721 2274 ct
735 2252 792 2285 pro
803 2239 1052 2274 contessionibus
1066 2238 1245 2271 huiusmodi

506 2295 669 2328 audiendis
679 2295 783 2328 dilecti
798 2294 891 2327 etiam
906 2293 961 2326 tilii
980 2292 1086 2325 vicarii
1099 2302 1156 2335 pro
1171 2296 1246 2323 tem-

507 2358 584 2391 pore
597 2347 756 2380 existentis
770 2357 957 2380 consensum
971 2345 1087 2378 habere
1102 2345 1244 2377 debeant.

551 2401 566 2443 {g
591 2399 621 2433 5.
646 2400 776 2443 Insuper
804 2399 905 2432 eidem
931 2410 990 2443 pro
1019 2403 1161 2441 tempore
1186 2397 1246 2429 exi-

508 2455 599 2487 stenti
615 2454 765 2486 cardinali
784 2452 1039 2486 vicecancellario
1053 2463 1147 2495 super
1161 2462 1246 2495 prae-

509 2507 612 2540 missis
636 2512 667 2540 et
683 2507 825 2550 singulis,
841 2517 964 2540 necnon
984 2506 1069 2539 circa
1085 2505 1245 2537 servitium

508 2560 667 2600 divinum,
692 2572 727 2593 ac
752 2560 818 2604 pias
842 2559 1080 2593 exercitationes
1110 2559 1140 2590 in
1165 2557 1247 2591 dicta

509 2613 640 2645 ecclesia
674 2613 770 2646 sancti
803 2612 960 2646 Laurentii
986 2622 1041 2655 per
1065 2610 1246 2643 huiusmodi

509 2665 686 2699 sacerdotes
710 2666 876 2706 laciendaS,
891 2670 919 2698 et
937 2665 1118 2709 qualitatem
1143 2674 1248 2708 perso-

1072 284 1250 308 sst'LLAtttt'M
1277 284 1429 308 uenimus}

1264 340 1376 363 narum
1402 330 1433 362 in
1457 330 1571 363 dictam
1589 330 1866 373 congregationem
1892 329 2006 362 adscri-

1265 382 1456 422 bendarum,
1478 393 1514 415 ac
1539 382 1718 415 reddituum
1743 388 1771 414 et
1797 387 2004 425 proventuum

1267 435 1303 468 ad
1329 434 1511 468 huiusmodi
1529 434 1813 477 Congregationem
1836 434 2007 478 quomodo-

1267 498 1401 531 cumque
1419 487 1627 531 spectantium
1642 486 1956 526 administrationem,
1972 497 2008 519 ae

1267 540 1342 573 alias
1355 541 1454 573 dictos
1469 540 1648 573 sacerdotes
1665 540 1895 578 concernentia,
1912 550 2007 583 quae-

1268 604 1403 637 cumque
1429 598 1542 625 statuta
1567 598 1593 625 et
1621 593 1834 626 ordinationes
1858 592 1955 631 (licita
1979 597 2010 625 et

1269 647 1409 686 honesta,
1435 646 1532 679 sacris
1558 651 1661 678 tamen
1687 645 1860 678 canonibus
1884 645 2009 678 etCon-

1269 699 1340 732 cilio
1365 698 1546 732 Tridentino
1571 708 1633 731 non
1658 698 1826 738 contraria,
1844 708 1879 730 ae
1897 708 1914 730 a
1931 697 2010 731 Sede

1270 752 1447 796 Apostolica
1473 751 1692 795 approbanda)
1712 750 1867 784 condendi
1888 755 1917 783 et
1941 760 2011 793 pro-

1270 805 1448 847 mulgandi,
1473 816 1508 837 ae
1539 809 1632 848 prout
1665 803 1798 846 qualitas
1831 809 2009 846 temporum

1269 858 1418 900 exegerit,
1443 863 1470 890 et
1496 857 1664 901 expediens
1682 857 1782 890 visum
1804 856 1906 897 suerit,
1924 866 2012 900 prae-

1270 910 1316 942 via
1330 910 1557 953 approbatione
1570 909 1762 949 huiusmodi,
1777 908 1968 942 reformandi
1981 914 2010 941 et

1270 963 1449 1003 innovandi,
1466 973 1564 1007 eaque
1578 963 1616 996 de
1629 973 1710 996 novo
1726 962 1869 1001 faciendi,
1886 962 2011 1006 plenam

1270 1021 1299 1051 et
1316 1017 1446 1049 liberam
1470 1016 1648 1049 facultatem
1661 1020 1688 1048 et
1712 1015 1941 1054 auctoritatem,
1961 1024 2013 1046 au-

1271 1069 1424 1103 ctoritate¹
1440 1075 1467 1102 et
1487 1073 1594 1103 tenore
1609 1068 1788 1112 praedictis,
1799 1067 2011 1101 concedimus.

1315 1124 1330 1165 ᾗ
1351 1122 1381 1155 o.
1408 1122 1653 1164 Praesentesque
1679 1120 1818 1160 litteras,
1843 1124 1872 1154 et
1904 1120 1935 1152 in
1967 1119 2012 1152 eis

1272 1179 1418 1208 contenta
1435 1184 1663 1217 quaecumque,
1680 1174 1766 1206 nullo
1782 1183 1921 1216 unquam
1939 1178 2013 1206 tem-

1273 1237 1350 1270 pore
1375 1226 1483 1267 (etiam
1510 1238 1547 1259 ex
1572 1237 1609 1259 eo
1634 1226 1718 1270 quod
1743 1225 1926 1270 praemissa.
1950 1235 2014 1259 non

1272 1279 1447 1313 iustitie-atis
1483 1284 1509 1312 ct
1545 1279 1713 1312 veriticatis
1741 1290 1851 1313 eorum
1888 1289 1943 1312 seu
1965 1289 2015 1312 cu-

1273 1330 1396 1362 iuslibet
1430 1340 1540 1363 eorum
1566 1330 1678 1370 causis,
1709 1329 1933 1370 emanaverint,
1958 1339 2015 1362 nec

1274 1383 1445 1427 capitulum
1484 1389 1512 1415 ct
1552 1383 1692 1416 canonici
1731 1383 1832 1415 dictae
1866 1382 2016 1415 eeclesiae

1275 1437 1373 1469 sancti
1398 1436 1566 1477 Laurentii,
1592 1440 1621 1470 ct
1645 1436 1697 1468 alii
1723 1436 1753 1468 in
1778 1435 1959 1480 praemissis
1975 1435 2017 1468 in-

1276 1494 1392 1523 teresse
1424 1489 1661 1533 quomodolibet
1693 1489 1862 1530 babentes,
1887 1489 1926 1522 ad
1957 1489 2016 1522 hoe

1277 1543 1375 1590 [ocati
1400 1543 1527 1583 suerint,
1540 1554 1641 1587 neque
1659 1543 1719 1576 illis
1744 1542 1970 1582 consenserint,
1987 1547 2017 1575 et

1276 1608 1312 1629 ex
1337 1597 1446 1640 quavis
1463 1599 1556 1630 causa
1575 1602 1602 1629 et
1624 1597 1799 1636 occasione,
1816 1606 1851 1629 ac
1868 1606 2018 1639 quocum-

1277 1661 1336 1693 que
1369 1651 1471 1694 eapite
1502 1650 1721 1693 undecumque
1753 1650 1944 1689 resultante,
1970 1650 2017 1683 vel

1278 1708 1440 1746 praetextu
1457 1708 1487 1735 et
1500 1703 1642 1746 quaesito
1659 1703 1778 1745 colore)
1791 1702 1829 1735 de
1847 1702 2019 1746 subreptio-

1278 1756 1336 1796 nis,
1362 1757 1408 1789 vel
1435 1756 1647 1800 obreptionis,
1671 1761 1723 1788 aut
1748 1755 1900 1788 nullitatis
1924 1755 2017 1795 vitio,

1278 1821 1332 1843 scu
1358 1810 1541 1843 intentionis
1557 1815 1693 1849 nostrae,
1712 1808 1758 1841 vel
1784 1808 1845 1841 alio
1869 1808 2018 1852 quopiam

1278 1863 1400 1896 defectu
1425 1862 1537 1902 notari,
1562 1862 1759 1906 impugnari,
1785 1860 1962 1901 invalidari,
1987 1861 2018 1893 in

1279 1915 1326 1948 ius
1350 1916 1396 1948 vel
1415 1915 1662 1949 controversiam
1680 1914 1796 1954 vocari,
1812 1913 1850 1946 ad
1867 1913 2019 1947 terminos

1279 1968 1356 2001 iuris
1381 1969 1499 2009 reduci,
1524 1974 1574 2001 aut
1600 1969 1749 2001 adversus
1774 1967 1826 2000 illa
1850 1967 2020 2011 quodcum-

1279 2032 1339 2065 que
1373 2022 1469 2060 iuris,
1493 2022 1635 2065 gratiae,
1661 2022 1705 2054 vel
1740 2020 1809 2053 t'acti
1843 2019 2019 2053 remedium

1280 2074 1459 2118 impetrari,
1484 2086 1536 2107 scu
1563 2075 1655 2107 etiam
1684 2079 1772 2107 motu
1796 2073 1925 2117 proprio
1949 2083 2020 2107 eon-

1280 2128 1358 2168 eedi,
1376 2128 1554 2161 nullatenus
1567 2138 1705 2172 unquam
1723 2137 1826 2171 posse,
1843 2137 1944 2171 neque
1961 2126 2020 2160 sub

1280 2181 1441 2223 quibusvis
1462 2181 1612 2215 similium
1627 2181 1674 2214 vel
1692 2180 1893 2214 dissimilium
1909 2180 2021 2223 gratia-

1280 2246 1361 2275 rum,
1380 2235 1472 2268 etiam
1499 2235 1645 2268 effectum
1668 2245 1729 2268 non
1755 2234 1949 2273 sortitarum,
1975 2244 2021 2266 re-

1281 2287 1506 2328 vocationibus,
1531 2287 1799 2331 suspensionibus,
1824 2286 2021 2319 institutioni-

1279 2340 1353 2380 bus,
1383 2341 1639 2384 derogationibus
1657 2367 1664 2380 ‚
1697 2345 1723 2372 et
1757 2339 1824 2372 aliis
1854 2338 2020 2372 contrariis

1280 2394 1547 2437 dispositionibus,
1565 2394 1658 2427 etiam
1691 2404 1707 2424 a
1739 2392 1849 2432 nobis,
1875 2392 1922 2425 vel
1954 2403 2020 2425 suc-

1280 2447 1458 2480 cessoribus
1482 2447 1598 2480 nostris
1622 2445 1769 2479 Romanis
1800 2444 2018 2486 Pontificibus,

1280 2501 1372 2535 etiam
1410 2501 1439 2533 in
1472 2500 1641 2533 erastinum
1673 2498 1896 2542 assumptionis
1919 2498 2020 2531 cuius-

1281 2554 1353 2587 libet
1386 2564 1495 2587 eorum
1529 2553 1567 2585 ad
1599 2551 1714 2585 summi
1739 2552 1933 2595 apostolatus
1957 2551 2019 2595 api-

1281 2618 1359 2647 cem,
1385 2612 1415 2639 et
1438 2606 1513 2639 alias
1538 2605 1810 2648 quandocumque,
1827 2615 1862 2638 ac
1873 2604 1931 2637 sub
1955 2604 2019 2648 qui-

1318 2672 1327 2697 1
1352 2670 1450 2697 Vocem
1471 2667 1644 2696 anctoritate
1664 2675 1712 2695 nos
1731 2666 1854 2694 addimus
1872 2666 1911 2701 (a.
1932 2666 1980 2701 τ.).

2021 281 2070 307 An.
2092 280 2120 307 C.
2138 280 2205 310 ¹6¹3

2054 1135 2162 1156 Clausulas
2172 1139 2210 1161 pro

2027 1161 2169 1188 praesentium
2177 1161 2210 1190 [ir-

2027 1190 2100 1210 :nitate
2114 1189 2209 1214 apponit.
