2293 3231
304 291 352 318 Αιι.
367 290 398 317 c.
420 289 487 318 ¹623
533 281 596 316 792

362 356 401 376 Qui
416 353 487 379 penu<

304 382 376 402 ,ussffltl
386 396 390 403 ‚

548 340 562 381 ἓ
588 339 615 372 7.
641 338 702 372 Nos
727 338 823 380 igitur
844 337 910 380 (qui
936 335 1054 369 dudum
1080 335 1160 369 inter
1184 336 1244 368 alia

504 392 672 430 voluimusy
698 390 780 434 quod
805 395 946 433 petentes
969 389 1121 422 beneficia
1146 388 1244 422 eecle-

503 444 624 476 siastiea
649 444 717 475 aliis
742 443 834 482 uniri,
860 445 1041 476 tenerentur
1065 441 1242 485 exprimere

504 506 610 528 verum
636 506 774 528 :nimium
793 495 942 535 valorem,
959 494 1132 528 secundum
1154 494 1243 527 aesti-

503 548 670 580 mationem
691 547 895 591 praedictam,
916 547 1008 580 etiam
1029 546 1174 580 beneficii
1191 546 1242 579 cui

502 600 584 632 aliud
609 600 690 633 uniri
713 604 893 644 peteretur,
917 600 1057 644 alioquin
1081 600 1156 633 unio
1179 610 1243 633 non

503 654 628 692 valeret,
646 660 673 687 et
688 664 813 698 semper
830 654 861 687 in
878 654 1047 688 unionibus
1060 654 1242 687 commissio

501 708 587 739 tieret
603 707 640 739 ad
654 712 767 751 partes,
784 707 902 740 vocatis
915 717 1052 751 quorum
1066 707 1241 747 interesset,

501 759 647 803 idemque
667 760 890 793 observaretur
906 760 937 793 in
958 759 1121 804 quibusvis
1140 761 1241 805 appli-

501 812 676 845 cationibus
693 812 731 845 de
747 812 909 856 quibusvis
930 812 1084 846 fructibus
1101 818 1131 845 et
1150 813 1242 847 bonis

500 866 732 906 ecelesiasticis3
753 866 869 910 quique
893 866 989 899 divini
1014 866 1116 899 cultus
1141 877 1241 911 augu-

501 924 639 951 mentum
665 924 692 951 et
719 919 979 964 propagationem
1010 919 1141 953 sinceris
1165 930 1240 954 exo-

499 978 622 1016 ptamus
641 972 827 1017 affectibus),
845 974 946 1017 ipsum
966 974 1183 1018 praepositum
1205 984 1241 1008 ac

499 1025 758 1069 Congregationis
779 1026 959 1059 huiusmodi
977 1026 1152 1070 singulares
1171 1038 1242 1072 per-

500 1089 592 1112 sonas
609 1089 625 1111 a
642 1079 803 1123 quibusvis
819 1080 1163 1122 excommunicationis,
1177 1091 1242 1114 sus-

499 1133 657 1176 pensionis
681 1139 710 1165 et
734 1133 912 1174 interdicti,
937 1133 1069 1177 aliisque
1093 1134 1240 1168 ecclesia-

499 1187 583 1219 sticis
601 1187 771 1229 sententiis,
789 1188 931 1221 censuris
949 1194 979 1221 et
998 1189 1119 1233 poenis,
1137 1199 1154 1222 a
1171 1189 1241 1223 iure

500 1240 546 1272 vel
564 1240 603 1272 ab
621 1240 757 1281 homine,
773 1241 881 1285 quavis
898 1242 1064 1275 occasione
1080 1243 1129 1276 vel
1146 1245 1241 1276 causa

500 1293 589 1334 latis,
620 1294 645 1326 si
670 1294 783 1338 quibus
813 1295 1051 1338 quomodolibet
1074 1295 1240 1329 innodatae

500 1347 653 1388 existunt,
678 1348 716 1381 ad
741 1349 886 1382 ess'ectum
909 1350 1125 1394 praesentium
1150 1350 1241 1384 dum-

501 1407 580 1433 taxat
605 1403 868 1446 consequendum,
894 1404 1007 1437 harum
1031 1405 1113 1438 serie
1136 1405 1241 1439 absol-

501 1466 607 1493 ventes
635 1467 663 1494 et
692 1461 849 1495 absolutas
874 1462 940 1496 sore
965 1469 1150 1506 censentes,
1181 1464 1241 1497 hu-

502 1515 635 1548 iusmodi
661 1516 942 1559 supplicationibus
973 1517 1131 1560 inclinati,
1157 1518 1240 1552 vica-

502 1569 580 1601 riam
610 1570 801 1613 praedictam
829 1571 920 1614 (sive
949 1572 1144 1616 praemisso,
1175 1573 1240 1607 sive

501 1622 562 1655 alio
586 1623 696 1666 quovis
721 1624 826 1665 modo,
851 1628 903 1659 aut
927 1636 963 1658 ex
987 1626 1116 1659 alterius
1140 1626 1241 1660 cuius-

501 1686 634 1720 cumque
669 1687 842 1720 personae,
871 1689 927 1711 seu
961 1689 1018 1723 per
1042 1678 1177 1712 similem
1194 1690 1241 1713 re-

502 1729 706 1772 signationem
735 1731 809 1764 dicti
834 1732 1010 1773 Alexandri,
1029 1734 1077 1766 vel
1102 1734 1240 1767 cuiusvis

501 1783 650 1823 alterius,
682 1784 719 1817 de
756 1785 809 1817 illa
838 1785 869 1818 in
902 1787 1042 1820 Romana
1069 1788 1158 1820 curia
1191 1788 1239 1821 vel

502 1841 588 1868 extra
611 1848 679 1869 eam
705 1838 796 1871 etiam
823 1849 930 1872 coram
954 1840 1078 1874 notario
1110 1841 1240 1885 publico

503 1895 533 1921 et
553 1890 684 1923 testibus
708 1897 818 1935 sponte
838 1893 960 1933 sartam,
977 1898 1029 1928 aut
1047 1895 1241 1929 constitutio-

503 1953 573 1975 nem
599 1944 667 1987 piae
691 1945 862 1979 memoriae
887 1947 1009 1980 loannis
1035 1948 1136 1992 Papae
1159 1949 1239 1982 xxtl

503 1995 596 2028 ctiam
622 1997 870 2040 praedecessoris
889 2001 1009 2042 nostri,
1027 2012 1107 2045 quae
1131 2002 1241 2046 incipit

503 2048 726 2091 Εῑοσναὺὶἱίε,
765 2051 811 2084 vel
846 2054 1075 2087 assecutionem
1110 2055 1240 2088 alterius

505 2100 646 2134 benetieii
675 2103 874 2138 ecclesiastici
891 2132 898 2145 ,
925 2107 1033 2149 quavis
1053 2107 1240 2141 auctoritate

504 2155 617 2195 collati,
635 2162 730 2197 vacet,
751 2158 843 2191 etiam
868 2158 892 2191 si
918 2163 1002 2193 tanto
1027 2166 1170 2205 tempore
1188 2172 1240 2195 va-

505 2210 637 2250 caverit,
659 2211 742 2253 quod
768 2211 850 2245 illius
881 2214 1022 2254 collatio,
1047 2214 1132 2248 iuxta
1155 2216 1241 2249 Late-

504 2263 570 2295 rani
597 2269 708 2297 statuta
732 2266 870 2307 Concilii,
888 2267 948 2300 sit¹
966 2268 1004 2301 ad
1021 2268 1132 2302 Sedem
1151 2280 1241 2313 prae-

505 2316 617 2348 ‹lietam
642 2317 786 2351 devoluta
810 2320 957 2363 legitime,
976 2322 1105 2365 ipsaque
1125 2322 1240 2356 vicaria

505 2369 699 2413 dispositioni
714 2373 903 2415 apostolicae
917 2374 1093 2417 specialiter
1106 2376 1152 2408 vel
1165 2376 1240 2409 alias

506 2424 693 2465 generaliter
718 2432 874 2458 reservata
898 2428 1018 2468 existat,
1036 2434 1065 2461 et
1091 2432 1240 2473 superea

508 2476 585 2509 inter
608 2478 728 2521 aliquos
754 2479 801 2519 lis,
822 2480 911 2514 cuius
935 2486 1048 2514 statum
1073 2483 1242 2527 praesenti-

507 2528 564 2561 bus
587 2531 694 2564 liaberi
727 2533 870 2566 volumus
893 2546 952 2578 pro
976 2546 1142 2579 expresso,
1166 2547 1241 2581 pen-

507 2582 597 2616 deat'
615 2584 760 2626 indecisa,
780 2586 951 2622 dummodo
972 2589 1053 2622 illius
1076 2590 1240 2634 dispositio

545 2654 553 2679 ¹
574 2652 642 2679 Edit.
658 2653 735 2682 alain.
753 2655 817 2690 legit
829 2659 867 2684 ese
881 2659 919 2691 (a.
932 2654 983 2692 ’τ.).

542 2697 557 2723 2
573 2695 689 2726 Eri-once
704 2698 769 2727 ibid.
785 2700 881 2736 legitur
891 2703 979 2738 pmdi
994 2707 1032 2738 (a.
1048 2704 1095 2738 τ.).

1080 287 1260 313 numanum
1285 287 1441 314 Romnum

2030 291 2081 321 An.
2095 290 2126 320 C.
2146 290 2219 322 1⁶23

1276 335 1315 368 ad
1338 345 1396 369 nos
1423 335 1483 369 hac
1513 336 1581 370 vice
1611 337 1786 382 pertineat)
1810 338 1957 383 illiusque
1982 349 2019 373 ac

1276 388 1308 421 in
1332 388 1401 432 ipsa
1425 388 1559 422 eeclesia
1591 389 1621 423 S.
1646 389 1844 424 Pantaleonis
1874 392 2020 436 perpetui

1278 441 1384 475 vicarii
1401 442 1528 475 titulum
1552 448 1583 476 et
1606 443 1878 478 denominationes
1893 450 2020 489 aposto-

1276 493 1337 528 liea
1360 495 1557 536 auctoritate,
1573 500 1683 530 tenore
1706 497 1931 540 praesentium,
1945 508 2019 542 per-

1275 552 1371 591 petuo
1397 548 1627 592 supprimimus
1651 554 1682 582 et
1706 549 1920 593 extinguimus
1928 561 1936 591 ;

1319 601 1335 645 g
1359 600 1389 634 8.
1414 601 1542 646 lllisque
1559 602 1604 636 sie
1624 603 1804 648 suppressis
1819 609 1851 637 et
1864 604 2019 646 extinctis,

1275 654 1314 688 ab
1339 654 1451 688 eadem
1484 655 1619 689 ecclesia
1641 655 1670 690 S.
1696 656 1893 690 pantaleonis
1915 657 2018 691 omni-

1275 708 1401 742 modam
1426 708 1604 742 animarum
1635 709 1720 743 illius
1751 710 2019 755 parochianorum

1275 771 1395 802 curam,
1419 761 1542 806 aliaque
1566 762 1646 804 iura,
1663 762 1766 796 officia
1790 767 1821 796 et
1843 773 1941 796 onera
1963 773 2020 808 pa-

1275 814 1428 848 rochialia
1443 815 1600 858 universa,
1617 821 1648 850 et
1670 816 1799 850 illorum
1823 816 2020 858 exercitium,

1275 869 1367 903 etiam
1385 874 1540 914 perpetuo
1557 870 1741 904 abdicamus
1753 869 1773 912 ¹,
1791 881 1828 904 ac
1844 870 1898 904 illa
1913 870 2021 905 omnia

1275 922 1369 956 etiam
1392 924 1456 956 una
1476 933 1549 956 cum
1565 924 1733 968 utriusque
1749 934 1842 958 sexus
1857 923 2021 968 parochia-

1274 975 1323 1008 nis
1340 975 1510 1019 praedictis
1534 976 1574 1009 ad
1597 976 1714 1010 dictam
1737 976 1905 1011 ecclesiam
1921 976 2021 1010 sancti

1274 1027 1455 1070 Eustachii,
1481 1029 1513 1062 in
1542 1030 1579 1062 ea
1611 1034 1647 1063 ut
1675 1029 1757 1063 infra
1792 1029 1968 1063 exercenda
1990 1033 2022 1062 et

1274 1080 1430 1123 obeunda,
1448 1082 1593 1116 similiter
1610 1088 1766 1128 perpetuo
1789 1083 2019 1124 transferimus;

1319 1135 1334 1179 ἓ
1358 1134 1388 1168 9.
1413 1135 1535 1169 Dictam
1564 1140 1670 1170 autem
1700 1136 1864 1170 ecelesiam
1889 1135 1918 1170 S.
1944 1135 2021 1170 Pan·
2065 1148 2093 1171 Ei
2107 1149 2220 1172 maozim

1275 1187 1417 1229 taleonis,
1442 1188 1487 1222 sic
1511 1189 1550 1222 ab
1573 1189 1756 1223 huiusmodi
1780 1191 1868 1231 cura,
1884 1189 2018 1230 iuribus,
2032 1175 2220 1224 ᾒὲοῑὲαῗῃωῗιιιῗῧ

1275 1240 1396 1283 officiis,
1422 1242 1574 1276 oneribus
1598 1248 1629 1276 et
1652 1243 1810 1278 exercitiis
1833 1229 2139 1288 parochiali—{iiiiiiffm
2155 1234 2221 1278 ¹'⁸132

1275 1295 1333 1328 bus
1356 1296 1491 1329 liberam
1508 1301 1537 1329 et
1558 1302 1747 1341 exemptam,
1763 1296 1909 1340 illiusque
1925 1295 2019 1330 aedes
2033 1285 2087 1333 3331
2099 1283 2220 1334 {333312'

1275 1360 1329 1383 seu
1353 1350 1483 1383 stantias
1506 1350 1705 1395 parochiales
1729 1361 1788 1395 pro
1811 1349 1886 1384 dicti
1909 1349 2019 1384 vicarii

1275 1404 1467 1439 habitatione
1491 1405 1660 1439 destinatas
1683 1411 1714 1440 et
1730 1406 1833 1440 eidem
1856 1406 2020 1450 contiguas

1275 1466 1305 1494 et
1328 1461 1548 1502 cohaerentes,
1569 1461 1674 1505 quoad
1696 1461 1834 1495 liberum
1858 1467 1889 1495 et
1910 1471 2020 1506 perpe-

1274 1520 1364 1548 tuum
1382 1515 1509 1548 illarum
1530 1526 1624 1549 usum
1640 1515 1810 1558 dumtaxat,
1828 1516 1928 1550 dictae
1943 1515 2021 1550 Con-

1274 1569 1452 1613 gregationi
1465 1569 1521 1614 (ita
1537 1569 1623 1614 quod
1635 1569 1727 1603 liceat
1739 1569 1825 1603 illius
1837 1570 2019 1614 praeposito

1275 1627 1305 1658 et
1328 1623 1461 1665 clericis,
1485 1634 1569 1657 nunc
1594 1628 1623 1657 et
1648 1634 1709 1668 pro
1725 1628 1869 1668 tempore
1886 1624 2019 1658 existen-

1274 1678 1368 1719 tibus,
1379 1679 1591 1723 corporalem,
1602 1678 1721 1712 realem
1735 1683 1765 1711 et
1777 1678 1934 1712 actualem
1948 1689 2020 1723 pos-

1274 1731 1456 1773 sessionem,
1469 1731 1573 1775 quoad
1585 1741 1678 1764 usum
1691 1731 1872 1765 huiusmodi
1885 1736 2019 1773 tantum,

1273 1795 1331 1829 per
1355 1795 1398 1826 se,
1422 1785 1470 1818 vel
1495 1784 1609 1826 alium,
1633 1795 1690 1818 seu
1713 1784 1801 1826 alios,
1827 1795 1939 1818 eorum
1963 1795 2019 1818 seu

1274 1838 1452 1883 praedictae
1465 1838 1725 1882 Congregationis
1736 1838 1875 1880 nomine,
1887 1838 2019 1883 propria

1274 1892 1460 1926 auctoritate
1481 1902 1518 1925 ex
1534 1902 1619 1925 nunc
1642 1891 1892 1936 apprehendere,
1915 1896 1947 1925 et
1966 1902 2019 1937 ap-

1274 1946 1463 1991 prehensam
1482 1950 1636 1990 perpetuo
1661 1945 1815 1986 retinere,
1843 1945 1953 1978 vicarii
1976 1945 2020 1978 di—

1275 2005 1342 2034 ctae
1367 1999 1459 2033 Urbis
1494 1999 1543 2033 vel
1578 1999 1706 2034 alterius
1730 1998 1867 2033 cuiusvis
1891 1999 2018 2033 licentia

1275 2053 1404 2087 minime
1428 2053 1598 2098 1·equisita;

1319 2108 1334 2152 ἓ
1358 2107 1410 2141 10.
1435 2108 1563 2142 Necnon
1588 2107 1620 2140 in
1644 2107 1713 2152 ipsa
1737 2107 1870 2141 ecclesia
1893 2107 1924 2142 S.
1941 2107 2018 2140 Pan·
2053 2115 2105 2137 eum
2116 2115 2217 2138 neuim,

1274 2162 1406 2196 taleonis
1421 2161 1542 2203 missas,
1558 2161 1682 2206 aliaque
1695 2161 1799 2194 divina
1811 2161 1914 2194 officia
1926 2171 2017 2205 quae·
2031 2143 2138 2194 llllffis,
2153 2148 2218 2192 {2⁰2

2099 617 2219 646 curamque

2033 645 2220 695 {wi-2⁹32&

2032 698 2152 722 Emuchit.

1275 2226 1411 2259 cumque
1435 2215 1598 2249 celebrare
1622 2220 1653 2248 et
1676 2215 1852 2256 decantare,
1872 2224 1908 2248 ae
1925 2213 2017 2258 spiri·
2031 2197 2217 2244 iiliuaflssmeissl
2234 2239 2235 2242 ,

1275 2269 1369 2302 tualia
1393 2269 1542 2302 exercitia
1564 2279 1622 2313 per
1654 2268 1786 2302 clericos
1819 2267 1917 2312 ipsius
1941 2267 2018 2301 Con·
2031 2247 2218 2298 iig'i'iscmigiissl

1274 2322 1468 2366 gregationis
1492 2322 1562 2355 fieri
1586 2322 1678 2356 solita
1697 2321 1841 2356 similiter
1858 2321 1970 2362 facere,
1987 2324 2018 2355 et
2031 2305 2088 2328 ‘m'

1274 2375 1350 2409 alias
1373 2376 1475 2409 eidem
1508 2375 1539 2408 in
1573 2375 1687 2408 divinis
1710 2385 1748 2408 ex
1771 2375 1914 2408 instituto
1937 2373 2018 2408 eius-

1274 2429 1346 2462 dem
1366 2428 1626 2472 Congregationis
1642 2428 1815 2472 deservire)
1832 2427 2017 2462 auctoritate

1274 2488 1303 2515 et
1317 2488 1427 2516 tenore
1442 2481 1624 2526 praemissis
1640 2481 1759 2525 pariter
1775 2485 1929 2525 perpetuo
1946 2490 2018 2514 con-

1275 2536 1416 2569 cedimus
1440 2541 1470 2569 et
1493 2535 1700 2578 assignamus.

1319 2590 1334 2634 ἓ
1351 2590 1402 2623 tt.
1417 2589 1455 2622 Et
1468 2590 1606 2633 insuper,
1620 2599 1679 2633 pro
1691 2588 1784 2628 felici,
1800 2590 2016 2633 prosperaque
2030 2594 2167 2646 maffia?
2181 2599 2217 2643 Ὦ

1274 2642 1416 2675 omnium
1439 2641 1686 2686 praemissorum
1709 2641 1940 2685 exequutione,
1967 2641 2015 2675 di-
2029 2647 2232 2697 gtiaffiuggmgffl·

1309 2707 1321 2732 t
1338 2705 1483 2741 Pei-peram
1491 2705 1556 2734 edit.
1567 2705 1646 2734 Main.
1655 2704 1720 2742 legit
1732 2705 1915 2741 applicamus
1921 2704 2013 2742 (ιι-ι).
2027 2701 2171 2724 construendi.
