2293 3231
87 306 136 332 An.
148 303 176 331 C.
198 302 266 330 1622

108 685 181 711 illique
192 684 269 705 dictum

86 717 176 733 annuum
199 711 269 732 reddi-

87 741 129 760 tum
166 741 269 765 perpetuo

86 765 184 792 applicat.

111 1378 220 1409 Clausulas
229 1379 267 1400 hn-

156 1407 268 1427 emenonis

84 1431 176 1454 subiicit.

111 1910 267 1937 contrariisque

84 1937 178 1963 derogat.

897 303 1072 327 GREGORIUS
1096 303 1137 327 XV
1161 304 1208 326 Pr.

283 350 373 389 soris,
394 360 466 382 cum
483 351 631 383 omnibus
644 356 674 383 et
691 351 822 394 singulis
840 351 1022 394 privilegiis,

284 404 532 448 praerogativis,
557 410 587 437 et
612 405 740 437 indultis
767 405 900 447 collegio
925 405 1022 437 saneti

284 456 518 490 Bonaventurae
549 457 688 490 eiusdem
722 457 846 490 Ordinis
872 457 909 489 de
941 456 1023 489 Urbe

285 510 460 551 concessis,
486 511 672 543 auctoritate
697 511 892 554 apostoliea,
918 515 1025 543 tenore

284 565 506 608 praesentium,
532 569 685 609 perpetuo
711 564 863 608 erigimus
890 569 919 597 et
943 563 1026 598 insti-

285 617 410 651 tuimus.

329 672 344 715 g
368 671 396 704 ⁶2.
424 672 534 715 lllique
558 673 601 705 sic
623 677 727 705 erecto
751 677 781 705 et
801 671 951 711 instituto,
969 681 1026 714 pro

285 723 352 757 eius
376 725 458 765 dote,
476 736 511 758 ac
529 726 620 759 unius
640 726 786 769 regentis,
807 731 834 758 et
860 725 1025 758 duodecim

285 778 563 813 baccalaureorum
582 790 636 812 seu
654 780 862 822 collegialium
877 779 951 811 inibi
969 790 1026 823 pro

285 836 427 876 tempore
444 832 642 866 existentium
659 833 892 873 sustentatione,
910 836 939 866 et
956 843 1028 865 one-

285 897 354 920 rum
368 887 412 920 eis
424 887 670 921 incumbentium
686 887 931 931 supportatione,
942 886 1026 919 mille

285 944 315 972 et
338 940 489 975 ducentos
514 942 628 975 taleros
652 941 831 974 huiusmodi
857 940 918 983 (ita
943 940 1026 983 quod

284 992 376 1028 liceat
392 994 437 1027 eis
454 995 662 1038 corporalem,
680 995 797 1027 realem
818 998 847 1027 et
872 993 1025 1026 actualem

284 1047 411 1080 illorum
430 1048 660 1092 possessionem
677 1058 733 1081 suo
758 1051 788 1081 et
811 1047 884 1080 dicti
903 1046 1026 1089 collegii

283 1101 464 1133 nominibus
488 1101 619 1144 propria
643 1101 828 1134 auctoritate
853 1100 952 1133 libere
976 1110 1027 1143 ap-

283 1153 479 1197 prehendere
504 1159 535 1186 et
558 1155 711 1195 retinere,
731 1165 767 1187 ac
789 1154 819 1186 in
845 1154 943 1197 ipsius
967 1153 1027 1185 col-

282 1207 355 1250 legii
381 1218 456 1240 usus
472 1213 501 1241 et
521 1208 686 1240 utilitatem
707 1208 904 1251 convertere)
923 1211 1027 1239 aucto-

282 1259 374 1293 ritate
398 1265 429 1293 et
452 1267 560 1294 tenore
574 1261 742 1305 praedictis
759 1261 852 1294 etiam
871 1265 1025 1305 perpetuo

283 1314 477 1358 applicamus
501 1320 532 1347 et
550 1315 803 1359 appropriamus,

327 1367 382 1412 §3
400 1368 609 1402 Decernentes
620 1374 801 1413 praesentes
812 1369 929 1403 litteras
943 1381 1024 1403 sem-

281 1431 339 1465 per
363 1427 394 1454 et
409 1427 563 1466 perpetuo
580 1423 696 1455 validas
713 1423 820 1455 sirmas
836 1427 867 1455 et
884 1423 1024 1456 efficaces

283 1474 415 1509 existere
435 1481 465 1509 et
485 1477 562 1517 sore,
588 1487 722 1520 suosque
746 1477 904 1520 plenarios
930 1481 958 1511 et
983 1478 1025 1509 in-

282 1533 389 1571 tegros
406 1529 534 1564 effeetus
551 1530 655 1563 sortiri
681 1535 710 1563 et
734 1530 892 1572 obtinere,
918 1530 1024 1574 sicque

281 1592 338 1625 per
362 1593 579 1627 quoscumque
598 1583 716 1616 iudices
735 1583 911 1616 ordinarios
927 1589 955 1615 et
974 1584 1025 1616 de-

281 1635 412 1678 legatos,
437 1637 529 1669 etiam
555 1647 720 1669 causarum
739 1637 843 1680 palatii
861 1637 1023 1680 apostolici

281 1689 454 1732 auditores,
480 1690 597 1734 ubique
614 1691 745 1723 iudicari
771 1696 801 1723 et
825 1691 948 1723 definiri
974 1691 1025 1723 de-

281 1742 366 1784 bere,
388 1754 424 1777 ac
448 1744 572 1777 irritum
598 1749 628 1776 et
652 1744 752 1784 inane,
779 1744 803 1776 si
824 1755 913 1777 secus
930 1755 1024 1787 super

281 1795 330 1829 his
346 1807 364 1829 a
380 1807 549 1840 quoquam,
560 1798 668 1841 quavis
683 1798 877 1838 auctoritate,
892 1797 1024 1831 scienter

282 1849 330 1882 vel
354 1850 547 1893 ignoranter,
572 1851 740 1894 contigerit
763 1852 916 1884 attentari.

326 1903 341 1946 ἓ
365 1903 395 1936 4.
424 1905 491 1938 Non
524 1905 719 1938 obstantibus
750 1905 1024 1938 constitutioniluis

283 1960 314 1988 et
333 1957 583 1991 ordinationibus
597 1959 787 2003 apostolicis,
804 1970 926 1992 nec-non
952 1959 1022 1993 dicti

284 2008 409 2042 Ordinis
433 2010 540 2055 <etiam
566 2012 760 2052 iuramento,
787 2012 1025 2045 confirmatione

283 2063 466 2106 apostolica,
477 2065 524 2096 vel
538 2065 647 2108 quavis
664 2066 811 2099 firmitate
824 2066 883 2098 alia
899 2066 1026 2099 robora-

283 2116 335 2159 tis)
354 2117 475 2149 statutis
492 2122 522 2149 et
538 2118 827 2159 consuetudinibus,
851 2119 1025 2162 ceterisque

284 2170 450 2203 contrariis
474 2170 735 2215 quibuscumque.

328 2224 439 2257 Datum
456 2224 572 2257 Romae
585 2251 592 2265 ,
617 2225 699 2268 apud
720 2230 861 2257 sanctum
877 2226 1002 2258 Petrum
1018 2253 1024 2265 ,

284 2276 341 2309 sub
352 2278 466 2309 annulo
478 2277 654 2318 Piscatoris,
664 2278 713 2310 die
728 2289 747 2311 v
757 2279 867 2322 aprilis
883 2288 1024 2319 iincxxn,

283 2330 483 2373 pontificatus
508 2331 607 2364 nostri
633 2341 714 2364 anno
740 2342 769 2364 n.

319 2391 378 2419 Dat.
395 2392 438 2420 die
453 2394 470 2421 5
484 2393 575 2429 aprilis
594 2393 668 2428 1622,
687 2393 780 2429 pontif·
796 2402 865 2421 anno
881 2400 907 2422 ιι.

627 2529 685 2562 LV.

287 2598 496 2642 Confirmatio
510 2600 771 2644 pririleqiorum,
791 2600 977 2643 qratiarum
997 2603 1025 2632 et

329 2653 535 2687 indultorum
567 2658 634 2688 tam.
663 2654 893 2698 spiritualium
925 2664 1023 2698 quam

313 2707 560 2751 *temporalium
593 2719 811 2742 concessorum
844 2707 964 2742 Ordini
997 2712 1025 2741 et

1100 351 1258 394 [rao-ihus
1276 351 1507 383 Sanrte'ssz'mae
1535 350 1709 383 Trinitatis
1733 352 1796 384 Ite-

1101 404 1296 447 demptionis
1320 404 1520 447 captivorum
1536 402 1555 435 ¹.

1253 484 1411 519 Gregorius
1439 485 1517 518 Papa
1540 484 1595 517 XV,

1179 541 1212 566 ad
1230 542 1404 572 perpetuam
1424 539 1467 566 rei
1488 538 1671 566 memoriam.

1104 618 1235 651 Iniuncti
1260 618 1350 652 nobis
1376 618 1537 662 apostolici
1559 619 1699 652 muneris
1723 618 1802 653 ratio

1060 672 1204 715 postulat,
1231 677 1263 704 nt
1288 683 1447 705 sacrarum
1474 673 1677 715 religionum,
1700 672 1730 705 in
1749 673 1803 705 mi-

1060 724 1141 757 litari
1168 726 1307 758 Ecclesia
1336 737 1444 759 suaves
1469 727 1500 759 in
1525 727 1657 759 Domino
1684 727 1802 759 fructus

1060 779 1183 812 assidue
1200 781 1435 823 praestantium,
1454 786 1614 824 [miei-nam
1633 792 1740 813 etnam
1753 792 1803 823 ige-

1061 839 1180 875 rentes,
1206 835 1387 878 privilegia,
1413 835 1528 877 gratias
1546 838 1575 869 et
1597 835 1715 867 indulta
1742 835 1802 867 illis

1060 898 1076 919 a
1106 888 1254 920 Romanis
1282 888 1484 921 Pontificibus
1507 888 1802 932 praedecessoribus

1060 941 1175 974 nostris
1199 946 1229 973 et
1253 942 1429 985 Apostolica
1454 942 1532 975 Sede
1556 953 1718 983 concessa,
1740 953 1802 986 quo

1060 995 1192 1027 validius
1214 1001 1367 1038 perpetuo
1385 995 1563 1036 subsistant,
1587 1002 1712 1030 nostrae
1729 1007 1802 1029 con-

1059 1048 1246 1081 firmationis
1271 1049 1385 1081 robore
1412 1049 1599 1082 muniamus.

1105 1101 1119 1144 §
1136 1101 1164 1133 ’1.
1184 1102 1303 1145 Exponi
1328 1103 1482 1145 siquidem
1505 1103 1597 1136 nobis
1614 1113 1715 1147 nuper
1732 1103 1801 1136 fecit

1060 1153 1191 1186 dilectus
1216 1154 1298 1187 silius
1322 1155 1497 1188 Ludoricus
1529 1156 1624 1196 Petit,
1653 1156 1802 1198 magister

1060 1207 1214 1249 generalis
1245 1208 1370 1241 Ordinis
1400 1209 1619 1242 Sanctissimae
1643 1210 1802 1242 Trinitatis

1060 1261 1294 1305 Redemptionis
1309 1262 1515 1305 captivorum,
1526 1263 1609 1305 quod
1619 1263 1721 1295 variae
1735 1274 1803 1306 gra-

1060 1314 1135 1354 tiae,
1165 1315 1400 1355 concessiones,
1429 1316 1604 1356 libertates,
1636 1326 1803 1359 praeroga-

1058 1368 1148 1407 tivae,
1174 1369 1305 1409 favores,
1330 1369 1555 1410 immunitates,
1576 1369 1801 1413 exemptiones,

1058 1422 1220 1455 facultates
1237 1428 1264 1455 et
1280 1423 1338 1455 alia
1352 1423 1516 1466 privilegia
1530 1428 1559 1456 et
1584 1423 1702 1457 indulta
1719 1423 1802 1456 dicto

1058 1475 1180 1516 ordini,
1203 1476 1350 1520 illiusque
1367 1477 1606 1520 superioribus,
1631 1477 1802 1514 fratribus,

1059 1529 1261 1569 monialibus,
1286 1530 1448 1573 personis,
1473 1529 1636 1570 domibus,
1662 1529 1803 1563 eeclesiis

1057 1588 1085 1614 et
1100 1583 1187 1623 locis,
1205 1593 1287 1616 nunc
1304 1588 1332 1615 et
1350 1594 1408 1626 pro
1426 1588 1569 1626 tempore
1586 1583 1802 1622 existentibus,

1057 1646 1073 1667 a
1098 1636 1230 1669 diversis
1260 1637 1409 1670 Romanis
1440 1637 1645 1669 Pontificibus
1674 1637 1804 1680 praede—

1057 1690 1358 1723 cessoribusnostris
1371 1690 1446 1722 olim
1461 1700 1619 1730 concessa,
1633 1695 1661 1722 et
1675 1700 1691 1722 a
1706 1690 1803 1723 felicis

1057 1743 1284 1776 recordationis
1308 1744 1465 1776 Clemente
1490 1744 1554 1776 Vlll
1580 1748 1609 1776 et
1634 1744 1802 1776 novissime

1059 1796 1152 1829 Paulo
1161 1797 1180 1828 Υ
1189 1797 1337 1829 Romanis
1350 1797 1553 1830 Pontificibus
1563 1797 1707 1831 similiter
1716 1808 1803 1840 prae-

1058 1850 1277 1883 decessoribus
1300 1850 1416 1883 nosti-is
1448 1850 1634 1883 confirmata.
1665 1851 1800 1884 suerunt.

1058 1904 1132 1937 Cum
1166 1910 1270 1937 autem
1303 1904 1454 1937 maiorem
1492 1904 1651 1937 obtineant
1675 1903 1801 1937 roboris

1058 1958 1239 1991 firmitatem
1264 1968 1298 1990 ea
1324 1969 1402 2001 quae
1427 1958 1599 2001 apostolica
1616 1957 1801 1990 auctoritate

1059 2012 1181 2055 saepius
1207 2012 1412 2052 nnniiuntur,
1442 2016 1471 2045 ct
1503 2016 1670 2055 propterea
1699 2011 1801 2043 dictus

1059 2065 1235 2097 Ludorieus
1261 2065 1410 2108 magister
1434 2065 1590 2107 generalis
1614 2064 1800 2108 privilegia,

1059 2119 1185 2161 gratias,
1211 2119 1329 2151 indulta
1354 2119 1476 2162 aliaque
1498 2119 1655 2162 praedicta
1672 2130 1728 2162 per
1743 2129 1800 2151 nos

1058 2172 1227 2215 apostolica
1255 2172 1440 2205 auctoritate
1457 2173 1549 2205 etiam
1570 2172 1750 2205 confirmari
1770 2177 1797 2205 et

1059 2225 1228 2268 approbari
1247 2225 1419 2268 plurimum
1437 2221 1603 2265 desideret,
1623 2226 1713 2258 nobis
1730 2236 1799 2268 pro-

1057 2284 1164 2321 pterea
1174 2279 1515 2322 humilitersupplicari
1530 2278 1611 2317 fecit,
1623 2284 1655 2311 ut
1669 2279 1699 2310 in
1713 2289 1800 2322 prae-

1057 2333 1161 2365 missis
1178 2338 1353 2376 opportune
1369 2333 1534 2376 providere
1552 2333 1590 2365 de
1606 2332 1797 2375 benignitate

1057 2386 1227 2429 apostolica
1251 2386 1465 2428 dignaremur.

1102 2440 1117 2482 ξ
1140 2439 1169 2472 2.
1196 2440 1258 2472 Nos
1280 2439 1385 2482 igitur,
1410 2439 1558 2472 Ordinem
1583 2439 1797 2483 praedictum,

1058 2504 1094 2526 ex
1120 2504 1182 2536 quo
1206 2493 1359 2526 uberrimi
1384 2494 1503 2527 fructus
1527 2494 1559 2526 in
1581 2494 1718 2528 Ecclesia
1743 2495 1797 2528 Dei

1094 2583 1103 2608 1
1124 2582 1210 2609 Huius
1225 2582 1332 2609 Ordinis
1347 2583 1542 2610 institutionem
1556 2606 1562 2615 ‚
1580 2592 1611 2611 ac
1625 2584 1798 2619 approbatio-

1059 2635 1119 2654 nem
1139 2627 1259 2662 regulae,
1281 2636 1340 2654 curn
1356 2628 1481 2655 omnibus
1496 2628 1554 2654 aliis
1578 2629 1667 2664 ipsum
1683 2637 1796 2656 eoncer-
1841 2663 1846 2666 .

1058 2672 1185 2699 uentibus
1197 2695 1203 2706 ‚
1225 2672 1309 2699 habes
1324 2672 1436 2699 Constit.
1453 2680 1514 2700 inx
1531 2673 1622 2700 Innoc.
1647 2674 1701 2708 111,
1724 2674 1795 2709 Ope-

1058 2719 1153 2752 rante,
1170 2721 1285 2753 tom.111,
1301 2726 1362 2753 pag.
1379 2718 1442 2745 234.

1702 292 1766 325 683
1812 302 1862 328 An.
1878 302 1905 328 c.
1928 303 1995 329 1622

1844 632 1984 654 Prooemium.

1825 1114 1858 1134 isti
1868 1114 1943 1135 fratres
1951 1119 2000 1139 snp-

1818 1143 1921 1167 pta-arunt
1947 1143 2001 1161 Pon-

1818 1169 1893 1189 titieem
1906 1174 1942 1193 pr«)
1952 1174 2001 1187 con-

1823 1196 1827 1199 *
1906 1201 1936 1215 une
1959 1200 2000 1219 pri-

1818 1222 1939 1247 vilegiorum
1961 1226 2001 1240 iam

1824 1248 1994 1268 confirmatorum

1817 1281 1828 1294 :i
1838 1275 1943 1294 tltunwnte
1955 1274 2000 1294 ΥΙΠ

1817 1305 1837 1321 et
1852 1302 1917 1321 l'aulo
1935 1301 1958 1320 Υ.

1839 2448 1878 2478 Qui
1894 2448 1955 2468 modo
1971 2454 1997 2470 ea

1813 2475 1997 2496 omniacontirmat

1813 2502 1929 2528 supplendo
1953 2508 1996 2523 oin-
