2293 3231
885 274 983 299 mnax
1005 275 1112 299 1111111111
1652 262 1715 296 8315

324 326 421 361 Instat
448 335 505 370 pro
532 326 768 360 canonizatione
800 325 909 359 beatae
936 326 1107 360 Theresiae
1136 323 1267 360 Ordinis
1294 323 1529 358 carmelitarum
1553 322 1767 358 Discalceata-

325 389 403 422 rum,
428 379 491 413 680
516 390 545 412 α.
563 379 738 423 Collegium
763 378 918 413 Minorum
950 378 1212 413 Conventualium
1239 377 1360 421 Pragae
1385 378 1465 421 erigi
1490 381 1589 420 curat,
1615 380 1646 411 et
1672 376 1768 419 dotat,

326 432 388 466 682
418 433 445 465 b.

238 485 458 520 FerdInandus
490 486 610 520 Bereur
643 488 674 519 in
707 486 823 530 oppido
858 486 896 519 de
928 485 1024 529 Liege
1055 485 1238 519 Bisuntinae
1272 484 1431 518 dioecesis
1463 484 1689 517 monasterium
1714 493 1770 528 pro

325 538 515 573 monialibus
546 538 753 573 Discalceatis
786 538 916 574 Ordinis
949 539 1060 573 beatae
1092 538 1208 572 Mariae
1234 537 1273 571 de
1299 537 1402 572 Monte
1432 536 1576 571 Carmelo
1605 536 1717 571 fundat
1739 541 1770 571 et

327 593 430 634 dotat,
458 594 520 627 465
546 604 574 626 α.
600 593 681 627 Petit
705 593 782 627 illud
809 594 906 626 eximi
931 602 948 626 a
974 592 1194 626 iurisdictione
1221 591 1454 636 archiepiscopi
1483 590 1641 626 Bisuntini
1667 593 1697 625 et
1720 600 1772 625 su-

327 647 462 690 perioris
486 645 646 689 generalis
670 644 746 679 dicti
771 644 918 688 Ordinis,
944 645 1021 678 ibid.

239 698 459 734 Ferdinandus
483 699 743 743 archiepiscopus
768 699 962 741 Bisuntinus,
989 700 1051 732 465
1080 710 1108 732 a.

239 752 458 787 Ferdinandus
478 754 649 797 episcopus
669 752 877 786 Faraonensis
894 755 924 786 in
943 762 1042 796 regno
1060 752 1272 796 Portugalliae
1294 753 1462 797 inquisitor
1476 751 1644 796 generalis,
1661 752 1723 786 756
1743 751 1770 785 b.

328 806 392 850 Ipsi
417 807 621 841 committitur
646 808 792 840 executio
813 805 1050 841 Constitutionis
1075 815 1137 851 qua
1162 806 1275 840 domus
1300 809 1329 840 et
1354 804 1488 849 collegia
1512 805 1677 840 Societatis
1700 804 1772 839 Iesu

328 861 360 894 in
397 862 504 904 regnis
539 861 685 895 Sinarum
717 864 747 894 et
782 860 902 904 laponii
938 861 1121 893 eximuntur
1155 868 1172 892 a
1208 859 1362 892 solutione
1401 857 1544 891 decimae
1583 860 1615 892 et
1648 858 1773 901 vigesi-

328 922 418 957 mae,
447 913 526 947 ibid.

241 965 497 1002 Ferrariensibus
521 976 710 1001 concessum
734 967 782 1000 ius
808 966 943 1010 vectigal
969 965 1153 1010 imponendi
1177 974 1273 1009 super
1297 963 1422 1009 pecude
1446 965 1477 998 in
1499 972 1609 998 eorum
1626 965 1774 998 comitatu

331 1020 531 1063 hibernante,
552 1021 616 1055 782
640 1031 661 1053 α
685 1024 714 1053 et
738 1031 798 1063 seq.

243 1074 430 1109 Franciscus
455 1076 625 1119 episcopus
650 1074 860 1114 Canariensis‚
886 1073 948 1107 488
975 1073 991 1106 b
1001 1084 1011 1113 ;
1036 1082 1135 1106 novos
1160 1081 1329 1116 processus
1355 1071 1497 1105 efformet
1529 1079 1624 1114 supra
1655 1071 1776 1104 virtuti-

332 1127 391 1161 bus
416 1132 445 1162 et
469 1127 630 1161 miraculis
655 1127 683 1160 S.
709 1126 850 1160 Isidorae
875 1125 1053 1169 Agricolae,
1080 1124 1157 1158 ibid.

242 1179 429 1214 Franciscus
453 1180 623 1214 cardinalis
648 1179 758 1213 Lerma
784 1179 1002 1212 venerabilem
1018 1178 1204 1212 Paschalem
1221 1177 1339 1221 Baylon
1357 1177 1524 1212 Beatorum
1541 1175 1611 1211 albo
1637 1175 1775 1210 adscribi

333 1234 456 1276 studet,
484 1234 543 1267 431
572 1245 602 1266 α.

244 1285 431 1321 Franciseus
456 1287 715 1330 archiepiscopus
739 1286 972 1327 Damascenus,
998 1285 1150 1319 auditoris
1174 1284 1271 1318 Rotae
1296 1283 1535 1325 locumtenens,
1561 1282 1677 1317 deinde
1701 1293 1777 1317 car-

334 1340 458 1382 (linaiis,
484 1340 547 1374 488
573 1341 600 1373 b.
626 1340 671 1374 De
699 1339 901 1383 processibus
926 1350 981 1384 pro
1006 1339 1243 1373 canonizatione
1269 1338 1298 1370 S.
1324 1337 1438 1370 Isidori
1463 1336 1630 1380 Agricolae
1661 1336 1779 1371 iudicat

336 1393 412 1427 ibid.
437 1394 515 1427 Item
539 1393 579 1427 de
604 1393 806 1436 processibus
830 1395 861 1426 in
888 1403 981 1426 causa
1006 1393 1253 1426 canonizationis
1278 1391 1308 1424 S.
1333 1391 1514 1433 Theresiae,
1540 1391 1603 1423 679
1625 1390 1653 1422 b.

247 1446 432 1481 Franciscus
457 1447 496 1480 de
522 1446 551 1480 la
575 1445 682 1480 Cueva
706 1446 845 1489 Philippi
870 1445 908 1478 IV
934 1446 1158 1490 Hispaniarum
1190 1446 1275 1488 regis
1300 1444 1338 1477 ad
1364 1444 1554 1487 Gregorium
1579 1442 1634 1476 XV
1667 1447 1779 1485 orator,

336 1500 394 1533 631
419 1500 689 1534 a.Iurame11tum
705 1499 867 1533 fidelitatis
885 1501 954 1533 eius
979 1501 1105 1533 nomine
1129 1471 1245 1531 eidemD
1255 1498 1398 1531 Pontifici
1419 1500 1560 1541 praestat
1579 1506 1636 1559 pro
1656 1497 1782 1532 investi·

336 1553 406 1587 tura
431 1555 521 1595 regni
546 1552 690 1595 Siciliae,
715 1552 779 1586 632
804 1552 829 1585 b.

247 1606 435 1641 Franciscus
467 1607 564 1641 Maria
596 1606 765 1640 cardinalis
796 1606 835 1639 de
860 1605 963 1639 Monte
997 1606 1167 1649 episcopus
1192 1605 1393 1646 Portuensis,
1420 1604 1483 1637 489
1500 1614 1528 1636 α.
1554 1602 1663 1637 Refert
1685 1612 1782 1648 super

338 1670 433 1694 causa
463 1661 709 1694 canonizationis
742 1660 772 1692 S.
801 1659 914 1692 Isidori
947 1658 1136 1701 Agricolae,
1161 1657 1237 1691 ibid.
1263 1657 1341 1692 Item
1372 1665 1501 1691 causam
1531 1657 1780 1692 canonizationis

337 1714 450 1748 beatae
469 1714 640 1747 Therasiae
665 1715 697 1747 in
722 1715 909 1746 consistorio
935 1712 1123 1754 reser1,679
1141 1712 1167 1743 b.

251 1768 437 1803 Franciseus
461 1768 491 1802 S
516 1767 656 1802 Marcelli
680 1767 860 1809 cardinalis,
878 1769 1013 1801 nuncius
1030 1765 1218 1810 apostolicus
1239 1766 1269 1798 in
1286 1764 1439 1808 Hispania
1463 1762 1521 1798 sub
1546 1762 1700 1808 Gregorio
1717 1761 1781 1805 XV

340 1822 403 1855 544
428 1832 465 1861 a;
490 1822 590 1865 ipsius
615 1821 767 1855 auditoris
792 1822 949 1854 sententia
975 1821 1195 1860 consumatur,
1222 1817 1301 1850 issbid

251 1874 438 1909 Franciscus
462 1874 547 1908 Pena
572 1874 686 1907 Sacrae
711 1874 809 1908 Rotae
834 1874 968 1914 auditor
994 1874 1056 1907 488
1082 1884 1109 1906 e.
1144 1872 1315 1905 Processus
1340 1880 1437 1914 super
1468 1871 1633 1904 sanctitate
1666 1873 1697 1904 et
1726 1879 1785 1904 mi-

340 1928 456 1962 raculis
472 1928 557 1962 beati
575 1928 687 1961 Isidori
705 1927 872 1971 Agricolae
895 1927 1079 1961 auctoritate
1096 1924 1256 1957 ordinaria
1277 1923 1456 1957 efformatos
1474 1932 1514 1956 ex
1530 1922 1678 1957 mandato
1695 1922 1784 1957 Pauli

340 1982 399 2016 ΡΡ.
423 1981 450 2015 V
475 1983 653 2022 examinat,
679 1991 842 2026 novosque
864 1982 933 2014 fieri
957 1983 1068 2013 censet
1088 1989 1167 2023 quos
1193 1977 1356 2022 approbat,
1383 1978 1445 2011 488
1471 1977 1497 2011 b.

253 2035 440 2070 Franciscus
466 2035 568 2079 (Ven.)
601 2036 777 2076 Xaverius‚
803 2034 970 2078 presbyter
995 2034 1161 2066 Societatis
1188 2032 1278 2073 lesu,
1305 2031 1473 2065 Beatorum
1497 2030 1569 2064 albo
1594 2029 1787 2065 adscribitur

343 2099 360 2124 a
384 2089 481 2123 Paulo
506 2089 591 2133 Papa
607 2088 643 2130 V,
662 2097 733 2122 cum
757 2088 905 2121 facultate
931 2087 1070 2120 officium
1097 2095 1133 2119 ac
1153 2086 1283 2118 missam
1301 2084 1341 2118 de
1360 2094 1397 2118 eo
1414 2083 1598 2118 celebrandi
1615 2083 1667 2118 die
1689 2093 1711 2117 11
1736 2083 1787 2118 de-

344 2142 492 2185 cembris,
518 2142 579 2175 455
604 2152 633 2175 α.

256 2195 444 2230 Franciscus
467 2195 629 2229 Bandinus
653 2195 823 2229 cardinalis
848 2195 887 2228 de
912 2194 1041 2235 Surdis‚
1068 2194 1130 2228 692
1156 2192 1182 2226 b.
1210 2193 1295 2227 Inter
1320 2193 1495 2237 praefectos
1526 2191 1788 2236 Congregationis

344 2249 384 2283 de
409 2248 619 2292 Propaganda
642 2248 720 2282 Fide
745 2248 979 2289 adnumeratur,
1005 2246 1084 2281 ibid.

258 2301 445 2336 Franciscus
469 2301 640 2336 cardinalis
666 2302 832 2342 sacratus,
860 2301 968 2335 69110.
993 2299 1078 2335 Inter
1107 2300 1285 2344 praefectos
1317 2299 1581 2343 Congregationis
1606 2298 1647 2333 de
1674 2298 1789 2343 Propa=

346 2354 452 2398 ganda
476 2354 552 2388 Fide
578 2358 772 2395 numeratur,
799 2353 877 2386 ibid.

256 2408 444 2443 Franciscus
469 2407 596 2451 Ingolus
621 2409 741 2451 primus
767 2406 1028 2451 congregationis
1053 2407 1092 2441 de
1114 2406 1322 2450 Propaganda
1346 2406 1422 2440 Fide
1443 2406 1648 2450 segretarius,
1675 2405 1738 2439 699.
1763 2405 1790 2439 b.

257 2460 438 2495 Fridericus
473 2459 643 2494 cardinalis
680 2460 888 2493 Borromaeus
927 2460 1096 2504 collequm
1134 2460 1385 2494 ecclesiasticum
1425 2459 1593 2494 duodecim
1628 2458 1791 2493 doctorum

345 2514 514 2550 Mediolani
539 2516 640 2558 erigit,
660 2515 719 2548 201
738 2525 767 2547 a.
796 2513 1067 2558 Archiepiscopus
1092 2513 1349 2555 Mediolanensis,
1377 2513 1437 2546 407
1459 2524 1488 2547 α.
1512 2513 1594 2547 Petit
1618 2515 1649 2546 et
1672 2511 1793 2545 obtinet

346 2571 526 2604 confirmari
550 2579 568 2604 a
589 2568 684 2604 Paulo
703 2568 728 2603 V
752 2568 921 2603 concordia
946 2569 1028 2602 inter
1057 2567 1158 2601 forum
1178 2565 1451 2611 archiepiscopale
1480 2568 1511 2601 et
1528 2564 1688 2608 seculare,
1712 2563 1791 2598 ibid.

352 2627 384 2659 et
408 2634 470 2669 seq.
