2293 3231
86 267 142 295 Λα.
160 265 191 294 C.
207 263 272 294 1621

96 854 269 885 Auditorisffnun·

83 884 179 904 craturae
185 884 269 904 senten-

894 263 1070 288 GnEGontUs
1095 264 1138 288 KV
1162 264 1210 288 Pr.

284 311 361 344 lium
385 309 555 344 Antonium
572 310 796 352 Covarrux-ias,
816 311 891 344 olim
920 311 1024 344 curiae

283 363 562 408 archiepiscopalis
590 364 782 408 Hispalensis
808 365 941 397 iudicem
957 392 964 405 ,
989 375 1024 397 ex

283 417 382 451 altera
398 417 541 461 partibus
558 417 763 457 vertentibus,
778 418 816 450 dc
828 424 855 450 et
874 428 1025 462 supereo,

283 470 367 514 quod
388 469 488 504 dictus
504 470 655 503 Antonius
681 470 930 503 iurisdictionem
956 481 1027 514 apo-

282 522 425 556 stolicam
446 528 476 556 et
494 523 600 556 nuncii
618 523 715 556 nostri
730 523 910 556 huiusmodi
929 523 1027 567 impu-

283 585 381 618 gnare
398 581 427 608 et
446 576 616 619 impedire,
641 586 696 608 seu
721 576 899 620 impugnari
920 581 947 608 et
967 576 1025 609 im-

282 627 385 671 pediri
396 628 498 661 facere
515 630 775 673 praesumpserit,
786 629 942 672 rebusque
956 629 1025 661 aliis

283 681 315 713 in
332 681 409 714 actis
425 691 536 714 causae
556 687 583 714 et
599 692 764 715 causarum
784 682 964 714 huiusmodi
985 683 1026 714 la-

284 733 345 767 tius
369 734 532 775 deductis,
557 734 640 767 idem
669 734 816 768 Horatius
839 735 1025 767 sententiam

283 787 400 829 tulerit,
418 788 536 821 tenoris
553 788 782 832 subsequentis,
799 788 957 820 videlicet:

328 840 382 873 Dei
399 841 526 874 nomine
546 841 698 875 invocato.
725 842 785 874 Pro
809 841 956 874 tribunali
981 851 1027 874 se-

284 892 402 934 dentes,
410 898 440 926 et
450 894 552 927 solum
562 893 660 927 Deum
669 904 745 937 prae
756 893 854 927 oculis
864 893 1024 935 babentes,

283 957 341 991 per
358 947 438 980 hanc
453 952 594 980 nostram
611 947 804 980 definitivam
821 947 1025 988 sententiam,

284 1009 378 1043 quam
392 999 430 1032 de
454 999 532 1032 iuris
547 1000 723 1044 peritorum
744 1000 875 1033 consilio
895 1000 1025 1033 ferimus

283 1052 316 1085 in
333 1051 475 1097 scriptis¹
492 1053 524 1085 in
544 1055 638 1086 causa
655 1058 685 1086 et
698 1053 800 1086 causis
814 1063 920 1086 coram
935 1053 1025 1086 nobis

283 1106 315 1139 in
327 1106 430 1150 prima
445 1117 501 1139 seu
513 1106 573 1139 alia
589 1106 704 1140 veriori
721 1106 868 1139 instantia
882 1108 1026 1140 vertenti-

283 1159 342 1193 bus
358 1161 439 1193 inter
455 1160 573 1193 dictum
590 1160 729 1193 fiscalem
746 1170 890 1193 camerae
903 1165 1026 1204 aposto-

283 1214 362 1248 licae
385 1219 585 1247 accusantem
609 1219 639 1246 et
663 1214 877 1257 querelantem
897 1224 933 1246 ex
953 1216 1024 1255 una,

284 1274 314 1302 et
330 1268 501 1302 Antonium
518 1268 556 1300 de
575 1267 791 1308 Covarruvias,
809 1267 883 1301 olim
902 1268 1024 1301 archie-

284 1321 465 1367 piscopatus
474 1322 668 1366 Hispalensis
682 1321 829 1362 iudicem,
838 1321 875 1354 dc
887 1326 916 1354 et
930 1332 1025 1365 super

285 1386 340 1417 eo,
364 1375 448 1419 quod
473 1375 574 1408 dictus
600 1375 753 1409 Antonius
776 1375 1023 1408 iurisdictionem

285 1429 491 1473 apostolicam
504 1429 691 1472 impugnare.
705 1434 734 1461 et
744 1428 907 1472 impedire,
921 1439 956 1462 ac
972 1429 1025 1461 im-

283 1481 418 1526 pugnari
435 1486 466 1514 et
482 1481 629 1525 impediri
646 1481 759 1521 facere,
773 1481 1024 1514 iurisdictionem

284 1545 410 1579 quoque
427 1524 629 1568 illustrissimi
647 1534 767 1568 domini
785 1534 910 1575 nuncii,
927 1535 1025 1568 illius-

284 1599 344 1632 que
374 1589 513 1622 iudicum
540 1589 756 1632 delegatorum
786 1589 874 1632 parvi
900 1590 1002 1622 facere
1017 1616 1024 1629 ,

283 1652 434 1686 spernere
457 1647 604 1675 oretenus
629 1647 656 1674 et
679 1642 709 1674 in
735 1642 858 1685 seriptis
872 1669 879 1682 ‚
907 1643 1023 1679 vexari,

284 1696 455 1737 molestari,
473 1696 541 1740 capi
558 1700 587 1730 et
604 1696 760 1730 carcerari
779 1696 1024 1739 sace1·e,publice

284 1750 574 1783 excommunicatus
598 1750 769 1790 celebrare,
787 1760 823 1782 ac
838 1750 951 1782 divinis
975 1760 1024 1782 as-

284 1803 394 1837 sistere
411 1803 532 1845 officiis,
550 1803 692 1847 aliosque
710 1813 856 1836 excessus
869 1809 899 1836 et
912 1803 1024 1836 delicta

284 1857 426 1891 enormia
439 1857 635 1891 committere
645 1867 740 1890 ausus
753 1857 856 1897 suerit,
866 1857 1024 1900 rebusque

284 1910 354 1943 aliis
378 1911 410 1943 in
433 1911 511 1944 actis
538 1921 650 1944 causae
675 1915 705 1944 et
730 1921 896 1943 causarum
921 1911 1025 1944 liuius-

285 1964 369 1997 modi
385 1964 478 1997 latius
494 1964 646 2005 deductis,
664 1969 694 1997 et
710 1965 837 1997 illorum
860 1965 1025 1998 occasione

286 2017 510 2058 adversarium,
527 2017 670 2061 partibus
689 2027 727 2050 ex
743 2018 856 2058 altera,
881 2018 1024 2060 dicimus,

287 2069 531 2113 pronunciamus
555 2075 585 2103 et
608 2069 768 2103 definitive
791 2071 1025 2113 sententiamus,

286 2122 405 2155 dictum
412 2122 581 2155 Antonium
591 2132 680 2155 reum
694 2128 875 2156 accusatum
888 2124 925 2157 de
938 2135 1026 2168 prae-

287 2175 391 2209 missis
417 2175 601 2208 criminibus
629 2176 818 2219 culpabilem
843 2180 872 2211 et
895 2177 933 2210 dc
958 2177 1025 2211 iure

286 2229 461 2274 punibilem
479 2234 640 2273 repertum
662 2230 769 2273 (firmo
782 2236 964 2265 remanente
975 2232 1026 2265 de-

287 2289 374 2317 creto
390 2293 486 2328 super
507 2283 661 2316 solutione
681 2294 889 2328 expensarum
912 2285 943 2317 in
967 2286 1024 2318 hac

287 2338 382 2370 caus-ti
406 2337 570 2377 factarum,
587 2342 615 2369 ct
634 2337 832 2377 salariorum,
846 2338 924 2371 acin
942 2338 1026 2372 illius

287 2390 495 2434 exequutione
522 2389 715 2433 subsequuta
744 2390 972 2433 obligationum
997 2397 1027 2424 et

286 2443 508 2477 fideiussorum
521 2444 741 2488 promissione,
749 2444 832 2477 circa
845 2455 938 2488 quam
949 2445 1026 2478 niliil

287 2497 469 2531 innovatum
492 2508 549 2541 per
573 2497 652 2530 lianc
669 2503 809 2531 nostram
835 2498 1026 2532 definitivam

288 2551 473 2583 sententiam
490 2551 693 2594 intelligimus
706 2556 736 2583 et
749 2551 969 2596 declaramus),
983 2554 1028 2585 ul-

287 2607 337 2635 tra
352 2604 691 2638 excommunicationes
715 2610 744 2637 et
769 2614 932 2646 censuras,
957 2606 1026 2650 ipso

325 2665 337 2692 1
354 2664 424 2693 Edit.
440 2665 518 2694 Μαίη.
535 2666 600 2702 legit
613 2667 645 2694 in
659 2667 698 2696 «tis
711 2667 830 2703 scriptis
843 2669 881 2703 (tt.
893 2668 941 2701 Τ.).

371 2717 450 2749 Buzl.
469 2719 554 2750 Rom.
570 2736 604 2742 —
621 2721 680 2750 Vol.
702 2720 767 2751 XII.
912 2721 947 2749 69

1061 312 1128 343 mrs-
1153 324 1208 356 μη·
1227 321 1297 345 euin
1316 311 1468 351 incursas,
1488 315 1518 343 et
1535 319 1593 355 per
1616 319 1674 343 nos
1700 310 1801 343 decla-

1061 370 1153 404 ratas,
1171 365 1385 398 innodandum
1406 365 1472 398 fore
1489 368 1519 397 et
1536 373 1614 404 esse,
1632 369 1728 408 prout
1744 364 1803 397 hac

1042 420 1167 457 ,nostra
1193 418 1352 450 definitiva
1374 417 1526 450 sententia
1547 417 1802 458 condemnamus,

1060 472 1091 504 in
1108 482 1242 515 poenam
1256 471 1439 515 privationis
1456 471 1597 504 omnium
1611 476 1641 504 et
1654 482 1803 515 quorum-

1060 535 1194 568 cumque
1215 524 1442 557 beneficiorum
1460 529 1487 556 et
1509 524 1685 557 officiorum
1702 524 1803 558 eccle-

1060 579 1259 612 siasticorum
1277 583 1305 611 ct
1321 578 1520 619 secularium,
1530 589 1564 611 ac
1575 589 1651 611 usus
1662 578 1802 612 exercitii

1060 631 1287 674 cuiuscumque
1320 630 1546 664 iurisdictionis
1561 657 1568 672 ‚
1605 636 1667 664 tam
1703 631 1803 664 civilis

1060 694 1155 727 quam
1173 683 1354 724 criminalis,
1372 688 1432 716 tam
1451 683 1629 717 ordinariae
1646 694 1740 727 quam
1753 683 1804 717 de-

1060 737 1191 779 legatae,
1202 747 1237 769 ac
1254 736 1438 780 privationis
1453 737 1596 769 omnium
1610 740 1640 770 et
1652 747 1802 780 quorum-

1060 800 1195 833 cumque
1214 789 1452 830 beneficiorum,
1470 790 1658 832 dignitatum
1678 800 1714 823 ac
1733 789 1804 823 red-

1059 842 1180 875 dituum
1198 842 1483 875 ecclesiasticorum
1497 842 1647 875 hactenus
1660 842 1803 875 obtento-

1060 906 1141 935 rum,
1158 900 1187 929 et
1207 895 1422 940 incapacitatis
1439 895 1477 927 ad
1495 895 1600 928 onmia
1624 895 1684 928 alia
1699 895 1803 928 officia

1059 954 1089 981 et
1105 949 1257 981 beneficia
1275 959 1310 981 ac
1327 948 1494 991 dignitates
1512 948 1544 980 in
1568 948 1709 980 futurum
1726 948 1804 981 obti—

1059 1002 1340 1042 nenduni‚necnon
1357 1001 1570 1045 suspensionis
1586 1011 1604 1034 a
1621 1000 1733 1033 divinis
1745 1011 1803 1045 per

1058 1055 1232 1095 biennium
1249 1060 1343 1099 prout
1358 1055 1505 1088 eumdem
1522 1054 1691 1088 Antonium
1715 1064 1803 1098 prae-

1059 1109 1150 1142 dictis
1167 1109 1313 1142 omnibus
1331 1109 1502 1152 privamus,
1520 1108 1755 1141 inliabilitamus
1772 1113 1803 1142 et

1060 1163 1239 1206 incapacem
1265 1162 1427 1195 reddimus
1451 1168 1479 1195 et
1504 1162 1747 1205 suspendimus;
1772 1167 1804 1195 et

1058 1216 1190 1250 ulterius
1204 1216 1235 1248 in
1251 1226 1383 1259 poenam
1405 1215 1606 1257 relegationis
1626 1219 1655 1249 et
1677 1215 1761 1248 exilii
1785 1226 1802 1248 a

1059 1269 1182 1302 civitate
1207 1273 1237 1302 ct
1264 1268 1399 1301 dioecesi
1428 1267 1603 1311 llispalensi
1638 1268 1676 1300 ad
1706 1268 1802 1301 bene-

1058 1323 1207 1366 placitum
1218 1322 1422 1363 Sanctissimi,
1430 1326 1617 1364 sanctaeque
1626 1320 1714 1354 Sedis
1722 1322 1803 1365 Apo-

1058 1376 1197 1417 stolicae,
1215 1376 1274 1408 sub
1288 1377 1390 1419 poena
1403 1374 1626 1408 reincidentiae
1639 1374 1706 1418 ipso
1720 1375 1802 1408 facto

1059 1434 1089 1462 et
1106 1429 1173 1462 iure
1188 1428 1377 1462 incurrenda
1398 1429 1429 1461 in
1446 1439 1521 1461 casu
1535 1428 1802 1461 contraventionis

1058 1483 1131 1517 dicti
1152 1482 1254 1522 exilii,
1279 1493 1315 1515 ac
1339 1482 1434 1515 etiam
1456 1483 1487 1514 in
1511 1491 1645 1526 poenam
1664 1482 1802 1515 duorum

1058 1536 1192 1569 millium
1209 1541 1383 1576 scutorum,
1404 1546 1483 1579 quos
1501 1546 1537 1568 ex
1556 1545 1640 1569 nunc
1657 1545 1802 1568 camerae

1057 1589 1247 1633 apostolicae
1263 1589 1470 1633 applicamus,
1487 1589 1741 1633 incorporamUS,
1766 1598 1802 1622 ac

1058 1654 1116 1687 pro
1136 1643 1301 1687 applicatis
1316 1647 1345 1675 et
1363 1642 1572 1685 incorporatis
1588 1642 1700 1675 haberi
1718 1643 1803 1676 volu-

1059 1707 1128 1729 mus
1143 1702 1171 1729 et
1191 1696 1389 1735 mandamns,
1410 1705 1533 1729 necnon
1550 1695 1697 1729 eumdem
1710 1696 1804 1729 Anto-

1058 1750 1145 1782 nium
1158 1749 1406 1783 condemnamus
1420 1748 1451 1781 in
1464 1749 1612 1782 omnibus
1628 1754 1660 1782 et
1676 1748 1804 1792 quibus-

1059 1813 1194 1846 cumque
1218 1802 1363 1846 expensis
1387 1802 1418 1834 in
1442 1803 1500 1834 hac
1522 1801 1615 1835 causa
1638 1802 1726 1835 sactis
1740 1830 1748 1845 ‚
1772 1807 1803 1835 et.

1059 1857 1246 1901 praesertim
1256 1856 1286 1889 in
1297 1856 1418 1889 salariis
1428 1855 1594 1889 custodum
1604 1859 1675 1899 post
1684 1855 1801 1889 dictum

1059 1910 1231 1951 decretum,
1244 1910 1499 1953 promissionem,
1513 1909 1761 1950 fideiussionem,
1773 1914 1803 1942 et

1059 1964 1284 2007 obligationem
1311 1963 1495 2007 respective,
1520 1973 1656 2006 quarum
1673 1963 1803 1996 taxatio-

1059 2029 1131 2051 nem
1145 2017 1421 2061 etliquidationem
1434 2016 1535 2057 nobis,
1546 2016 1594 2049 vel
1608 2016 1657 2049 cui
1671 2015 1709 2048 de
1723 2015 1802 2056 iure,

1059 2081 1275 2104 reservamus:
1290 2075 1319 2103 et
1333 2070 1374 2104 ita
1387 2070 1530 2110 dicimus,
1544 2069 1801 2114 pronunciamus,

1059 2130 1088 2158 et
1105 2125 1263 2158 definitive
1277 2124 1512 2164 senteutiamus,
1525 2133 1588 2157 non
1600 2124 1702 2157 solum
1715 2133 1803 2167 prae-

1061 2179 1169 2219 misso,
1188 2178 1241 2211 sed
1261 2178 1347 2211 omni
1368 2178 1430 2210 alio
1448 2176 1571 2210 meliori
1589 2176 1693 2210 modo.

1105 2232 1119 2275 ξ
1144 2232 1172 2264 02.
1191 2232 1264 2272 Nos,
1281 2231 1466 2265 sententiam
1484 2229 1665 2263 huiusmodi
1681 2229 1720 2262 ab
1737 2239 1802 2262 om-

1060 2285 1162 2325 nibus,
1183 2285 1222 2317 ad
1243 2295 1321 2328 quos
1345 2287 1473 2328 spectat,
1502 2283 1725 2316 inviolabiliter
1749 2282 1802 2315 ob-

1061 2338 1189 2378 servari,
1207 2343 1237 2371 et.
1253 2338 1385 2378 debitae,
1405 2343 1439 2370 ut
1454 2347 1511 2380 par
1528 2340 1583 2377 est,
1600 2336 1802 2379 exequutioni

1061 2391 1243 2424 demandari
1267 2392 1416 2431 volentes,
1437 2390 1580 2423 eamdem
1605 2389 1801 2431 sententiam,

1061 2445 1135 2477 etin
1161 2447 1197 2477 eu
1221 2450 1365 2478 contenta
1385 2453 1613 2488 quaecumque,
1629 2443 1803 2488 apostolica

1061 2498 1256 2537 auctoritate,
1279 2502 1386 2531 tenore
1410 2496 1634 2541 praesentium,
1651 2497 1803 2541 approba-

1062 2562 1131 2584 mus
1156 2556 1185 2583 et
1210 2550 1447 2591 confirmamus,
1464 2550 1589 2593 illisque
1612 2549 1803 2583 inviolabilis

1061 2605 1250 2649 apostolicae
1274 2604 1432 2637 firmitatis
1456 2604 1554 2637 robur
1573 2603 1748 2645 adiicimus,
1766 2614 1802 2637 ac

1061 2669 1170 2694 omnes
1184 2662 1211 2692 et
1226 2658 1378 2702 singulos,
1395 2663 1457 2691 tam
1475 2657 1554 2692 iuris
1570 2667 1667 2702 quam
1682 2657 1755 2692 facti
1772 2663 1802 2692 et

1707 253 1771 288 545
1817 262 1867 290 An.
1887 263 1916 291 c.
1932 263 1997 292 1621

1868 2248 2000 2269 Sententiam

1815 2274 1936 2296 huiusmodi
1967 2280 1999 2295 ra-

1815 2302 1934 2350 ffiigixbabet
1949 2301 2001 2322 Pon-
