2293 3231
291 325 340 352 An.
361 324 390 352 c.
408 324 475 353 1622
521 315 587 350 774

491 373 551 407 lius
575 373 701 417 capituli
726 377 818 415 caput
835 371 956 410 existat,
972 381 1007 404 ac
1032 371 1063 403 in
1082 373 1118 403 ea
1135 370 1228 403 illius:

491 437 551 470 que
564 427 672 465 choro,
686 425 832 469 capitulo,
845 424 1100 468 processionibus
1115 429 1144 456 et
1161 423 1229 455 aliis

491 479 611 511 actibus
635 477 859 522 capitularibus
888 477 1022 520 publicis
1046 482 1074 509 et
1100 476 1228 519 privatis

490 531 675 575 praesideat,
692 531 902 574 omnibusque
927 535 957 562 et
981 529 1112 572 singulis
1132 529 1228 573 privi-

488 585 587 628 legiis,
613 584 820 623 facultatibus,
845 584 1057 622 libertatibus,
1084 582 1229 615 immuni-

490 638 613 677 tatibus,
623 638 886 681 exemptionibus,
896 637 1134 681 praerogativis,
1143 647 1230 680 prae·
1244 649 1246 670 τ

489 691 674 731 eminentiis,
692 691 942 731 antelationibus,
960 690 1119 723 favoribus
1136 696 1165 723 et
1185 690 1230 722 in-

488 743 602 785 dultis,
635 744 768 787 aliisque
806 744 915 787 gratiis
954 743 1131 784 universis,
1166 748 1228 775 tam

488 798 702 842 spiritualibus
725 808 819 842 quam
846 797 1088 841 temporalibus,
1113 797 1230 840 quibus

488 851 614 884 abbates
624 851 887 884 monasteriorum
898 861 1140 895 suppressorum
1154 850 1230 882 Bur·
1245 871 1247 875 -

488 905 658 948 gidolensis
672 911 702 938 et
726 905 832 938 forsan
850 905 878 938 S.
900 904 1029 938 Gildasii
1048 903 1227 937 huiusmodi

487 959 666 1000 utebantur,
681 959 877 999 fruebantur,
890 959 1093 1002 potiebantur
1110 963 1139 990 et
1156 968 1230 1001 gau-

487 1012 612 1054 debant,
630 1023 666 1046 ac
690 1013 744 1053 uti,
765 1013 836 1047 frui,
856 1012 951 1056 potiri
976 1018 1005 1044 et
1023 1012 1160 1055 gaudere
1177 1022 1230 1055 po-

489 1071 599 1107 terant,
620 1067 764 1100 similiter
781 1073 811 1100 et
828 1077 926 1109 aeque
947 1066 1173 1110 principaliter,
1193 1076 1229 1098 ac

487 1120 553 1153 sine
577 1120 642 1152 ulla
667 1131 798 1164 prorsus
815 1119 1001 1159 differentia,
1018 1119 1074 1159 uti,
1088 1119 1160 1161 frui⁷
1177 1129 1230 1162 po-

487 1173 539 1206 tiri
563 1179 593 1206 et
618 1173 756 1216 gaudere
780 1173 876 1217 possit
910 1178 939 1205 et
963 1173 1080 1212 valeat,
1106 1181 1228 1205 necnon

487 1227 653 1260 duodecim
673 1227 815 1260 canonici
832 1225 1014 1259 huiusmodi
1039 1224 1162 1259 omnes¹
1180 1225 1228 1258 in-

486 1280 579 1315 simul
604 1281 775 1325 capitulum
795 1280 896 1313 dictae
921 1279 1104 1322 collegiatae
1128 1279 1224 1312 eccle-

487 1334 550 1367 siae
575 1334 782 1375 constituant,
807 1339 836 1366 et
860 1334 944 1378 apud
968 1333 1053 1366 illam
1079 1332 1227 1372 residere,

487 1393 517 1420 et
540 1387 571 1420 in
589 1390 624 1420 ea
650 1387 781 1430 singulis
801 1387 911 1420 diebus
928 1392 958 1419 et
981 1386 1094 1419 debitis
1110 1391 1229 1429 tempo-

487 1440 575 1476 ribus
600 1441 694 1474 horas
710 1441 876 1474 canonicas
900 1446 961 1473 tam
987 1440 1114 1472 diurnas
1133 1450 1227 1483 quam

487 1501 674 1536 nocturnas,
700 1505 822 1528 necnon
852 1495 963 1527 missas
987 1500 1017 1527 et
1041 1494 1100 1526 alia
1124 1493 1228 1526 diviua

487 1548 589 1582 officia
614 1549 820 1592 collegialiter
840 1559 911 1582 cum
929 1548 1041 1580 mentis
1059 1547 1227 1581 attentione

487 1609 518 1637 et
541 1602 716 1643 devotione,
741 1613 776 1635 ac
801 1589 922 1635 servata
950 1601 1162 1634 ecelesiastica
1186 1600 1229 1633 di-

487 1655 629 1699 sciplina,
653 1655 819 1688 decantare
845 1660 875 1689 et
899 1654 1078 1695 celebrare,
1104 1654 1227 1697 illisque

487 1709 653 1750 interesse,
678 1720 714 1742 ac
738 1709 813 1742 alias
837 1709 939 1742 eidem
964 1708 1146 1751 collegiatae
1171 1717 1227 1740 ec-

487 1763 600 1796 clesiae
631 1762 670 1796 ad
702 1763 799 1796 instar
831 1762 964 1796 aliarum
989 1762 1227 1805 collegiatarum

488 1816 690 1850 ecelesiarum
716 1816 839 1849 illarum
868 1815 1006 1859 partium
1031 1815 1228 1848 laudabiliter

490 1869 519 1901 in
536 1869 649 1903 divinis
665 1870 824 1903 deservire
842 1869 975 1902 debeant
993 1874 1023 1902 et
1041 1869 1227 1912 teneantur),

487 1933 609 1956 necnon
629 1923 660 1956 in
686 1923 795 1957 eodem
821 1923 948 1967 oppido,
968 1934 1003 1955 ac
1028 1922 1180 1955 aedificiis
1197 1922 1228 1954 in

489 1976 549 2009 situ
580 1987 634 2009 seu
658 1977 777 2009 ambitu
810 1976 884 2009 dieti
918 1976 1101 2009 monasterii
1130 1975 1228 2008 sancti

489 2029 615 2063 Gildasii
633 2041 690 2074 per
707 2030 852 2063 eumdem
872 2030 1042 2063 chricum
1068 2029 1179 2062 ducem
1200 2033 1229 2063 et

490 2082 664 2126 principem
690 2084 874 2127 reparandis
899 2095 953 2117 seu
978 2083 1168 2124 extruendis,
1193 2095 1230 2116 u-

490 2146 565 2169 num
583 2136 750 2179 collegium
768 2137 930 2170 Societatis
947 2138 1025 2178 lesu,
1043 2148 1115 2170 cum
1133 2137 1229 2171 ecclc-

491 2188 536 2220 sia
554 2199 607 2221 scu
625 2190 776 2233 cappella,
795 2190 934 2223 eiusdem
953 2190 1135 2224 monasterii
1149 2191 1230 2223 clau-

491 2247 566 2282 stro,
576 2242 753 2283 refectorio,
762 2243 858 2284 cellis,
867 2245 951 2283 area,
963 2244 1088 2284 scholis,
1099 2244 1230 2287 aliisque

492 2294 650 2335 membris,
670 2296 830 2337 aedificiis,
851 2302 881 2329 et
897 2297 1029 2329 officinis
1045 2297 1230 2330 necessariis

491 2352 519 2379 et
545 2349 731 2392 opportunis
756 2360 813 2392 pro
837 2350 996 2393 perpetuis
1020 2362 1078 2383 usu
1095 2356 1123 2383 ct
1144 2350 1230 2383 habi-

493 2401 606 2434 tatione
634 2403 726 2435 unius
750 2403 881 2436 rectoris
896 2414 931 2436 ae
949 2405 1156 2448 competentis
1171 2415 1230 2437 nu-

494 2455 570 2487 meri
588 2455 917 2498 religiosorumdictac
930 2457 1103 2497 Societatis,
1118 2458 1230 2501 pietate

494 2512 523 2539 ct
540 2508 681 2542 doctrina
707 2510 932 2553 praestantium
954 2511 1020 2553 (qui
1045 2510 1121 2544 inibi
1146 2511 1230 2543 iuxta

495 2562 650 2604 regularia
667 2563 806 2595 ciusdem
824 2564 985 2596 Societatis
1002 2564 1141 2597 instituta
1161 2575 1231 2597 con-

497 2615 678 2649 ventualiter
708 2617 844 2650 viventes
869 2618 1107 2660 grauunatieam
1132 2623 1162 2651 et
1186 2629 1231 2651 re-

496 2668 702 2709 thoricam,ac
715 2670 956 2714 philosophiam,
972 2682 1095 2705 necnon
1111 2672 1231 2705 theolo-

536 2730 544 2755 1
561 2727 609 2761 Ed,
626 2729 703 2758 Main.
721 2730 783 2767 legit
793 2732 972 2761 canonicis...
985 2734 1037 2768 qui
1051 2741 1148 2762 omnes
1162 2734 1228 2769 (uxr)

1073 322 1253 347 BULLARIUM
1277 322 1433 346 ROMANUM

1262 370 1346 412 giam
1370 369 1498 413 publice
1518 369 1624 412 legere
1640 373 1670 403 et
1686 370 1897 414 interpretari,
1914 379 1951 403 ac
1963 369 2002 403 ad

1262 422 1365 466 ipsum
1391 421 1559 464 collegium
1580 421 1807 465 cuiuscumque
1823 422 1958 456 nationis
1973 427 2002 456 et

1244 499 1246 515 r
1262 475 1442 518 provinciae
1454 474 1678 516 adolescentes
1687 475 1828 519 aliaeque
1839 485 2003 520 personae,

1262 528 1435 562 dummodo
1460 539 1477 561 a
1502 528 1655 562 catholica
1679 533 1709 563 et
1733 529 1910 563 orthodoxa
1933 529 2004 562 reli-

1244 601 1246 610 ι
1262 581 1354 624 gione
1365 582 1494 615 minime
1507 582 1701 623 dissentiant,
1714 582 1875 623 accedere,
1896 582 2003 628 ibique

1262 635 1398 677 studere,
1415 636 1566 677 scribere,
1591 637 1708 679 legere,
1724 636 1896 680 disputare,
1912 645 2004 680 argu-

1263 689 1415 729 mentari,
1439 690 1581 734 aliosque
1612 695 1700 723 actus
1728 690 1947 731 scholasticos,
1971 695 2003 724 et

1263 743 1315 786 qui
1340 742 1371 775 in
1395 743 1464 777 aliis
1481 743 1582 776 dietae
1599 743 1763 776 Societatis
1780 743 1922 787 collegiis
1932 743 2003 777 fieri

1263 801 1291 828 et
1316 796 1455 830 exerceri
1473 802 1714 838 consueverunt,
1732 797 1833 830 facere
1858 797 1956 830 libere
1973 802 2003 831 et

1263 849 1346 882 licite
1359 850 1481 893 possint
1497 855 1527 883 et
1547 850 1693 894 valeant),
1707 849 1815 883 itidem
1832 855 1999 894 perpetuo,

1263 902 1344 936 dicta
1358 904 1554 945 auctoritate,
1567 904 1634 937 sine
1652 909 1756 938 tamen
1769 904 1902 938 alicuius
1917 914 2005 949 prae-

1263 956 1389 997 iudicio,
1407 957 1510 1000 erigas
1527 961 1557 991 et
1573 957 1732 998 instituas;

1307 1010 1322 1054 ἓ
1339 1009 1368 1043 8.
1387 1010 1513 1054 illisque
1530 1011 1575 1044 sie
1591 1011 1705 1044 erectis
1719 1015 1749 1044 et
1766 1011 1916 1044 institutis
1933 1011 2005 1056 (pro

1263 1066 1404 1106 congrua
1434 1069 1464 1097 et
1489 1065 1679 1108 competenti
1712 1074 1822 1098 eorum
1851 1064 1945 1106 dote,
1970 1074 2006 1098 ac

1263 1117 1488 1151 canonicorum
1502 1123 1531 1151 et
1545 1118 1756 1161 eollegialium
1769 1118 2004 1162 praedictorum

1263 1172 1435 1214 respective
1461 1171 1696 1213 sustentatione,
1721 1182 1920 1216 onerumque
1943 1172 2006 1206 illis

1262 1224 1509 1258 incumbentium
1534 1226 1796 1270 supportatione)
1813 1236 1940 1260 mensae
1957 1237 2006 1260 ea-

1262 1278 1387 1321 pitulari
1406 1278 1559 1319 videlicet,
1583 1289 1636 1313 sex
1662 1279 1757 1320 mille,
1775 1279 1909 1323 collegio
1929 1290 2005 1313 vero

1262 1331 1447 1366 Iesuitarum
1472 1332 1642 1376 praedictis
1659 1338 1795 1376 quatuor
1811 1333 1897 1366 mille
1913 1333 2005 1366 libra-

1262 1395 1332 1417 rum
1361 1385 1541 1419 huiusmodi
1566 1396 1688 1419 annuos
1712 1385 1853 1419 redditus
1869 1391 1904 1419 ut
1918 1395 2006 1430 prae-

1263 1438 1361 1470 fertur
1384 1439 1599 1481 assignandos,
1624 1450 1661 1472 cx
1684 1449 1778 1480 nunc,
1803 1444 1898 1482 prout
1920 1444 2006 1484 post-

1262 1502 1356 1535 quam
1382 1492 1530 1535 assignati
1562 1492 1680 1525 fuerint
1704 1492 1771 1537 [ita
1800 1493 1884 1536 quod
1913 1493 2005 1526 liceat

1261 1546 1377 1587 abbati,
1402 1546 1551 1589 capitulo,
1569 1552 1599 1579 et
1623 1546 1782 1580 canonicis
1807 1557 1871 1588 sex,
1887 1547 2004 1580 rectori

1262 1610 1337 1633 vero
1357 1604 1385 1632 et
1411 1599 1627 1643 collegialibus
1655 1600 1823 1644 praedictis
1846 1610 1904 1644 pro
1929 1605 2006 1634 tem-

1261 1664 1338 1696 pore
1363 1653 1569 1687 existentibus
1592 1659 1728 1698 quatuor
1753 1654 1889 1688 millium
1913 1654 2006 1688 libra—

1262 1718 1333 1740 rum
1358 1707 1540 1741 reddituum
1564 1718 1742 1742 annuorum
1759 1707 1950 1750 huiusmodi,
1969 1718 2004 1742 ac

1262 1761 1420 1794 bonorum
1449 1761 1480 1794 iu
1504 1761 1617 1805 quibus
1641 1761 1829 1803 consistent,
1854 1772 2004 1806 corpora-

1263 1814 1323 1847 lem
1338 1842 1346 1856 ,
1375 1815 1491 1848 realem
1517 1820 1547 1848 et
1571 1815 1724 1849 actualem
1750 1816 2004 1859 possessionem,

1261 1878 1318 1911 per
1343 1878 1396 1909 se,
1425 1869 1473 1901 vel
1498 1868 1605 1910 alium,
1630 1879 1685 1902 seu
1709 1869 1808 1911 alios,
1833 1879 1946 1902 eorum
1969 1879 2005 1902 ac

1262 1931 1389 1955 mensae
1413 1921 1594 1966 capitularis
1620 1927 1650 1955 et
1679 1922 1804 1965 collegii
1828 1921 2004 1966 praedicto-

1262 1986 1332 2008 rum
1350 1975 1523 2020 respective
1542 1975 1734 2019 nominibus,
1751 1976 1885 2020 propria
1901 1981 2006 2009 aucto—

1262 2029 1353 2062 ritate
1377 2029 1476 2062 libere
1499 2029 1747 2073 apprehendere,
1776 2034 1807 2062 et
1830 2029 2007 2074 apprehen-

1263 2093 1328 2115 sam
1353 2087 1506 2126 perpetuo
1531 2083 1667 2116 retinere
1683 2110 1690 2123 ,
1719 2082 1854 2124 fructus,
1879 2092 2005 2127 quoque

1264 2136 1412 2177 redditus,
1438 2141 1620 2180 proventus
1644 2136 1724 2177 iura,
1744 2136 1949 2170 obventiones
1975 2140 2005 2170 et

1263 2191 1475 2224 emolumenta
1498 2201 1535 2222 ex
1560 2189 1632 2223 inde
1662 2189 1878 2234 provenientia
1908 2199 2004 2234 quae-

1263 2254 1399 2287 cumque
1411 2243 1587 2288 percipere,
1602 2243 1739 2287 exigere,
1750 2243 1864 2285 levare,
1877 2253 2005 2287 recupe-

1263 2308 1344 2335 rare,
1362 2297 1528 2340 locareque
1552 2302 1582 2330 et
1605 2296 1786 2337 arrendare,
1803 2301 1834 2329 et
1853 2296 2005 2339 (detracta

1264 2351 1295 2382 in
1313 2350 1424 2394 primis
1440 2354 1469 2384 et
1486 2355 1557 2383 autc
1573 2350 1679 2384 omnia
1695 2361 1732 2383 ex
1753 2349 1928 2383 redditibus
1944 2349 2005 2383 col-

1264 2404 1395 2447 legiatae
1421 2404 1570 2437 ecclesiae
1604 2403 1784 2438 huiusmodi
1809 2403 2004 2447 assignandis

1264 2462 1293 2491 et
1324 2458 1518 2502 applicandis
1555 2458 1646 2491 tertia
1678 2468 1788 2492 eorum
1821 2462 1909 2507 parte
1945 2467 2003 2501 pro

1264 2514 1405 2555 congrua
1430 2512 1502 2545 dote
1526 2517 1557 2544 ct
1579 2511 1733 2544 fructibus
1765 2510 1884 2554 grossis
1907 2509 2004 2543 abba-

1265 2565 1324 2597 tiae
1344 2569 1373 2598 et
1390 2565 1587 2607 singulorum
1613 2564 1854 2597 canonicatuum
1871 2568 1900 2596 et
1916 2573 2005 2608 prae-

1264 2617 1437 2651 bendarum
1462 2617 1507 2650 sic
1534 2617 1758 2660 erigendorum
1783 2616 1864 2650 inter
1884 2627 1938 2650 eos
1957 2627 2004 2650 ae-

1263 2671 1333 2715 quis
1350 2671 1548 2716 portionibus
1572 2670 1752 2714 dividenda)
1773 2670 1911 2714 reliquas
1927 2670 2004 2703 duas

1263 2730 1369 2769 partes
1398 2725 1557 2759 fructuum
1572 2751 1580 2765 ,
1604 2723 1784 2758 reddituum
1816 2729 1846 2758 et
1868 2733 2004 2768 proven-

2015 320 2066 349 ΑΒ.
2084 321 2116 350 G.
2131 320 2201 350 ¹⁶22

2021 1023 2206 1077 grufxfflsszt:

2021 1077 2099 1104 gnandt
2113 1077 2192 1099 dotum.
