2293 3231
74 267 122 292 An.
143 265 171 292 C.
192 263 259 292 1612

123 1712 163 1733 Pro
183 1712 266 1732 senten-

83 1739 118 1760 tiis
123 1738 214 1766 publicis
221 1743 265 1758 sive

84 1767 104 1786 in
115 1767 220 1787 extractus
235 1770 267 1786 re-

84 1794 206 1821 gistrandis.

909 257 1027 282 PAULUS
1047 256 1065 280 V
1086 256 1133 280 PP.

273 311 397 350 decem,
425 309 537 342 habeat
560 307 700 341 notarius
720 307 904 340 bononenos
927 306 1006 339 duos

273 374 330 408 pro
345 362 484 407 quolibet
501 366 597 395 scuto.

317 414 390 449 138.
404 415 450 448 Ab
463 415 535 447 inde
551 426 645 458 supra
662 425 759 458 usque
775 414 813 446 ad
829 423 1009 457 quamcum—

273 479 334 513 que
350 478 505 502 summam
523 468 637 501 habeat
652 467 791 500 notarius
808 467 1007 499 bononenum

273 533 370 555 unum
395 533 453 566 pro
484 521 624 566 quolibet
654 526 757 562 scuto,
782 519 953 553 dummodo
977 519 1008 552 in

274 580 374 609 totum
405 585 468 608 non
500 574 627 608 excedat
657 584 811 608 summam
847 577 1008 606 scutorum

272 628 378 661 trium.

318 681 390 715 139.
409 682 445 714 Et
460 681 542 714 idem
559 686 700 714 servetur
721 691 776 725 per
799 679 1009 713 mandatarios

274 735 305 768 in
322 735 554 768 subhastatione
570 734 750 779 pignorum,
767 738 797 767 et
812 733 938 766 illorum
955 733 1009 766 de-

274 789 467 822 liberatione.

319 842 392 876 140.
406 843 438 876 Si
454 853 528 876 vero
544 842 721 886 depositum
739 842 854 874 sactum
870 840 964 873 fuerit
979 840 1010 873 in

275 897 395 938 cedula,
416 908 515 940 usque
530 897 569 929 ad
588 901 749 930 scutorum
766 895 991 940 quinquaginta
1002 921 1009 934 ,

275 950 457 984 bononenos
480 949 678 993 quindecim;

319 1003 392 1037 141.
417 1003 520 1047 Usque
543 1003 582 1035 ad
598 1007 684 1036 scuta
708 1007 848 1042 centum,
871 1001 1010 1035 bonone-

275 1068 332 1091 nos
354 1057 615 1101 vigintiquinque;

320 1110 392 1144 142.
411 1111 514 1154 Usque
531 1110 569 1143 ad
585 1120 818 1154 quamcumque
837 1119 1010 1148 summam,

275 1164 457 1198 bononenos
473 1163 723 1208 trigintaseptem
740 1174 811 1204 cum
828 1162 967 1195 dimidio.

320 1217 394 1251 «143.
418 1218 478 1250 Pro
504 1217 645 1261 deposito
665 1217 696 1249 in
719 1206 933 1249 immobilibus
958 1226 1012 1259 pe-

277 1281 332 1304 nes
350 1276 419 1304 acta
436 1271 550 1304 notarii
570 1271 617 1303 vel
642 1270 765 1303 tertiam
786 1279 952 1313 personam
972 1268 1014 1300 sa-

278 1325 402 1367 ciendo,
426 1326 557 1370 recipiat
580 1325 720 1359 notarius
745 1335 844 1368 usque
864 1324 901 1357 ad
926 1334 1013 1357 sum-

279 1390 363 1413 mam
376 1385 537 1413 scutorum
562 1384 698 1419 eentum,
718 1379 902 1412 bononenos
922 1377 1012 1422 quin-

278 1443 354 1477 que,

323 1486 396 1519 144.
414 1486 517 1530 Usque
533 1486 572 1519 ad
588 1496 819 1530 quamcumque
843 1495 1012 1524 summam,

279 1539 389 1573 iulium
405 1550 511 1573 unum.

323 1593 396 1626 145.
422 1594 459 1626 Et
480 1593 610 1627 totidem
634 1604 692 1637 pro
716 1592 934 1631 restitutione,
959 1602 1014 1624 seu

279 1647 461 1680 cassatione.

323 1700 397 1734 146.
422 1701 453 1734 Si
476 1701 644 1734 ordinariis
668 1700 826 1734 definitiva
840 1699 879 1732 sit
895 1704 1015 1732 senten-

279 1755 322 1788 tia
341 1755 503 1788 continens
519 1755 722 1799 quantitatem
739 1755 806 1799 jseu
824 1765 892 1787 rem
917 1753 1015 1786 mino-

281 1809 324 1842 ris
348 1809 462 1842 valoris
486 1809 715 1853 quinquaginta
744 1808 940 1848 ducatorum,
969 1818 1015 1840 re-

281 1863 374 1907 cipiat
404 1863 544 1896 notarius
563 1863 745 1896 bononenos
765 1862 1013 1906 trigintaseptem

281 1927 353 1950 cum
377 1916 524 1957 dimidio,

325 1971 398 2005 147.
423 1973 447 2005 A
471 1971 697 2016 quinquaginta
714 1981 812 2015 usque
831 1971 869 2003 ad
894 1976 1015 2003 trecen—

283 2029 340 2066 tos,
361 2025 508 2058 ducatum
531 2036 649 2065 unum,

326 2078 399 2112 148.
423 2080 448 2112 Α
471 2079 618 2112 trecentis
634 2089 731 2123 usque
755 2078 793 2111 ad
817 2078 1015 2123 quingentos,

284 2131 376 2166 iulios
400 2131 598 2176 quindecim;

330 2184 402 2218 1149.
428 2185 501 2218 Inde
517 2196 615 2229 usque
632 2185 671 2218 ad
689 2195 920 2229 quamcumque
936 2196 1017 2218 sum-

285 2250 369 2273 mam
394 2251 448 2273 seu
472 2239 732 2280 aestimationem,
758 2245 845 2272 scuta
868 2239 951 2273 duo:

329 2293 402 2326 150.
420 2292 450 2326 Si
464 2304 538 2325 vero
550 2297 666 2325 certam
680 2303 743 2326 non
757 2292 911 2325 contineat
924 2302 1025 2339 quan-2

286 2346 414 2388 titatem,
430 2347 478 2379 vel
503 2346 541 2379 de
564 2346 645 2379 facili
669 2346 736 2378 eius
753 2346 840 2378 valor
859 2343 1019 2378 aestimari

285 2410 347 2433 non
360 2399 468 2444 possit,
479 2399 590 2432 habeat
600 2399 740 2432 notarius
753 2398 901 2431 ducatum
910 2408 1018 2438 unum,

285 2458 338 2486 aut
360 2453 430 2497 plus
460 2454 507 2486 vel
531 2453 635 2486 minus
665 2452 795 2485 arbitrio
827 2451 938 2484 iudicis
960 2462 1019 2495 pro

286 2517 393 2540 rerum
409 2507 556 2551 qualitate
573 2512 602 2539 et
618 2516 834 2550 personarum,
850 2504 1020 2538 dummodo

287 2561 479 2606 praedictam
513 2571 666 2594 summam
699 2560 833 2593 duorum
860 2563 1021 2592 scutorum

289 2624 351 2648 non
375 2615 512 2648 excedat.

334 2668 406 2702 151.
432 2668 491 2702 Pro
507 2666 667 2702 sententiis
684 2679 758 2702 voro
778 2677 872 2712 super
889 2676 1023 2710 exequu-

1040 305 1123 338 tione
1148 304 1439 342 instrumentorum,
1468 300 1704 340 sententiarum,
1730 305 1773 332 te-

1041 363 1266 391 stamentorum
1280 361 1307 389 et
1323 355 1514 400 privatarum
1531 354 1773 397 scripturarum:

1041 411 1066 444 si
1091 416 1207 444 certam
1225 409 1405 444 contineant
1428 408 1643 452 quantitatem,
1658 407 1705 439 vel
1730 406 1774 439 rei

1042 465 1128 497 valor
1144 464 1181 497 de
1210 463 1291 496 sacili
1321 462 1467 506 liquidari
1490 461 1597 505 possit,
1616 470 1713 504 usque
1737 459 1775 492 ad

1041 528 1195 550 summam
1225 516 1472 560 vigintiquinque
1499 515 1684 548 ducatorum
1700 541 1707 555 ‚
1732 524 1777 546 re-

1041 572 1135 616 cipiat
1151 571 1292 605 notarius
1304 571 1487 604 bononenos
1502 568 1690 612 vigintiduos
1705 578 1777 602 cum

1043 625 1192 665 dimidio,

1086 678 1158 712 152.
1186 679 1287 722 Usque
1311 678 1349 711 ad
1373 677 1619 722 quinquaginta,
1644 676 1778 710 bonone-

1042 743 1098 766 nos
1122 731 1371 775 trigintaseptem
1397 742 1466 764 cuni
1492 731 1638 771 dimidi0;

1087 785 1160 819 153.
1178 785 1251 818 Inde
1268 795 1366 828 usque
1386 785 1423 817 ad
1444 789 1579 825 centum,
1597 783 1688 817 iulios
1708 794 1776 824 sex,

1088 838 1160 872 154.
1186 839 1210 871 Α
1234 843 1359 872 centum
1377 848 1475 882 usque
1493 838 1530 871 ad
1547 838 1706 878 ducentos,
1727 837 1779 870 du-

1043 898 1147 926 catum
1172 903 1287 932 unum,

1089 946 1162 980 155.
1188 946 1261 979 Inde
1280 956 1378 990 usque
1395 945 1432 978 ad
1449 956 1680 989 quamcumque
1697 956 1779 978 sum-

1044 1010 1127 1033 mam
1145 1000 1192 1032 vel
1218 999 1478 1039 aestimationem,
1495 998 1624 1032 ducatos
1647 998 1725 1032 duos
1742 997 1779 1030 de

1045 1054 1207 1088 earolenis.

1088 1107 1162 1141 156.
1188 1107 1248 1140 Pro
1283 1106 1435 1139 sententia
1463 1117 1557 1150 super
1581 1106 1780 1140 evacuatione

1045 1171 1100 1194 seu
1124 1160 1357 1200 exfractatione,
1382 1159 1474 1192 iulios
1498 1165 1570 1192 tres.

1090 1214 1164 1248 157.
1179 1215 1239 1247 Pro
1256 1214 1408 1247 sententia
1426 1224 1521 1258 super
1534 1213 1706 1246 interdictis
1718 1213 1783 1256 qui-

1046 1269 1259 1312 buscumque,
1285 1268 1377 1300 iulios
1402 1272 1520 1311 septem
1546 1278 1617 1300 cum
1641 1266 1780 1299 dimidio.

1090 1321 1164 1355 158.
1179 1323 1239 1356 Pro
1254 1321 1407 1355 sententia
1420 1322 1480 1354 lata
1499 1321 1529 1353 in
1546 1323 1639 1354 causa
1652 1331 1784 1354 conven-

1047 1376 1139 1409 tionis
1164 1381 1193 1408 et
1217 1373 1469 1409 reconventionis
1494 1374 1688 1408 introductae
1713 1379 1782 1406 ante

1047 1430 1133 1463 litem
1158 1435 1377 1469 contestatam,
1402 1429 1543 1462 notarius
1569 1428 1679 1460 haheat
1703 1438 1784 1460 mer-

1047 1484 1169 1524 cedem,
1195 1489 1227 1517 ut
1252 1494 1345 1528 supra
1369 1483 1488 1516 dictum
1521 1487 1583 1522 est,
1608 1492 1667 1525 pro
1693 1481 1783 1514 unica

1047 1537 1198 1570 sententia
1214 1542 1346 1578 tantum,
1364 1547 1425 1570 non
1444 1541 1548 1569 autem
1565 1546 1623 1579 pro
1647 1535 1782 1575 duabus;

1047 1601 1136 1624 secus
1153 1590 1277 1635 quando
1292 1589 1493 1624 reconventio
1509 1590 1589 1622 sacta
1606 1588 1699 1621 fuerit
1715 1593 1784 1632 post

1047 1645 1133 1677 litem
1151 1649 1364 1684 contestatam,
1382 1643 1455 1687 quia
1479 1648 1553 1675 tunc
1578 1642 1707 1675 satisfiat
1726 1652 1783 1685 pro

1047 1698 1167 1731 duabus
1192 1698 1352 1732 sententiis
1377 1698 1462 1730 iuxta
1486 1696 1726 1741 praecedentem
1743 1701 1785 1729 ta-

1048 1762 1128 1785 xam.

1092 1805 1163 1839 159.
1189 1807 1249 1839 Pro
1266 1805 1520 1845 interlocutoriis,
1538 1805 1563 1837 si
1585 1804 1785 1848 publicentur

1048 1870 1120 1893 cum
1143 1859 1243 1903 signo,
1267 1860 1450 1892 bononenos
1473 1857 1661 1902 quindecim.

1092 1913 1164 1946 160.
1191 1913 1250 1946 ΡΓο
1274 1912 1413 1956 quolibet
1438 1916 1509 1945 actu
1538 1911 1723 1951 iudiciario,
1747 1910 1785 1943 de

1048 1978 1110 2012 quo
1134 1968 1379 2000 instrumentum
1411 1971 1553 1999 actorum
1585 1964 1785 2005 confecerint,

1049 2023 1232 2055 bononenos
1248 2026 1320 2061 tres,
1338 2021 1369 2053 in
1385 2031 1447 2064 quo
1471 2019 1603 2052 debeant
1620 2023 1687 2052 acta
1712 2019 1787 2051 inte-

1049 2087 1115 2119 gra,
1128 2086 1191 2109 non
1207 2075 1358 2115 mutilata,
1380 2073 1529 2114 scribere,
1549 2072 1687 2117 alioquin
1704 2082 1785 2105 mer-

1049 2130 1157 2163 cedem
1179 2135 1285 2174 petere
1315 2138 1377 2162 non
1406 2128 1547 2172 possint,
1573 2133 1603 2160 et
1627 2132 1786 2171 acceptam

1049 2185 1213 2218 restituere
1238 2188 1411 2216 teneantur.

1094 2237 1167 2270 1161.
1193 2237 1227 2270 In
1251 2236 1353 2269 causis
1382 2246 1457 2268 vero
1481 2235 1711 2268 discussionum
1734 2244 1786 2267 ac-

1050 2290 1145 2334 cipiat
1173 2301 1189 2322 a
1213 2289 1353 2334 quolibet
1386 2289 1538 2332 graduale
1570 2299 1628 2332 pro
1664 2289 1785 2320 summa

1051 2344 1202 2387 graduata
1226 2343 1423 2382 mercedem,
1448 2347 1482 2375 ut
1513 2352 1608 2385 supra
1632 2341 1662 2373 in
1686 2341 1787 2374 causis

1052 2396 1246 2441 exequutivis
1270 2402 1313 2429 est
1338 2401 1486 2428 taxatum.

1096 2450 1170 2483 ¹162.
1195 2451 1255 2483 Pro
1279 2450 1420 2493 quolibet
1448 2448 1593 2481 mandato
1627 2448 1658 2481 in
1682 2453 1788 2481 contu-

1053 2504 1194 2544 maciam,
1208 2503 1301 2536 etiam
1318 2503 1355 2535 (le
1369 2502 1557 2543 evacuando,
1570 2512 1628 2546 pro
1641 2511 1788 2546 quacum-

1053 2568 1114 2602 que
1133 2558 1256 2590 summa
1281 2557 1462 2590 bononenos
1487 2562 1557 2589 tres.

1098 2610 1171 2644 163.
1196 2611 1256 2644 Pro
1281 2610 1426 2644 mandato
1451 2610 1488 2643 de
1504 2609 1724 2654 consignandis
1742 2608 1788 2651 pi-

1055 2666 1216 2709 gnoribus
1232 2665 1415 2698 bononenos
1432 2670 1503 2697 tres.

1674 242 1731 274 141
1784 252 1832 277 An.
1853 249 1881 277 C.
1904 250 1971 277 16¹2

1822 2467 1863 2488 Pro
1873 2465 1983 2488 mandatis.
