2293 3231
283 255 460 282 An.c.issat
511 246 575 281 584

1055 258 1234 282 mmmmm

481 305 631 340 lubidine,
646 312 752 338 tenore
771 304 994 348 praesentium,
1010 304 1176 338 indit-imus
1192 309 1221 339 et

481 358 670 401 imponimus
687 358 764 390 (luas
781 359 876 390 semel
892 358 922 390 in
938 360 997 390 111111
1014 358 1059 391 vel
1077 358 1223 402 pluribus

480 412 706 449 solutionibus,
738 411 871 445 arbitrio
904 412 1109 445 collectorum
1141 412 1222 445 infra

479 463 713 506 ‹li-putatorum,
731 462 955 506 persolv‹.¹n‹las
980 463 1118 506 integras
1142 463 1223 496 deei-

480 524 556 555 nias,
571 516 601 547 in
615 526 707 548 usum
730 515 905 560 praesentis
923 516 996 548 belli
1015 521 1123 550 contra
1142 516 1219 550 hae-

480 568 591 602 reticos
610 574 740 605 tantum,
759 575 789 601 et
803 579 864 603 non
882 569 912 602 in
930 569 1018 610 alios,
1036 569 1222 613 erogandas,

478 622 618 655 omnium
633 628 659 654 et
675 632 952 668 quorumcumque
967 624 1138 663 fructuum,
1157 623 1223 656 red-

479 676 617 715 dituum,
642 681 872 719 proventuum,
898 676 1032 718 iurium,
1063 676 1224 710 obventio-

478 741 563 767 nuin,
589 730 876 764 emolumentorum
900 740 936 763 ac
961 729 1220 763 distributionum

478 782 734 827 ‹piotidianarum
766 783 907 816 omnium
942 783 1147 816 ecclesiarum
1172 793 1223 816 ar-

479 836 757 881 chiepiscopalium
770 864 777 877 ‚
802 837 1029 881 episcopalium
1042 865 1049 878 ,
1075 837 1222 880 collegia-

480 896 601 931 tarum,
628 891 875 934 parochialium,
900 901 957 924 nec
982 901 1045 924 non
1071 897 1225 925 monaste-

480 945 600 977 riorum
613 949 641 977 et
653 949 876 985 conventuum,
886 955 921 978 ac
936 945 1028 978 etiam
1042 955 1222 978 mensarum

478 997 694 1039 alilmtialium,
720 998 954 1043 capitularium,
976 1003 1037 1031 tam
1063 998 1224 1031 cathedra-

480 1053 554 1085 lium
574 1056 602 1086 et
622 1053 948 1097 metropolitanarum,
963 1064 1058 1096 quam
1076 1063 1223 1096 quarum-

478 1116 614 1150 cumque
647 1106 883 1150 collegiatarum
916 1107 1140 1147 ecelesiarum,
1165 1116 1223 1140 nec

480 1170 541 1193 11011
568 1160 839 1200 conventualium,
864 1161 1061 1204 prioratuum
1085 1170 1222 1204 quoque,

481 1214 784 1258 1›raepositurarum,
809 1214 1061 1256 canonicatuum,
1082 1219 1112 1247 et
1134 1223 1223 1258 prae-

479 1267 654 1301 bendarum
670 1295 677 1310 ,
718 1268 905 1310 dignitatum
921 1295 928 1308 ‚
973 1274 1198 1312 personatuum
1215 1295 1222 1309 ,

479 1321 797 1362 administrationum,
823 1322 916 1354 etiam
942 1321 1080 1354 t'ahricae
1105 1327 1131 1354 01
1159 1322 1224 1355 ossi—

481 1375 624 1415 ci0rum‚
650 1381 893 1419 ceterornmiptc
918 1375 1145 1409 benetie-iorum
1176 1386 1223 1408 ec-

479 1429 751 1470 elesiasticorum,
785 1440 855 1462 eum
884 1431 959 1462 cura
987 1435 1017 1463 et
1037 1429 1102 1462 sine
1135 1432 1222 1470 eura,

479 1483 668 1516 secularium
683 1511 690 1523 ‚
723 1494 758 1516 ae
788 1483 886 1517 sancti
920 1483 1094 1523 Benedicti,
1123 1484 1221 1516 saneti

479 1536 653 1580 Augustini,
665 1537 886 1577 Cluniae-ensis,
896 1537 1123 1578 Cisterciensis,
1134 1538 1223 1570 Prae-

479 1590 729 1631 inonstratensis,
755 1589 1057 1631 Grandimontensis,
1083 1601 1119 1623 ae
1143 1600 1222 1634 quo-

479 1653 688 1686 rumcumque
714 1642 848 1676 aliorum
878 1642 1031 1677 Ordinum
1057 1643 1222 1687 utriusque

479 1708 581 1738 sexrm,
599 1707 660 1730 non
687 1702 791 1730 tamen
811 1697 1063 1738 Mendicantium,
1081 1708 1138 1731 nec
1158 1707 1220 1730 non

479 1751 779 1794 congregationum,
816 1751 1012 1795 regularium
1040 1750 1222 1795 (exceptis¹

480 1810 593 1846 tamen,
608 1805 711 1848 quoad
729 1810 847 1845 curata,
867 1804 915 1846 iis,
936 1816 1072 1849 quorum
1085 1810 1222 1844 eentum,

479 1870 541 1903 quo
568 1869 641 1892 vero
662 1859 699 1891 ad
720 1859 875 1903 simplicia
898 1859 1061 1900 beneficia,
1084 1858 1132 1899 iiS,
1149 1869 1223 1902 quo-

480 1924 549 1945 rum
571 1913 666 1946 annui
687 1912 827 1946 redditus
848 1923 1004 1946 summam
1022 1912 1130 1956 viginti
1148 1922 1221 1956 qua-

480 1971 551 1999 tuor
565 1966 752 1999 ducatorum
765 1966 834 1999 auri
851 1966 889 1999 de.
908 1967 1034 1999 camera
1055 1976 1118 1999 non
1136 1976 1224 1999 exee-

480 2019 581 2063 dnnt),
591 2024 621 2052 et
635 2025 799 2063 praeterea
814 2019 1028 2063 hospitalium,
1041 2019 1135 2052 ctiam
1150 2029 1222 2063 pau-

480 2083 609 2117 perum,
639 2072 883 2116 hospitalitatem
908 2083 971 2106 non
996 2073 1222 2113 exercentium,

480 2138 534 2159 seu
548 2127 630 2160 bona
641 2131 668 2159 01
680 2126 832 2166 redditus,
846 2127 928 2159 ultra
938 2137 1012 2159 usus
1023 2127 1222 2159 intirmorum

481 2185 511 2213 et
529 2179 589 2212 alia
603 2190 662 2223 pro
676 2179 790 2223 quibus
809 2179 947 2213 instituta
964 2185 1036 2212 sunt
1054 2180 1104 2224 pia
1121 2179 1223 2213 otlicia

480 2233 663 2272 exeicenda,
689 2232 928 2277 possidentium,
945 2243 1003 2265 nec
1027 2243 1088 2266 non
1115 2234 1223 2266 beatae

482 2287 595 2319 Mariae
609 2287 888 2327 Theutonicorum,
900 2286 997 2319 sant-ti
1011 2286 1128 2327 Lazari,
1138 2287 1225 2319 'l'em-

482 2341 523 2384 pli
542 2340 705 2381 Dominiei,
717 2345 745 2373 et
763 2340 896 2373 aliarum
913 2339 1093 2373 Militiaruin
1109 2339 1225 2384 (hospi-

482 2393 570 2426 talis‘z
588 2394 686 2427 sancti
703 2393 826 2427 loannis
843 2393 1130 2437 llierosolimytani,
1145 2404 1224 2436 quae

482 2457 540 2489 pro
558 2447 604 2479 sui
624 2447 718 2479 tutela
743 2451 852 2480 contra
877 2447 994 2479 Turi-as
1011 2452 1041 2479 et
1065 2446 1143 2480 alios
1160 2446 1226 2479 inli-

482 2499 566 2531 1101οε
580 2499 689 2533 alienis
702 2500 826 2533 auxiliis
840 2499 979 2544 quotidie
997 2499 1125 2542 indiget,
1139 2499 1226 2532 dum-

484 2558 564 2585 taxat
594 2554 748 2597 excepta),
778 2553 809 2586 in
833 2554 980 2587 universo
1005 2563 1104 2596 regno
1129 2553 1226 2586 Fran-

519 2625 529 2650 1
549 2623 614 2651 Male
632 2624 696 2652 edit.
713 2623 792 2651 Maia.
810 2624 872 2660 legit
889 2626 1009 2660 acceptis
1024 2626 1060 2661 (11.
1077 2625 1126 2659 1.).

517 2668 533 2694 ‘13
548 2668 722 2706 Subintellige
738 2670 832 2697 militia
848 2671 886 2705 (n.
903 2672 952 2704 τ.).

1258 257 1411 282 Romanum

1255 305 1321 337 ciac
1346 306 1566 345 existentium,
1590 306 1763 339 secundum
1795 317 1997 340 communem

1255 357 1505 391 aestimationem
1534 358 1691 391 fructuum
1712 362 1742 392 et
1757 359 1894 393 aliorum
1910 370 1998 404 prae-

1256 411 1424 452 dictorum,
1442 421 1477 444 110
1495 411 1640 445 similiter
1659 411 1736 445 duas
1757 412 1896 456 integras
1912 413 1997 447 deci-

1256 476 1323 498 mas
1340 465 1482 500 omnium
1501 466 1688 510 pensionum
1707 476 1803 510 super
1819 467 1999 510 praemissis

1256 518 1487 562 assignatarum
1520 523 1550 552 et
1583 518 1866 562 assignandarum,
1902 521 1999 553 semel

1255 577 1388 613 tautum,
1405 578 1438 606 ut
1455 572 1573 606 dietum
1591 577 1646 615 cst,
1663 572 1881 617 percipiendas
1898 576 1927 607 01
1939 573 2000 606 exi-

1255 626 1373 669 gendas
1390 636 1407 659 a
1424 625 1677 670 quibuscumque
1697 626 1955 671 archiepiscopiS,
1972 637 2000 659 c-

1255 679 1404 724 piscopis,
1422 679 1624 725 primatibus,
1645 679 1845 723 praepositis,
1862 678 1999 719 decanis,

1256 732 1411 776 capitulis,
1437 731 1606 774 canonicis,
1630 731 1816 772 rectoribus,
1837 731 2000 765 beneficia-

1258 785 1306 826 tis,
1323 785 1501 826 abbatibus,
1521 785 1692 830 prioribus,
1712 785 1999 826 commendatariis,

1256 838 1435 880 abbatissis,
1461 839 1638 883 priorissis,
1663 839 1812 873 fratribus
1837 838 2000 879 militibus,

1257 898 1284 925 et
1310 893 1379 926 aliis
1409 903 1611 937 quocumque
1635 892 1763 926 nomine
1793 892 1999 937 nuncupatiS,

1257 946 1454 980 secularibus
1489 951 1520 980 et
1559 945 1760 990 regularibus
1774 973 1781 987 ‚
1824 946 2000 990 ceterisque

1256 999 1485 1044 cuiuscumque
1515 999 1693 1043 dignitatis,
1718 1004 1817 1032 status
1841 1003 1872 1032 01
1895 999 2000 1032 condi-

1257 1054 1350 1087 tionis
1373 1054 1590 1095 existentibus,
1615 1053 1775 1098 praedicta
1798 1063 2000 1098 quocumque

1257 1108 1335 1148 iure,
1361 1107 1467 1149 modo,
1491 1107 1667 1148 occasione,
1692 1113 1722 1140 01
1746 1107 1836 1141 1111110
1861 1106 2000 1141 obtinen-

1256 1160 1340 1194 tibus
1366 1171 1421 1194 seu
1445 1160 1658 1195 detinentibus
1683 1165 1713 1193 et
1738 1160 1923 1201 obtenturis,
1943 1170 1999 1193 uec

1255 1225 1317 1248 non
1344 1214 1527 1248 oeconomis
1552 1219 1582 1247 01
1606 1213 1915 1248 administratoribus
1931 1224 2001 1258 per-

1256 1268 1368 1313 petuis,
1394 1279 1448 1301 seu
1471 1268 1717 1312 temporalibus,
1741 1267 1999 1308 usufructuariis,

1256 1332 1291 1354 ae
1316 1322 1453 1362 fruetus,
1482 1321 1650 1365 pensiones
1683 1331 1733 1354 res
1757 1325 1788 1354 et
1811 1321 1871 1354 alia
1903 1331 2001 1365 quae-

1256 1385 1392 1419 cumque
1410 1374 1593 1408 huiusmodi
1620 1375 1688 1407 iura
1709 1379 1736 1407 et
1755 1373 1855 1415 bona,
1874 1384 1910 1408 ex
1927 1385 2001 1419 qua-

1256 1440 1393 1474 cumque
1417 1431 1523 1469 eausa,
1541 1429 1652 1473 quavis
1673 1428 1870 1470 auctoritate,
1887 1429 1918 1462 in
1936 1434 2001 1463 toto

1256 1482 1360 1515 velin
1386 1488 1486 1527 parte,
1507 1482 1566 1515 sibi
1590 1487 1750 1516 reservata
1773 1487 1826 1515 aut
1851 1493 2000 1516 concessa

1256 1535 1445 1570 habentibus
1476 1536 1523 1568 vel
1553 1535 1726 1576 habituris,
1751 1535 1946 1569 secularibus
1972 1540 2001 1570 et

1256 1590 1458 1633 regularibus
1493 1590 1665 1631 Ordinum,
1697 1590 2000 1634 congregationum,

1257 1644 1442 1677 militiarum
1463 1649 1493 1677 et
1524 1644 1727 1688 hospitalium
1752 1644 2000 1688 praedictorum,

1256 1708 1314 1731 nec
1341 1708 1404 1731 non
1427 1698 1466 1730 ab
1490 1698 1566 1742 ipsis
1588 1697 1739 1739 eeclesiis,
1757 1697 1912 1742 capitulis,
1930 1708 2001 1732 con-

1257 1752 1412 1794 ventibus,
1427 1751 1603 1792 ordinibus,
1617 1751 1926 1795 congregationibus,
1940 1753 2000 1785 col-

1256 1805 1358 1849 legiis,
1373 1804 1591 1849 hospitalibus,
1605 1805 1735 1846 militiis,
1749 1805 1875 1847 mensis,
1890 1806 2002 1839 massis

1257 1864 1285 1892 et
1311 1859 1404 1900 loeis,
1428 1868 1630 1902 quocumque
1654 1858 1822 1902 privilegio
1847 1864 1876 1891 ct
1900 1869 2001 1892 exem-

1256 1912 1362 1956 ptione
1388 1911 1475 1952 reali,
1501 1911 1671 1956 personali,
1695 1917 1723 1944 et
1745 1911 1853 1952 mixta,
1873 1912 2000 1957 antiqua

1257 1971 1284 1998 et
1312 1965 1572 2005 innnemorabili,
1597 1964 1739 2008 pacifica,
1765 1970 1792 1998 et
1819 1965 2001 1999 continuata

1257 2019 1402 2059 suffultis,
1427 2029 1506 2063 quos
1530 2029 1640 2052 omnes
1665 2019 1823 2063 (exeeptis
1845 2019 2003 2064 supradic—

1258 2075 1326 2117 tis),
1347 2074 1377 2106 in
1402 2075 1465 2107 una
1489 2073 1537 2106 vel
1562 2073 1707 2117 pluribus
1731 2073 1952 2115 solutionibus,
1968 2079 2003 2107 111

1257 2128 1446 2172 praefertur,
1473 2127 1697 2160 collectoribus
1722 2127 1890 2171 praedictis
1915 2127 2003 2161 volu-

1259 2191 1328 2213 mus
1353 2180 1493 2213 decimas
1522 2179 1698 2224 praedictas
1726 2179 1807 2213 infra
1832 2180 2001 2214 terminum

1258 2234 1297 2266 ab
1323 2233 1441 2267 eisdem
1467 2232 1690 2267 collectoribus
1721 2233 2001 2278 praescribendum

1259 2287 1460 2331 persolvisse,
1485 2287 1527 2320 ita
1550 2292 1593 2328 ut,
1611 2287 1663 2331 qui
1689 2287 1857 2331 pensiones
1882 2288 2001 2331 persol-

1260 2352 1333 2374 vere
1357 2341 1488 2381 debent,
1514 2340 1607 2375 ctiam
1632 2340 1760 2374 nominc
1789 2340 2003 2385 pensionario—

1260 2406 1329 2427 rum
1361 2394 1499 2428 decimas
1530 2394 1717 2438 pensionum
1746 2393 1947 2437 persolvant,
1973 2399 2004 2427 et

1260 2447 1372 2481 deinde
1397 2447 1428 2480 in
1456 2447 1610 2492 proximis
1642 2446 1784 2480 terminis
1815 2447 2002 2491 pensionum

1260 2511 1328 2533 cam
1354 2505 1454 2534 ratam
1476 2500 1534 2533 sibi
1555 2500 1709 2533 retineant
1726 2500 1764 2533 ad
1782 2500 1935 2534 rationem
1954 2501 2003 2534 de-

1261 2565 1329 2588 cem
1347 2564 1405 2598 pro
1423 2553 1614 2593 centenario,
1628 2553 1687 2586 nisi
1706 2553 1800 2586 iidem
1818 2553 2004 2588 collectores

1261 2607 1299 2640 ab
1316 2607 1457 2651 ipsismet
1481 2606 1690 2651 pensionariis
1715 2617 1783 2640 cam
1808 2607 1934 2651 exigere
1953 2618 2004 2641 vo-

1262 2661 1385 2694 luerint.

2011 257 2059 286 An.
2076 257 2105 286 C.
2127 258 2191 287 ¹62¹
