2293 3231
91 284 142 314 An.
160 282 190 311 G.
209 281 277 311 ¹622

113 503 275 530 Commi-linquo

91 530 185 556 damnat.

129 978 276 1004 ‘transumptis

91 1011 134 1032 quo
151 1011 177 1026 uo
217 1005 276 1026 credi

92 1038 140 1055 man
157 1034 187 1054 at.

149 1935 280 1957 Enuneiatur

96 1965 157 1984 tenor
173 1962 280 1983 Constitu-

96 1989 160 2010 tionis
184 1988 280 2010 Clemen-

96 2016 123 2036 tis
138 2014 192 2037 vui.

895 280 1072 306 onzoonms
1092 281 1134 306 XV
1152 281 1201 306 1³1³.

292 339 329 363 ac
338 331 527 370 mercatura,
538 328 873 363 excommunicationis
886 339 1031 374 poenam,
1047 336 1050 351 ¹

290 392 327 416 ac
351 391 500 415 censuras
525 382 753 416 ecclesiasticas
772 392 835 416 non
860 382 1031 423 incurrant,

291 434 500 475 decernimus,
526 434 692 469 statuimus
717 440 747 467 et
771 434 963 468 ordinamus.

335 488 350 531 ἓ
374 487 403 520 4.
440 488 508 521 Non
532 488 729 521 obstantibus
753 487 921 531 praedictis
945 487 1031 521 Pauli

289 540 542 584 praedecessoris
578 545 608 573 et
643 540 777 574 aliorum
817 541 1030 573 Romanorum
1048 556 1049 567 κ

290 593 476 627 Pontificum
487 593 627 626 eiusdem
638 593 724 626 Pauli
739 593 896 637 expressis
908 593 1030 634 litteris,
1047 584 1049 597 ⁴

291 645 466 689 ceterisque
491 646 656 679 contrariis
681 646 942 690 quibuscumque.
970 645 1031 678 Ad-

290 708 458 732 monemus
482 704 598 739 autem,
619 704 650 731 et
666 699 696 731 in
714 699 846 732 Domino
866 699 1032 732 hortamur
1048 710 1049 745 g

291 761 401 785 omnes
426 751 657 792 christifideles,
678 752 717 784 ad
741 762 821 796 quos
841 756 973 795 spectat,
998 752 1050 793 utl

290 809 400 838 nostro
424 805 605 838 huiusmodi
629 805 797 850 pastoralis
821 799 1050 847 indulgentiae?

291 858 445 892 beneficio
470 859 600 892 minime
617 859 796 899 abutantur,
809 864 839 891 et
856 859 906 901 agi
923 858 1033 891 memi-
1048 882 1050 891 s

289 911 394 944 nerint
417 912 456 945 de
479 911 644 956 dispendio
669 912 777 945 salutis
801 916 954 944 aeternae.

336 965 351 1008 ἓ
371 964 400 998 5.
421 965 573 999 Volumus
593 971 707 1007 autem,
723 965 807 1008 quod
820 957 1051 1009 praesentiumt

291 1019 514 1062 transumptis,
539 1018 632 1051 etiam
657 1018 839 1062 impressis,
859 1028 955 1050 manu
978 1018 1033 1050 ali-

291 1071 380 1105 cuius
398 1071 512 1104 notarii
529 1071 647 1115 publici
670 1070 866 1114 subscriptis,
884 1076 913 1103 et
930 1070 1033 1113 sigillo
1050 1085 1052 1108 ι,

290 1134 444 1168 personae
457 1124 489 1156 in
502 1123 652 1166 dignitate
666 1123 874 1156 ecclesiastica
889 1123 1035 1156 constitu-

291 1182 340 1210 tae
359 1177 498 1217 munitis‚
512 1177 622 1209 eadem
640 1187 771 1220 prorsus
794 1176 871 1209 sides
891 1176 1035 1209 adhibea-

289 1235 352 1272 tur,
369 1241 450 1274 quae
473 1231 550 1274 ipsis
574 1230 792 1274 praesentibus
822 1230 1032 1263 adhiberetur.

335 1285 447 1318 Datum
471 1285 598 1325 Romae,
624 1285 710 1328 apud
733 1284 762 1317 S.
788 1285 915 1317 Mariam
945 1285 1035 1318 Maio·
1050 1307 1053 1335 ι

290 1348 370 1379 rem,
394 1338 452 1371 suh
477 1339 591 1371 annulo
615 1338 794 1378 piscatoris,
819 1338 869 1371 die
889 1350 946 1372 xxx
968 1339 1052 1371 iulii³

291 1401 434 1432 Mncxxn,
454 1392 653 1436 pontificatus
677 1392 776 1425 nostri
797 1402 878 1425 anno
898 1402 929 1425 11.

327 1456 385 1484 Dat.
407 1456 451 1483 die
471 1456 504 1484 30
523 1455 581 1483 iulii
602 1456 680 1491 1622,
701 1456 796 1491 pontif.
819 1465 863 1484 an.
884 1463 912 1483 11.

609 1607 722 1641 LXXII.

294 1680 505 1723 Confirmatio
530 1684 559 1713 et
583 1678 757 1723 ampliatio
784 1679 1051 1714 constitutionis}

339 1733 509 1768 Clementis
531 1733 616 1766 VIII
629 1734 715 1766 circa
732 1743 888 1766 novorum
906 1744 1035 1767 conven-

339 1790 432 1820 tuum
455 1786 662 1830 reyularium
687 1785 886 1819 erectiones&

496 1856 654 1892 Gregorius
680 1857 759 1890 Papa
783 1857 837 1884 XV.

338 1918 416 1952 Cum
439 1918 514 1952 ali'as
534 1918 632 1951 felicis
649 1918 876 1951 recordationis
893 1918 1034 1952 Clemens

294 1971 376 2015 Papa
398 1972 464 2005 VIII
484 1972 668 2013 decreverit,
689 1972 871 2005 Ordinarios
891 1973 1034 2006 locorum

294 2025 454 2058 licentiam
477 2025 516 2057 ad
539 2036 637 2059 novos
658 2030 829 2059 conventus
854 2026 1052 2059 cuiuscum-¹

294 2088 355 2122 que
378 2079 566 2122 praesertim
589 2079 829 2112 Mendicantium
854 2079 979 2112 Ordinis
1003 2075 1053 2112 in³

295 2131 471 2164 civitatibus
498 2136 529 2164 et
553 2132 629 2165 locis
650 2142 760 2165 eorum
786 2132 963 2165 ordinariae
988 2132 1034 2164 iu-

294 2184 469 2218 risdictioni
501 2184 649 2218 subiectis
680 2185 848 2228 erigendos
880 2185 1035 2228 impartiri

294 2248 358 2272 non
381 2248 483 2282 posse,
500 2238 560 2271 nisi
577 2239 695 2272 vocatis
712 2244 743 2272 et.
767 2239 880 2272 auditis
900 2239 1035 2272 aliorum

295 2291 327 2325 in
344 2291 461 2325 eisdem
478 2291 656 2325 civitatibus
681 2297 710 2324 et
732 2292 811 2325 locis
836 2292 1035 2326 existentium

296 2350 506 2379 conventuum
531 2345 710 2389 prioribus,
735 2355 789 2377 seu
820 2346 1035 2388 procuratori—

295 2398 365 2439 bus,
380 2403 410 2431 et
427 2398 495 2431 aliis
514 2398 666 2431 interesse
682 2398 879 2438 habentibus,
897 2402 925 2432 et
943 2401 1036 2431 causa

297 2451 427 2485 servatis
452 2451 612 2484 servandis
637 2451 773 2494 cognita,
799 2451 831 2484 in
855 2451 972 2484 eisdem
994 2451 1036 2484 ci-

297 2505 444 2538 vitatibus
459 2510 490 2538 et
506 2505 583 2539 locis
603 2516 700 2538 novos
721 2505 900 2538 huiusmodi
918 2505 1038 2548 erigen-
1054 2507 1055 2512 ’

297 2559 354 2593 dos
377 2565 564 2601 conventus,
589 2559 655 2592 sine
679 2559 814 2592 aliorum
838 2559 1036 2600 detrimento,

299 2684 307 2720 ί
334 2640 344 2666 1
369 2639 459 2718 C)onst.
484 2640 568 2667 Clem.
589 2639 649 2667 VIII
670 2640 754 2667 estin
775 2644 839 2666 tom.
859 2647 897 2674 xi,
918 2647 980 2674 pag.
1000 2639 1030 2666 2¹
1052 2643 1054 2696 j

309 2689 336 2710 R.
351 2690 376 2711 ¹1¹.
393 2704 400 2711 .
1051 2700 1055 2719 1

1052 2247 1162 2287 vrium,
1187 2252 1368 2286 conventus,
1389 2248 1512 2287 domus,
1531 2248 1745 2290 congregatio,
1762 2249 1810 2280 vel

1053 2328 1054 2340 ἢ
1070 2301 1203 2333 societas
1226 2301 1460 2343 religiosorum,
1478 2312 1531 2334 seu
1549 2301 1743 2343 regularium
1762 2312 1812 2334 cu-

1706 270 1770 307 719
1816 280 1910 308 Aac.
1934 280 2001 309 1622

1065 329 1230 363 commode
1255 329 1422 362 sustentari
1447 339 1548 372 posse,
1569 328 1758 368 constiterit;
1779 328 1803 361 si

1066 393 1140 415 vero
1165 381 1204 415 ab
1229 392 1340 415 eorum
1365 382 1526 415 sententiis
1543 381 1581 414 ad
1598 380 1709 415 Sedem
1727 382 1806 424 Apo-

1066 436 1206 469 stolicam
1227 435 1391 479 provocari
1410 440 1440 467 et
1457 435 1608 478 appellari
1625 434 1803 478 contigerit,

1067 489 1150 532 ipsos
1174 488 1356 522 Ordinarios
1382 488 1499 521 tamdiu
1532 488 1723 521 erectionem
1747 497 1804 520 no-

1066 552 1175 574 vorum
1210 546 1419 574 conventuum
1452 541 1642 584 suspendere
1667 540 1803 581 debere,

1065 594 1215 637 quamdiu
1240 604 1258 626 a
1284 594 1366 626 dicta
1391 593 1469 627 Sede
1494 594 1525 626 in
1549 595 1586 626 ea
1616 595 1710 626 causa
1730 603 1803 636 pro-

1066 647 1247 680 nunciatum
1273 647 1430 688 extiterit,
1455 657 1513 680 nee
1537 646 1630 687 alias,
1655 650 1749 689 prout
1773 645 1803 677 in

1065 700 1191 734 decreto
1211 701 1392 734 huiusmodi
1417 700 1539 745 plenius
1563 699 1750 733 continetur.

1111 754 1125 797 ἓ
1142 754 1170 786 2.
1190 754 1304 786 Verum
1322 764 1378 797 per
1395 754 1464 797 piae
1481 753 1655 786 memoriae
1673 753 1803 785 Paulum
1834 763 2004 794 patremmeu-

1066 806 1179 850 Papam
1197 807 1219 838 V
1237 813 1374 850 accepto,
1392 807 1560 851 plerosque
1578 817 1613 839 ex
1631 805 1804 839 Ordinariis
1819 791 2004 846 ἶᾎῖῗιιὲῗῒωρῗὲἶ

1066 859 1244 902 praedictis,
1265 859 1369 893 favore
1388 860 1433 892 vel
1450 859 1547 892 nimia
1567 859 1804 902 exposcentium
1818 843 2004 905 ἔιῗιιιὶῗοπὲζῖῗξῧζ

1067 912 1302 955 importunitate
1319 912 1357 945 ad
1373 923 1471 946 novos
1488 918 1659 945 conventus
1679 923 1735 944 seu
1754 912 1806 945 do-
1819 903 1934 922 '⁰¹³⁰‘'³‘'¹‘'

1066 975 1146 1005 mus,
1170 970 1297 1009 praeter
1317 971 1346 998 et
1371 969 1480 999 contra
1494 970 1637 998 tenorem
1654 965 1805 1008 praedicti

1067 1017 1194 1057 decreti,
1213 1017 1379 1060 erigendos
1399 1018 1587 1062 plerumque
1604 1017 1727 1057 adduci,
1744 1028 1806 1060 quo

1067 1070 1100 1102 sit
1124 1075 1168 1110 ut,
1192 1080 1255 1103 non
1279 1070 1385 1103 habita
1413 1070 1517 1104 debita
1537 1071 1806 1113 eleemosynarum

1068 1133 1122 1155 seu
1147 1123 1326 1156 reddituum
1358 1124 1583 1167 cuiuscumque
1608 1124 1807 1163 monasterii,

1068 1182 1248 1217 conventus,
1273 1188 1328 1210 seu
1352 1177 1464 1210 domus
1488 1178 1626 1218 ratione,
1651 1178 1807 1217 monachi,

1068 1240 1124 1262 seu
1139 1231 1262 1271 fratres,
1277 1236 1329 1263 aut
1349 1231 1489 1273 religiosi
1510 1231 1551 1263 ibi
1571 1231 1730 1274 degentes,
1746 1242 1809 1264 ma-

1068 1284 1214 1316 nuteneri
1245 1290 1419 1327 nequeant,
1448 1290 1478 1316 et
1502 1285 1539 1316 ad
1564 1290 1627 1317 tam
1658 1285 1808 1328 exiguum

1068 1348 1236 1370 numerum
1262 1337 1470 1377 reducantur,
1496 1341 1529 1370 ut
1554 1339 1656 1371 cultus
1687 1339 1809 1371 divinus

1068 1391 1099 1424 in
1124 1402 1234 1424 eorum
1256 1391 1395 1423 ecclesiis
1420 1391 1617 1432 destituatur,
1639 1393 1744 1435 ibique
1764 1404 1810 1426 re-

1068 1445 1186 1488 gularis
1210 1445 1385 1489 disciplina,
1410 1450 1442 1477 ut
1459 1446 1613 1487 convenit,
1630 1448 1810 1480 conservari

1067 1509 1130 1531 non
1154 1499 1271 1538 valeam
1297 1510 1384 1531 sacra
1409 1500 1611 1542 congregatio
1637 1501 1809 1535 illustrissi-

1069 1563 1194 1586 morum
1218 1553 1276 1585 DD.
1303 1553 1508 1586 cardinalium
1534 1555 1667 1597 negotiis
1688 1555 1811 1597 regula-

1068 1606 1149 1638 rium
1165 1605 1431 1649 praepositorum‚
1449 1607 1488 1639 ad
1502 1618 1581 1651 quos
1598 1607 1680 1640 idem
1697 1608 1810 1642 Paulus

1068 1659 1149 1702 Papa
1173 1659 1196 1691 V
1229 1660 1390 1702 negotium
1424 1660 1602 1693 huiusmodi
1635 1661 1808 1702 reiecerat,

1050 1722 1051 1727 ¹
1068 1718 1111 1746 tot
1128 1712 1335 1746 incommodis
1348 1713 1470 1745 obviam
1489 1714 1544 1753 ire,
1559 1714 1666 1757 eisque
1683 1715 1810 1758 aliquod

1068 1772 1282 1810 opportunum
1308 1767 1484 1799 remedium
1505 1767 1654 1800 adhibere
1669 1768 1809 1812 cupiens,

1068 1820 1186 1852 decreti
1212 1820 1392 1853 huiusmodi
1418 1820 1556 1853 veriores
1574 1832 1609 1853 ac
1625 1826 1707 1854 totos
1728 1825 1810 1855 teno-

1068 1883 1118 1905 res
1131 1872 1359 1916 praesentibus,
1373 1883 1408 1906 ac
1422 1873 1447 1905 si
1461 1873 1499 1905 de
1512 1873 1609 1906 verbo
1623 1874 1660 1906 ad
1676 1875 1809 1907 verbum

1069 1926 1283 1958 insererentur
1297 1925 1315 1965 ¹,
1345 1937 1404 1970 pro
1435 1927 1525 1970 plene
1558 1932 1587 1959 et
1619 1927 1809 1960 sufficienter

1068 1980 1225 2023 expressis
1250 1980 1385 2020 habens,
1415 1980 1501 2013 vivae
1526 1981 1611 2013 vocis
1643 1981 1772 2014 oraculo
1792 1992 1809 2013 a

1052 2033 1118 2072 ¹SS.
1144 2034 1178 2066 D.
1204 2033 1238 2066 N.
1264 2033 1417 2075 Gregorio
1442 2034 1524 2076 Papa
1548 2034 1598 2066 XV
1622 2034 1740 2074 habito,
1758 2034 1809 2067 de-

1052 2091 1190 2120 ¹cretum
1220 2086 1434 2129 praedictum,
1460 2090 1613 2130 quatenus
1643 2098 1724 2131 opus
1749 2087 1807 2122 sit,

1068 2140 1195 2172 innovat
1218 2145 1248 2172 et
1271 2140 1302 2172 in
1326 2150 1419 2172 usum
1443 2140 1575 2173 reducit.

1114 2194 1128 2237 g
1152 2193 1181 2226 3.
1207 2194 1330 2233 Volens,
1355 2194 1439 2237 quod
1463 2194 1501 2226 de
1527 2199 1632 2227 cetero
1658 2198 1810 2227 monaste·
1855 2202 2009 2229 Annivm-itque

1826 2235 1847 2253 et
1862 2232 1962 2253 extendit.

1070 2353 1265 2397 iuscumque,
1286 2354 1377 2386 etiarn
1396 2354 1652 2395 Mendicantium,
1678 2353 1811 2394 Ordinis,

1071 2407 1228 2440 societatis
1246 2412 1274 2439 et
1292 2407 1435 2447 instituti,
1457 2418 1657 2451 quocumque
1683 2408 1811 2441 nomine

1071 2466 1301 2504 nuncupentur,
1327 2461 1419 2493 etiam
1447 2462 1471 2493 si
1496 2461 1534 2494 de
1560 2462 1620 2494 illis
1643 2462 1812 2505 particula-

1071 2514 1124 2553 ris,
1149 2524 1295 2557 expressa
1319 2518 1349 2547 et
1373 2514 1518 2558 specifica
1536 2515 1653 2548 mentio
1672 2515 1813 2548 habenda

1071 2573 1162 2607 esset,
1188 2568 1219 2600 in
1244 2578 1441 2611 quacumque
1461 2568 1594 2607 civitate,
1618 2568 1666 2600 vel
1684 2569 1812 2612 oppido,

1070 2633 1124 2655 seu
1148 2632 1347 2665 quocumque
1372 2622 1432 2654 alio
1458 2622 1527 2655 loco
1551 2632 1613 2655 non
1632 2623 1804 2665 erigantur,

1106 2687 1116 2712 1
1135 2684 1205 2711 Edit.
1223 2685 1300 2712 Main.
1317 2685 1381 2720 legit
1394 2686 1562 2713 inserentur·
1580 2687 1619 2721 (a.
1634 2686 1683 2721 T.).
1813 2679 1818 2682 ⁴
