2293 3231
298 333 344 359 An,
362 332 391 359 ci
413 331 482 360 ¹622
529 322 592 357 778

297 984 408 1006 obstantia
419 986 479 1006 tollit.

1067 330 1247 355 BULLAmUM

496 391 629 425 cumque
654 381 807 424 eligenda,
833 389 998 412 concessas
1021 388 1089 411 esse
1109 384 1139 411 et
1160 378 1235 419 sore,

496 444 632 478 suosque
650 433 807 477 plenarios
824 438 853 465 et
871 432 1010 475 integros
1027 431 1156 464 effectus
1173 442 1238 465 sor·
1252 472 1254 478 k

497 487 547 520 tiri
573 492 601 520 et
626 486 784 525 obtinere3
810 485 917 528 sicque
938 496 994 528 per
1018 494 1254 530 quoscumque:

497 539 614 572 iudices
639 538 816 571 ordinarios
833 543 862 570 et
878 538 1038 581 delegatos
1051 537 1144 570 etiam
1158 538 1238 571 eius—

496 592 566 625 dem
581 598 705 625 sanctae
719 592 877 625 Romanae
891 591 1048 624 Ecclesiae
1062 591 1237 624 cardinales
1254 615 1255 620 ,

497 645 590 678 etiam
607 645 645 678 de
663 646 759 678 latere
780 645 899 687 legatos
924 649 953 677 et
978 644 1177 687 vicelegatos,
1195 643 1255 676 di·-

497 704 626 744 ctaeque
643 699 731 733 Sedis
752 699 894 738 nuncios,
915 698 1048 731 iudicari
1065 703 1093 730 et
1112 697 1237 731 deliniri

495 753 633 793 debere,
667 763 701 785 ac
734 752 887 797 quidquid
912 763 1003 785 secus
1027 762 1124 796 super
1148 752 1197 784 his
1221 763 1237 784 a

496 817 664 851 quoquam,
687 806 797 850 quavis
821 806 1017 846 auctoritate,
1039 805 1173 838 scienter
1190 805 1237 837 vel

497 861 688 904 ignoranter,
713 859 881 902 contigerit
893 859 1048 899 attentari,
1067 858 1190 891 irritum
1208 863 1239 891 et

497 915 586 948 inane
610 914 692 947 dicta
716 913 901 947 auctoritate
926 913 1086 946 decernas.

541 970 563 1012 ξ.
586 968 637 1002 12.
656 968 724 1001 Non
741 966 935 1001 obstantibus
955 966 1055 1011 priori
1081 966 1239 999 voluntate

496 1025 616 1063 nostra,
633 1022 764 1066 aliisque
776 1021 967 1066 praemissis,
978 1033 1012 1054 ac
1023 1020 1240 1054 Lateranensis

497 1077 621 1111 concilii
641 1076 810 1109 novissime
831 1075 995 1115 celebrati,
1017 1075 1148 1108 uniones
1167 1085 1239 1118 per-

497 1137 606 1176 petuas
633 1131 693 1164 nisi
726 1130 757 1163 in
792 1130 917 1163 casibus
942 1140 959 1161 a
985 1129 1051 1162 iure
1080 1128 1241 1173 permissis

497 1185 566 1218 sieri
586 1183 794 1229 prohibentis,
815 1189 843 1216 et
862 1183 1048 1216 recolendae
1069 1181 1241 1216 memoriae

499 1239 585 1272 Pauli
598 1239 700 1283 Papae
715 1238 750 1279 ll,
768 1249 803 1271 ac
820 1236 1240 1281 quorumcumquealiorum
1257 1251 1259 1258 ι

500 1293 714 1326 Romanorum
743 1291 930 1325 Pontificum
961 1290 1241 1335 praedecessorum

498 1351 698 1386 nostrorum,
723 1346 760 1379 de
781 1346 875 1379 rebus
899 1345 1056 1379 Ecclesiae
1080 1355 1143 1378 non
1166 1344 1241 1377 alie-

498 1400 618 1441 nandis,
635 1410 757 1434 necnon
775 1400 885 1433 similis
904 1399 1076 1432 memoriae
1093 1398 1240 1432 Bonisacii

499 1455 598 1499 Papae
612 1454 677 1487 Vlll
698 1454 792 1487 etiam
812 1453 1066 1498 praedecessoris
1087 1453 1196 1493 nostri,
1213 1457 1241 1486 et

500 1508 569 1541 aliis
594 1507 756 1552 quibusvis
781 1507 874 1540 etiam
900 1507 1080 1550 apostolicis
1102 1512 1129 1539 et
1150 1506 1180 1538 in
1198 1517 1243 1550 sy-

501 1561 666 1596 nodalibus
684 1567 713 1595 ct
729 1560 986 1605 provincialibus,
1000 1559 1243 1592 universalibus-

499 1626 559 1660 que
579 1615 719 1649 conciliis
735 1614 836 1655 editis,
862 1614 1050 1658 specialibus
1073 1613 1118 1646 vel
1140 1623 1238 1656 gene-

500 1669 629 1709 ralibus,
641 1668 917 1702 constitutionibus
930 1673 959 1700 et
973 1667 1240 1701 ordinationibus:

500 1732 623 1756 necnon
647 1721 930 1763 monasteriorum,
952 1721 1112 1765 prioratus
1136 1726 1166 1754 et
1190 1720 1243 1754 Or-

499 1776 581 1809 dinis
601 1775 1054 1821 praedictorum(iuramento,
1073 1775 1242 1808 confirma-

500 1831 583 1864 tione
600 1829 783 1874 apostolica‚
804 1829 851 1862 vel
872 1829 981 1873 quavis
1007 1828 1157 1861 firmitate
1181 1829 1242 1862 alia

500 1883 670 1926 roboratis)
688 1883 811 1917 statutis
830 1888 860 1916 et
877 1882 1169 1923 consuetudinibus,
1183 1883 1244 1926 pri-

502 1938 621 1982 vilegiis
646 1948 793 1982 quoque,
819 1937 947 1970 indultis
972 1942 1001 1970 et
1024 1937 1138 1970 litteris
1161 1947 1244 1981 apo-

500 1992 638 2032 stolicis,
664 1991 745 2034 illis,
771 2001 945 2034 eorumque
969 1990 1188 2035 superioribus
1213 1996 1241 2024 et

500 2045 655 2091 personis,
673 2045 731 2078 sub
752 2045 1003 2089 quibuscumque
1029 2045 1191 2078 tenoribus
1214 2050 1243 2077 ct

501 2099 625 2139 formis,
649 2109 685 2131 ac
709 2109 781 2131 cum
807 2098 969 2141 quibusvis
991 2098 1084 2131 etiam
1109 2098 1243 2142 deroga-

501 2153 654 2187 toriarum
679 2152 899 2195 derogatoriis,
916 2152 1048 2196 aliisque
1063 2152 1245 2185 efficaciori-

500 2207 580 2248 bus,
609 2206 832 2239 efficacissimis
856 2211 885 2238 et
910 2206 1044 2238 insolitis
1073 2205 1242 2246 clausulis,

502 2259 759 2303 irritantibusque
777 2264 807 2292 et
827 2258 894 2291 aliis
918 2258 1064 2300 decretis,
1082 2259 1113 2291 in
1127 2269 1243 2301 genere

502 2314 549 2347 vel
573 2314 604 2346 in
628 2313 743 2357 specie,
768 2313 861 2345 etiam
887 2318 974 2346 motu
997 2313 1140 2356 proprio,
1161 2318 1191 2345 et
1207 2323 1243 2345 ex

502 2368 587 2400 certa
603 2367 732 2400 scientia
758 2377 793 2399 ac
818 2366 855 2399 de
875 2366 1064 2410 apostolicae
1082 2365 1244 2409 potestatis

502 2421 705 2465 plenitudine,
719 2421 812 2454 etiam
827 2420 1096 2459 consistorialiter,
1109 2430 1145 2452 ac
1158 2420 1243 2460 alias,

505 2475 533 2506 in
559 2475 752 2508 contrarium
779 2475 882 2508 t'orsan
910 2473 1147 2518 quomodolibet
1172 2484 1245 2506 eon-

505 2527 621 2566 cessis,
657 2527 838 2571 approbatis
869 2532 899 2559 et
931 2527 1093 2560 innovatis.
1125 2526 1244 2566 Quibus

506 2580 660 2620 omnihus,
685 2580 805 2613 etiamsi
831 2580 869 2613 de
895 2580 965 2620 illis,
985 2590 1159 2623 eorumque
1173 2580 1244 2613 totis

508 2633 679 2673 tenoribus,
697 2633 850 2677 specialis,
867 2634 1028 2677 specifica,
1047 2644 1196 2678 expressa
1215 2638 1243 2666 ct

509 2685 665 2718 individua
690 2697 725 2719 ac
749 2687 786 2719 de
812 2687 908 2719 verbo
939 2687 977 2719 ad
1007 2687 1156 2727 verbum,
1182 2696 1245 2719 non

509 2743 612 2771 autem
636 2749 691 2783 per
715 2740 869 2773 clausulas
893 2741 1055 2783 generales
1081 2741 1163 2774 idem
1187 2740 1245 2773 im-

1271 329 1426 355 ROMANUM

1269 383 1451 422 portantes,
1483 379 1600 412 mentio
1631 388 1685 412 seu
1717 379 1844 423 quaevis
1875 380 1935 413 alia
1957 389 2010 414 ex-

1270 431 1392 474 pressio
1403 431 1550 464 habenda
1558 436 1611 464 aut
1624 431 1727 475 aliqua
1744 432 1900 476 exquisita
1910 433 2011 467 forma

1270 485 1308 517 ad
1334 485 1393 518 hoc
1418 485 1570 518 servanda
1591 486 1688 526 soret,
1713 485 1775 518 illis
1799 485 1875 518 alias
1898 485 1931 518 in
1954 497 2011 520 suo

1270 538 1388 571 robore
1412 538 1649 582 permansuris,
1679 539 1737 571 hac
1761 538 1829 572 vice
1852 538 2014 573 dumtaxat

1271 591 1384 624 harum
1410 591 1491 624 serie
1516 590 1696 635 specialiter
1713 597 1743 624 et
1759 602 1906 636 expresse
1924 591 2014 626 dero-

1271 654 1400 686 gamus,
1428 644 1605 689 ceterisque
1622 644 1789 678 contrariis
1808 644 2014 688 quibuscum-

1271 708 1348 741 que;
1373 703 1425 731 aut
1443 698 1468 731 si
1485 698 1582 742 aliqui
1598 698 1772 743 apostolica
1788 698 1949 743 praedicta
1965 699 2014 733 vel

1272 752 1380 794 quavis
1397 752 1458 784 alia
1476 752 1661 786 auctoritate
1686 752 1716 785 in
1740 752 1824 786 dicta
1848 752 2015 796 collegiata

1272 805 1404 838 ecclesia
1426 805 1458 838 in
1479 805 1648 839 canonicos
1671 806 1734 839 sint
1755 806 1885 850 recepti,
1909 806 1958 840 vel
1981 812 2016 840 ut

1272 858 1467 902 recipiantur
1492 859 1650 900 insistant:
1675 869 1730 892 seu
1747 859 1772 892 si
1789 869 1884 904 super
1908 859 2015 904 provi—

1273 912 1414 945 sionibus
1439 912 1497 945 sibi
1514 913 1664 947 faciendis
1680 913 1718 946 de
1735 913 1971 947 canonicatibus
1986 917 2017 947 et

1273 966 1462 1010 praebendis
1475 966 1576 1000 dictae
1590 967 1772 1010 collegiatae
1785 967 1936 1001 ecclesiae
1948 977 2018 1012 spe·

1274 1019 1378 1060 ciales,
1404 1020 1451 1053 vel
1476 1020 1545 1053 aliis
1570 1020 1733 1053 beneficiis
1750 1019 1970 1054 ecclesiasticis
1985 1020 2018 1053 in

1274 1072 1335 1105 illis
1363 1073 1508 1116 partibus
1537 1074 1700 1117 generales
1723 1073 1825 1107 dictae
1848 1073 1937 1107 Sedis
1964 1078 2018 1107 aut

1275 1128 1452 1171 legatorum
1466 1128 1533 1161 eius
1543 1129 1662 1162 litteras
1672 1128 1882 1173 impetrarint,
1895 1128 2018 1163 etiamsi

1275 1191 1332 1224 per
1356 1192 1408 1214 eas
1425 1182 1464 1216 ad
1479 1182 1709 1223 inhibitionem,
1725 1182 1972 1217 reservationem
1989 1186 2020 1218 et

1275 1234 1448 1273 decretum,
1458 1235 1505 1268 vel
1516 1235 1592 1269 alias
1602 1235 1887 1279 quomodolibetsit
1895 1246 2020 1280 proces-

1275 1298 1346 1320 sum
1358 1288 1425 1331 (sed
1442 1289 1564 1322 nullum
1579 1300 1636 1333 per
1649 1289 1709 1322 hoc
1722 1289 1767 1322 eis
1781 1289 1885 1333 quoad
1899 1299 2020 1323 assecu-

1277 1342 1392 1374 tionem
1406 1342 1632 1375 beneficiorum
1643 1343 1777 1376 aliorum
1789 1342 2018 1386 praeiudicium

1276 1395 1436 1428 volumus¹
1452 1396 1623 1439 generari),
1641 1399 1670 1429 et
1694 1396 1858 1440 quibusvis
1882 1395 1952 1429 aliis
1971 1396 2019 1429 in-

1275 1448 1444 1492 dulgentiis
1455 1455 1483 1482 et
1496 1450 1608 1483 litteris
1617 1449 1808 1494 apostolicis,
1818 1449 2020 1493 generalibus

1276 1503 1323 1535 vel
1349 1503 1547 1546 specialibus,
1572 1513 1850 1549 quorumcumque
1874 1507 2019 1538 tenorum

1275 1556 1425 1597 existant,
1449 1567 1506 1601 per
1530 1568 1610 1601 quae
1634 1557 1855 1602 praesentibus
1878 1567 1942 1591 non
1966 1567 2020 1591 ex-

1275 1621 1402 1654 pressa,
1428 1611 1473 1644 vel
1500 1612 1636 1646 totaliter
1660 1622 1724 1646 non
1748 1611 1866 1645 inserta
1891 1611 2021 1646 effectus

1276 1675 1385 1697 earum
1410 1665 1556 1709 impediri
1582 1666 1681 1699 valeat
1704 1665 1955 1709 quomodolibet,
1972 1666 2021 1700 vel

1276 1718 1407 1760 differri,
1433 1724 1463 1752 et
1486 1719 1524 1752 de
1548 1719 1673 1763 quibus,
1699 1729 1875 1764 eorumque
1891 1719 1963 1754 totis
1981 1722 2021 1754 te-

1275 1772 1408 1806 noribus
1420 1772 1564 1806 habenda
1577 1773 1616 1805 sit
1630 1773 1660 1806 in
1677 1773 1794 1806 nostris
1810 1772 1923 1807 litteris
1937 1783 2021 1807 men-

1276 1825 1319 1858 tio
1337 1825 1490 1869 specialis.

1311 1879 1422 1912 Datum
1443 1879 1578 1920 Romae,
1602 1879 1686 1924 apud
1709 1884 1851 1913 sanctum
1873 1879 2020 1922 Petrum,

1277 1942 1359 1965 anno
1391 1932 1616 1966 incarnationis
1649 1933 1830 1967 Dominicae
1864 1942 2020 1975 mncxxn,

1276 1991 1389 2030 quarto
1413 1986 1563 2020 kalendas
1582 1986 1726 2028 ianuarii,
1747 1986 1948 2031 pontificatus
1964 1997 2022 2022 no-

1277 2041 1334 2075 stri
1351 2051 1433 2076 anno
1450 2051 1481 2075 n.

1314 2123 1372 2151 Dat.
1388 2123 1432 2151 die
1445 2124 1479 2151 29
1494 2123 1648 2152 decembris
1666 2123 1742 2158 1622,
1760 2123 1853 2160 pontif.
1870 2132 1914 2152 au.
1931 2132 1960 2152 tt.

1587 2311 1709 2346 XCLIV.

1280 2420 1358 2462 Reqi
1382 2418 1539 2452 catholico
1557 2419 1697 2462 santellas
1721 2418 1905 2452 conceditur
1919 2418 2022 2462 confe-

1322 2473 1419 2506 rendi
1442 2473 1547 2516 officia
1570 2473 1731 2506 militaris
1749 2472 1884 2506 Ordinis
1903 2483 1959 2506 seu
1977 2483 2022 2506 so-

1322 2527 1448 2560 cietatis
1465 2526 1516 2559 del
1534 2526 1655 2559 Tuison
1671 2530 1764 2559 ecctra
1779 2525 1962 2569 capitulum
1973 2536 2023 2570 ye-

1324 2580 1434 2613 neralc
1467 2580 1611 2613 eiusdem
1650 2579 1784 2613 Ordinis
1825 2588 1877 2612 seu
1915 2578 2021 2613 Socie-

1326 2635 1402 2667 talis
1414 2632 1434 2666 ².

1315 2707 1324 2732 l
1340 2705 1461 2733 Verbum
1472 2706 1602 2732 volumus
1611 2703 1764 2731 addendum
1775 2704 1930 2732 censuimus
1940 2703 2018 2740 (uxr).

1313 2751 1330 2778 2
1350 2749 1386 2778 Ex
1402 2750 1509 2786 Regest.
1525 2749 1553 2776 in
1573 2748 1673 2776 Secret.
1691 2747 1768 2776 Brev.

2006 339 2013 344 ·
2028 331 2078 360 An.
2094 331 2125 360 C.
2145 331 2213 362 tffl
