2293 3231
309 292 359 318 An.
381 291 408 319 e.
430 291 496 320 1612
542 282 607 317 ⁴100

511 346 577 375 stro
608 341 709 374 facere
739 342 903 375 intendunt
934 342 1050 384 (veluti
1079 342 1117 375 de
1149 342 1252 376 dando

510 394 709 439 quindecim,
736 396 782 429 vel
808 395 916 438 viginti
941 395 1014 429 solia
1038 406 1096 439 pro
1120 395 1251 436 ducato,

510 449 551 481 ita
576 455 606 481 ut
634 460 803 494 personae,
829 460 899 482 eum
933 449 1047 493 quibus
1070 455 1166 492 agunt
1181 477 1188 490 ,
1213 450 1251 483 dc.

510 501 598 535 lucro
624 503 834 546 ljnii·ticipent)
853 502 910 535 sub
928 504 1029 546 poena
1049 503 1250 546 privationis3

509 555 563 588 sed
589 561 688 589 totum
706 555 856 599 quicquid
872 561 941 600 post
959 557 1163 590 commissam
1181 568 1252 590 cau-

508 619 575 642 sam
600 609 797 650 convenerit,
816 609 922 654 ’artis
946 610 1100 644 beneficio
1126 611 1252 656 penitus

508 662 606 695 cedat.

553 715 603 749 27.
622 715 803 750 Mandantes
819 717 967 751 omnibus
984 723 1013 751 et
1033 718 1252 762 singulisiudi-

508 768 596 801 cibus
623 773 651 801 ct
677 769 875 803 auditoribus
899 771 1068 815 praedietis
1093 773 1151 805 sub
1175 772 1252 806 indi-

507 821 664 864 gnationis
681 828 808 856 nostrae
830 827 945 868 poena,
964 830 995 858 ut
1019 836 1078 869 pro
1102 827 1252 870 praemis-

507 885 616 908 sorum
643 875 815 910 inviolabili
839 878 1058 913 observatione
1088 880 1118 912 in
1147 881 1251 913 causis

507 939 616 962 coram
643 929 688 962 eis
720 930 759 963 ad
791 941 942 975 praesens
966 932 1191 976 pendentibuS,
1221 939 1249 967 et

506 992 586 1026 quae
598 983 802 1027 inposterum
820 995 878 1028 pro
896 990 1041 1030 tempore
1058 987 1249 1030 pendebunt,

506 1036 592 1069 nulla
616 1037 717 1078 aliter,
735 1049 829 1081 quam
848 1045 879 1071 ut
902 1041 1091 1083 praefertur,
1109 1042 1248 1074 confecta

506 1090 641 1133 registra
670 1097 698 1124 ct
727 1097 885 1126 extractus
916 1093 1082 1128 admittant
1112 1100 1141 1127 et
1173 1095 1250 1129 reei-

505 1143 602 1187 piant,
628 1145 691 1178 imo
716 1145 768 1178 illa
793 1151 953 1190 tamquam
986 1147 1017 1180 in
1045 1148 1187 1181 traudem
1213 1159 1249 1182 ae

505 1196 656 1230 damnum
672 1199 810 1242 partium
824 1200 1014 1243 litigantium
1030 1203 1169 1235 confecta
1180 1202 1249 1235 reii-

505 1251 598 1292 ciant,
628 1263 766 1297 suosque
790 1255 948 1295 notarios,
972 1260 1005 1288 ut
1031 1261 1190 1289 extractus
1219 1262 1249 1289 et

506 1305 642 1348 registra
666 1307 849 1341 huiusmodi
867 1308 952 1341 iuxta
976 1310 1151 1352 praemissa
1177 1321 1248 1343 con-

505 1358 628 1400 ficiant,
653 1365 767 1404 cogant
791 1367 821 1394 et
850 1363 1038 1406 compellant
1054 1391 1061 1404 ,
1086 1369 1190 1407 atque,
1215 1370 1245 1397 ut

506 1412 557 1445 illa
582 1414 790 1449 observentur
822 1416 1005 1460 diligentem
1030 1429 1139 1450 curam
1164 1417 1248 1450 adhi—

505 1467 608 1500 beant.
634 1469 812 1503 Districtius
837 1470 1042 1504 nihilomnius
1071 1471 1247 1505 inhibentes

505 1522 636 1555 notariis
662 1522 737 1566 ipsis
763 1524 835 1567 (sub
860 1525 945 1557 mille
965 1525 1153 1558 ducatorum
1178 1527 1246 1559 auri

505 1574 543 1608 de
568 1579 707 1618 camera,
732 1578 847 1621 partim
873 1579 1016 1623 partibus
1042 1580 1247 1622 litigantibus,

505 1629 619 1671 partim
651 1640 796 1663 camerae
827 1632 1019 1675 apostolicae
1051 1634 1248 1677 applicando-

504 1692 598 1723 rum,
623 1694 658 1716 ac
691 1684 876 1728 privationis
906 1691 935 1719 et
959 1687 1139 1720 amissionis
1163 1693 1248 1721 nota—

505 1735 602 1768 riatus
627 1748 685 1780 per
701 1749 934 1782 quemcumque
959 1741 1245 1774 contravenientem

504 1799 542 1822 eo
567 1789 635 1833 ipso
653 1790 851 1825 incurrendis
874 1794 996 1837 poenis)
1017 1804 1055 1826 ne
1078 1794 1115 1827 de
1140 1800 1246 1827 cetero

506 1843 535 1874 in
560 1844 673 1885 causis,
700 1845 730 1877 in
754 1846 870 1889 quibus
890 1847 1004 1880 notarii
1028 1848 1166 1891 deputati
1185 1850 1247 1881 l'uc-

504 1896 567 1930 rint
591 1901 619 1930 et
645 1898 828 1942 scripserint
852 1901 986 1943 registra
1018 1906 1046 1934 ct
1077 1907 1245 1943 extractus,

504 1950 595 1983 aliter
618 1962 713 1995 quam
740 1958 771 1985 ut
801 1954 999 1997 praeter-tur,
1030 1955 1178 1988 omnibus
1202 1967 1247 1989 se—

504 2004 598 2036 motis
628 2005 811 2047 fraudibus,
837 2008 993 2041 conficere
1024 2009 1157 2043 audeant
1191 2021 1244 2043 seu

504 2064 717 2101 praesumant.
744 2061 895 2093 Volumus
925 2067 1028 2095 tamen
1061 2068 1091 2096 ct
1122 2064 1246 2097 manda-

505 2122 585 2152 mus,
610 2113 694 2156 quod
719 2114 913 2156 guberuator
937 2116 1029 2149 Urbis
1059 2123 1089 2150 et
1120 2117 1245 2151 auditor

505 2175 649 2199 camerae
679 2168 868 2201 cumulative
893 2169 1010 2212 possint
1037 2175 1066 2203 et
1090 2170 1244 2212 debeant,

505 2219 598 2251 etiam
624 2231 659 2253 ex
685 2221 789 2254 ellicio
814 2227 843 2254 ct
868 2223 1009 2265 partibus
1026 2234 1089 2257 non
1107 2225 1246 2258 instanti-

504 2271 573 2312 bus,
599 2273 756 2317 inquirere
781 2275 874 2308 ctiam
904 2278 1181 2311 extraiudicialitcr
1215 2284 1242 2311 et

505 2335 599 2358 manu
624 2327 720 2370 regia,
739 2339 777 2361 an
795 2330 910 2362 notarii
927 2331 1064 2363 cuiusvis
1080 2331 1245 2365 tribunalis

504 2380 677 2422 praemissa
702 2387 837 2424 servent,
854 2388 883 2416 et
908 2385 1180 2417 contravenientes
1198 2397 1246 2419 su-

505 2432 654 2475 pradictis
678 2436 787 2479 poenis
810 2437 933 2481 punire,
950 2444 1043 2482 prout
1064 2439 1157 2471 etiam
1175 2439 1246 2483 ipsi-

505 2491 570 2519 met
594 2488 715 2522 scribae
739 2495 935 2525 extractuum
961 2498 988 2525 et
1015 2493 1243 2536 mgistrorum,

504 2540 558 2583 qui
584 2541 614 2573 in
645 2542 707 2575 illis
736 2544 910 2578 scribendis
933 2547 1107 2590 praemissa
1138 2547 1244 2581 onmia

504 2603 567 2627 non
592 2597 794 2639 servaverint,
811 2600 932 2642 possint
947 2600 987 2633 ab
1003 2601 1115 2634 iisdem
1132 2612 1243 2635 eorum

505 2647 637 2681 arbitrio
662 2651 770 2693 poenis
794 2653 908 2695 puniri,
925 2664 987 2687 non
1013 2655 1155 2689 obstante
1172 2666 1245 2700 qua-

506 2702 551 2736 vis
560 2703 777 2747 appellatione,
791 2707 1024 2750 reclamatione,
1036 2714 1089 2742 aut
1100 2720 1241 2744 recursu.

1100 294 1278 319 nrm-Amen
1303 294 1457 319 ROMANUM

1602 342 1617 386 ἐ
1641 342 1716 376 XXI.

1374 424 1420 457 De
1436 423 1622 458 cursoribus
1639 427 1668 457 et
1687 423 1936 457 mandatariis¹.

1330 503 1358 536 sl.
1384 503 1535 537 Cursores
1563 508 1593 536 et
1617 503 1803 537 mandatarii
1835 503 2028 548 quicumque

1285 568 1396 591 eorum
1413 557 1552 591 officium
1570 556 1723 599 fideliter,
1740 563 1771 591 et
1786 559 1832 599 ea,
1849 568 1911 602 qua
1927 557 2027 598 decet,

1285 611 1475 655 integritate,
1499 610 1671 654 diligentia,
1699 611 1832 656 peritia,
1861 616 1891 644 et
1914 610 2029 645 discre-

1286 664 1369 698 tione
1393 670 1568 698 exerceant.

1329 718 1358 752 ⁶2.
1377 719 1423 752 Ad
1441 718 1523 752 dicta
1540 718 1642 752 officia
1658 728 1722 752 non
1739 718 1946 752 admittantur
1959 728 2028 763 per-

1286 782 1381 806 sonae
1406 778 1569 816 suspectae
1598 771 1636 805 de
1668 771 1820 812 salsitate,
1844 777 1874 805 et
1898 771 1951 816 qui
1976 781 2028 804 ne—

1286 826 1383 860 sciant
1410 827 1515 869 legere
1547 827 1593 859 vel
1627 825 1766 859 scribere
1793 825 1907 866 latine,
1924 835 2027 870 neque

1285 880 1402 913 infirmi
1431 890 1494 914 non
1526 880 1664 913 valentes
1695 879 1858 912 ambulare
1889 878 2027 923 propriis

1284 933 1426 977 pedibus,
1451 934 1498 967 vel
1524 944 1613 967 senes
1638 932 1825 967 excedentes
1849 942 1966 965 annum
1983 942 2028 965 se-

1285 987 1490 1030 xagesimum.

1327 1040 1356 1074 3.
1374 1042 1526 1075 Cursores
1543 1041 1666 1075 solitam
1684 1046 1711 1074 et
1731 1040 1868 1074 debitam
1882 1040 2027 1074 assisten-

1283 1094 1358 1127 tiam
1377 1095 1699 1139 irreprehensibiliter
1716 1095 1893 1135 observent,
1911 1093 2027 1127 consis-

1283 1148 1362 1181 toria
1391 1149 1516 1193 publica
1547 1154 1578 1182 et
1608 1148 1748 1193 privata,
1772 1158 1831 1181 nee
1857 1158 1921 1181 non
1949 1147 2026 1181 alias

1282 1203 1496 1236 solemnitates
1513 1208 1541 1236 et
1560 1203 1664 1236 divina
1688 1202 1790 1236 officia
1815 1201 1955 1235 intimari
1978 1211 2026 1234 so-

1283 1256 1346 1297 lita,
1363 1256 1498 1289 fideliter
1515 1256 1620 1290 debito
1637 1261 1781 1300 tempore
1798 1255 1944 1289 intiment
1960 1265 2026 1288 car-

1282 1309 1448 1351 dinalibus,
1462 1316 1493 1343 et
1510 1310 1578 1343 aliis
1601 1310 1716 1354 quibus
1732 1314 1888 1350 tenentur,
1905 1308 2024 1352 absque

1282 1364 1414 1407 praemii
1432 1369 1459 1396 et
1479 1363 1634 1397 mercedis
1647 1363 1780 1397 alicuius
1797 1362 2024 1407 expectatione,

1281 1417 1340 1450 nisi
1366 1417 1458 1450 solita
1483 1417 1655 1460 antiquitus
1679 1422 1707 1449 et
1734 1417 1885 1450 consueta
1897 1414 1918 1448 ⁹.

1325 1470 1354 1503 4.
1372 1471 1541 1505 Citationes
1555 1476 1583 1503 et
1603 1470 1816 1504 intimationes
1831 1469 2024 1513 personales,

1282 1525 1328 1557 vel
1353 1525 1392 1557 ad
1417 1525 1558 1563 domum,
1576 1525 1624 1558 vel
1649 1524 1681 1557 in
1698 1524 1794 1557 valvis
1823 1528 1853 1556 et
1869 1523 1947 1556 loeis
1970 1533 2024 1567 pu-

1280 1578 1381 1620 blicis,
1399 1584 1462 1611 tam
1476 1589 1623 1612 cursores
1639 1589 1733 1622 quam
1751 1577 1948 1618 mandatarii,
1965 1587 2023 1621 pro

1281 1643 1392 1665 eorum
1417 1632 1520 1666 officio
1546 1637 1576 1665 et
1600 1632 1697 1665 curiis
1721 1632 1836 1676 quibus
1865 1631 2022 1671 serviunt,

1281 1686 1416 1720 t‘idcliter
1441 1691 1471 1719 et
1495 1692 1617 1720 mature
1649 1686 1780 1726 saciant,
1805 1690 1835 1719 et
1859 1685 1954 1718 saetas
1977 1694 2024 1717 re-

1282 1742 1390 1782 serant,
1416 1747 1446 1774 et
1471 1746 1579 1774 contra
1603 1740 1749 1785 proprias
1772 1749 1934 1784 personas,
1958 1747 2022 1771 non

1280 1794 1457 1839 suppositas
1472 1822 1479 1835 ,
1504 1795 1551 1827 vel
1576 1794 1686 1834 salsas,
1711 1799 1763 1826 aut
1793 1803 1857 1826 non
1880 1791 2022 1835 cognitas

1279 1860 1336 1892 per
1360 1859 1424 1889 eos,
1441 1848 1498 1881 suh
1521 1850 1622 1892 poena
1645 1847 1825 1880 amissionis
1849 1846 1953 1880 officii.
1975 1846 2022 1887 Et,

1279 1903 1406 1946 quando
1429 1913 1583 1947 personae
1608 1902 1750 1936 citandae
1773 1901 1818 1934 eis
1842 1905 1934 1934 notae
1958 1910 2021 1933 non

1280 1962 1365 1997 sinit,
1390 1967 1453 1990 non
1476 1956 1641 1990 assertioni
1665 1956 1782 2000 partis,
1807 1955 1861 1989 sed
1884 1954 2021 1988 duorum

1280 2010 1405 2043 testium
1434 2010 1615 2043 testimonio
1639 2010 1678 2043 de
1702 2008 1901 2043 citandorum
1925 2008 2022 2053 quali-

1280 2068 1341 2097 tate
1376 2074 1482 2097 veram
1516 2064 1659 2097 notitiam
1695 2063 1878 2097 habentium
1895 2062 1906 2079 ³
1937 2067 2022 2096 stare

1279 2117 1430 2158 debeant3
1467 2118 1542 2151 alias
1582 2117 1825 2161 exequutionem
1865 2115 2021 2150 citationis

1278 2172 1390 2212 facere,
1407 2172 1454 2205 vel
1472 2171 1585 2205 saetae⁴
1602 2165 1720 2205 referre
1737 2181 1800 2205 non
1814 2170 1948 2204 debeant
1962 2169 2021 2203 sub

1279 2225 1372 2258 simili
1398 2227 1516 2269 poena;
1543 2231 1573 2258 et
1597 2236 1655 2269 pro
1687 2225 1821 2258 falsariis
1844 2223 2021 2257 habeantur

1278 2279 1472 2312 coutrarimu
1490 2279 1638 2312 facientes
1648 2290 1656 2319 ;
1674 2279 1798 2323 sintque
1810 2279 1924 2311 statuta
1941 2287 2021 2310 mer-

1278 2333 1353 2366 cede
1378 2333 1527 2374 contenti‚
1545 2344 1640 2367 novas
1657 2332 1802 2376 angarias
1818 2341 1882 2365 non
1896 2330 2020 2371 saciant,

1278 2397 1380 2431 neque
1405 2387 1562 2421 inducant.

1315 2450 1326 2475 1
1350 2448 1415 2476 Vide
1435 2449 1516 2477 etiam
1535 2448 1638 2484 pluries
1658 2448 1703 2476 cit.
1723 2447 1815 2476 Const.
1831 2453 1894 2475 Lxxt
1916 2446 1956 2475 Pii
1975 2446 2018 2482 lv,

1278 2493 1290 2527 ἓ
1307 2493 1340 2521 78
1355 2497 1383 2521 et
1401 2502 1460 2529 seq.
1477 2494 1504 2520 in
1520 2497 1584 2522 tom.
1600 2499 1646 2528 vn,
1662 2501 1724 2530 pag.
1740 2492 1792 2520 223
1807 2496 1844 2528 (n.
1861 2499 1887 2521 Τ.
1903 2501 1935 2520 ex
1950 2491 2019 2520 Che-

1278 2538 1406 2572 rubinio).

1311 2583 1328 2610 2
1348 2583 1444 2611 Nescio
1463 2591 1496 2610 an
1517 2591 1570 2611 non
1595 2583 1665 2611 foret
1689 2583 1833 2619 legendum
1857 2583 1959 2612 solitae
1962 2602 2018 2610 .....

1277 2631 1426 2657 consuetae
1444 2635 1541 2664 nempe
1559 2628 1698 2657 mercedis
1717 2630 1758 2662 (R.
1773 2628 1822 2663 T.).

1312 2673 1328 2701 3
1343 2674 1491 2708 Perperam
1501 2672 1565 2701 edit.
1578 2674 1662 2701 Main.
1679 2673 1744 2710 legit
1756 2673 1907 2702 habentem
1919 2674 1956 2710 (n.
1967 2673 2017 2708 τ.).

1311 2719 1327 2747 4
1346 2719 1447 2748 Forsan
1466 2719 1613 2756 legendum
1631 2721 1741 2755 factam
1760 2720 1798 2755 (a.
1815 2720 1864 2755 T.).

2035 294 2089 322 An.
2108 293 2139 322 C.
2157 293 2227 323 1612

2250 0 2293 103 ξ

2271 107 2291 151 'q'

2259 297 2267 314 ἶ

2267 167 2290 207 ‘t

2264 238 2283 279 ἲ

2260 282 2288 524 Ξ

2271 1606 2276 1617 e
2272 1546 2275 1554 Α
2266 1332 2278 1518 i4·..e-„›e.4*
2269 1272 2279 1315 ει-
2274 1244 2279 1258 ᾳ
2261 928 2282 1231 „·⁴1.,.7..‚m2
