2293 3231
88 280 136 310 An.
157 279 187 308 fl.
204 278 271 309 1618

143 659 274 681 Reeusantes

90 687 116 707 ab
155 684 274 706 ordinariis

90 713 134 734 vult
147 711 251 737 compelli.

117 1453 149 1474 lta
163 1455 240 1478 tamen.
253 1456 275 1474 ut

89 1483 175 1506 praeter
188 1486 275 1502 eonces-

90 1507 170 1528 sionem
180 1513 220 1528 non
231 1512 275 1533 gra·

91 1535 171 1554 ventur.

133 2197 160 2219 1⁴22
173 2196 277 2223 paeuniao

95 2224 225 2253 colligendae
257 2224 277 2244 in

95 2252 237 2277 praescriptos
256 2256 277 2270 u-

95 2283 130 2298 sus
171 2277 290 2298 dumtaxat.

95 2306 249 2325 convertantur.

927 282 1046 308 PAULvs
1071 283 1091 307 V
1113 283 1162 308 ΓΡ.

287 336 410 361 summa
435 327 542 361 decem
573 331 602 362 et
634 333 704 362 octo
734 328 911 362 millionum
939 339 1028 362 num-

288 391 413 414 morum
435 390 603 414 aureorum
631 383 769 414 confecta
793 382 884 414 suerit
901 409 908 421 ,
933 383 1029 415 ecclc-

288 433 403 466 siastici
428 434 579 477 praedicti
605 434 739 477 amplius
764 434 973 473 contribuere,
1000 426 1045 467 eti

288 486 403 519 dictam
428 486 595 530 gabellum,
621 499 676 520 scu
700 488 816 525 Sisam,
838 494 868 520 ut
895 478 1045 531 practer-¹

290 546 350 581 tur,
384 541 505 573 solvere
536 551 598 573 non
635 542 784 576 debeant,
814 552 848 573 ac
879 551 1028 585 praesens

289 593 389 636 gratia
414 604 451 626 eo
477 594 545 637 ipso
570 594 701 637 expiret.

334 645 348 688 ξ
372 645 401 678 4.
428 646 652 685 Decernentes‚
673 647 756 689 quod
782 656 890 679 omnes
916 652 942 679 et
970 647 1028 678 sin-

289 698 353 741 guli
379 699 579 732 ecclesiastici
601 699 751 742 praedicti
769 704 958 739 recusantes,
976 710 1029 743 op-

288 751 432 794 portunis
455 752 533 784 iuris
558 756 585 785 et
610 753 680 785 t'acti
706 752 864 793 remediis,
890 752 1045 786 adliibitai

288 809 392 837 tamen
416 804 654 839 Ordinariorum
680 806 963 839 ecclesiasticorum
988 807 1029 839 lo-

289 868 398 890 corum
424 858 608 891 auctoritate
635 864 714 899 (non
739 863 842 890 autem
874 869 931 901 per
960 869 1030 891 exa-

289 916 393 944 ctores
411 911 551 945 eiusdem
566 912 716 954 gabellee,
734 922 788 944 seu
805 911 906 949 Siscte,
927 922 1028 955 neque

287 974 344 1007 per
379 974 595 1008 quoscumque
630 965 748 997 iudices
784 969 836 996 aut
867 964 1027 997 ministros

289 1015 463 1056 seculares,
489 1022 539 1049 aut
566 1027 671 1050 coram
697 1016 836 1049 eisdem¹
861 1017 1026 1057 iudicibus,

289 1074 319 1102 et
330 1069 482 1102 ministris
495 1070 701 1108 secularibus,
715 1070 773 1102 suh
786 1072 889 1114 poena
907 1080 1029 1103 excom-

289 1122 509 1156 municationis
526 1123 663 1163 maioris,
680 1133 737 1155 nec
754 1132 817 1155 non
834 1122 902 1155 aliis
919 1122 1028 1166 poenis
1044 1143 1045 1148 ,

289 1187 305 1207 a
337 1175 434 1208 sacris
477 1176 648 1209 canonibus
691 1180 721 1208 et
753 1176 1028 1209 constitutionibus

289 1229 467 1273 apostolicis
503 1229 628 1262 inflictis
665 1234 693 1262 et
731 1229 928 1262 comminatis
960 1231 1028 1272 ipso

289 1283 368 1316 sacto
394 1283 612 1320 incurrendis,
638 1283 797 1316 conveniri
822 1284 909 1316 nullo
934 1284 1027 1317 modo

289 1335 432 1376 debeant,
457 1336 512 1369 sed
536 1347 643 1369 coram
665 1335 832 1380 praedictis
857 1336 1029 1369 Ordinariis

290 1389 507 1423 ecclesiasticis
525 1395 670 1431 tantuin),
688 1390 835 1433 compelli
853 1391 984 1424 valeant.

335 1444 349 1487 ξ
375 1443 403 1475 5.
429 1443 547 1482 Quibus
574 1443 747 1476 Ordinariis
772 1443 911 1476 districtc
938 1455 1028 1487 prae-

290 1495 436 1540 cipiendo
456 1496 653 1535 mandamus,
672 1502 714 1536 ut,
733 1495 828 1528 diunt
847 1496 952 1529 iudicii
971 1508 1031 1529 mc-

290 1559 405 1589 mores,
430 1559 468 1582 ne
493 1549 694 1582 ecclesiastici
721 1549 870 1589 indebite,
896 1556 923 1582 et
948 1551 1031 1594 plus-

289 1613 382 1646 quam
407 1603 499 1642 laici‚
521 1612 578 1635 nee
609 1603 689 1635 ultra
722 1603 942 1636 continentiam
975 1614 1030 1636 no-

289 1661 427 1689 strarum
451 1655 627 1688 litterarum
654 1661 833 1698 graventur,
855 1667 949 1700 super
968 1667 1030 1699 quo

289 1709 475 1743 eorumdem
501 1710 593 1743 etiam
612 1709 653 1743 Oi
656 1710 755 1743 dumi
749 1721 796 1743 101
800 1721 852 1743 um
874 1721 948 1743 cons
951 1711 1032 1743 cien-

290 1763 364 1796 tiam
396 1765 741 1805 011e1amus,omnino
775 1764 976 1808 proxideant,
1003 1771 1048 1797 ct

290 1822 399 1850 cont1a
416 1817 542 1850 eosdem
561 1817 788 1850 ecclesiasticos
805 1828 838 1850 ic
842 1823 986 1850 cusantes
1003 1822 1031 1851 ct

290 1871 452 1913 regulares
477 1874 507 1903 et
531 1877 692 1914 exemptos
717 1882 752 1903 as
780 1871 869 1903 nobis
901 1876 931 1903 et
955 1867 1048 1914 Apo-i

291 1923 416 1957 stolicae
455 1923 525 1956 Sedi
563 1923 742 1956 immediate
785 1924 961 1963 subiectos,
994 1924 1031 1956 ad

291 1987 523 2021 quamcumque
554 1977 727 2020 simplicem
754 1978 938 2010 eorumdem
965 1987 1048 2010 exa-i

292 2033 412 2063 ciorum
446 2030 702 2073 requisitionem,
728 2031 931 2074 excquutive,
956 2040 1048 2074 qua-¹

292 2093 427 2126 cumque
451 2083 660 2127 appellatione
685 2086 822 2123 remota,
848 2078 1049 2118 aiu-toritatet

293 2138 399 2169 nostra
424 2136 605 2179 procedant.

337 2190 352 2233 ξ
376 2190 404 2223 6.
432 2189 581 2222 Volumus
606 2193 727 2228 autem,
755 2194 784 2222 ut
816 2189 964 2232 pecuniae
996 2200 1032 2223 ex

292 2242 452 2286 praedicto
477 2242 638 2275 subsidio‘z
659 2248 688 2274 et
713 2243 847 2284 gabellii,
869 2253 922 2275 seu
947 2243 1030 2283 Sis«,

293 2300 325 2329 ut
349 2296 537 2339 praefert-ur,
555 2306 571 2327 a
592 2295 683 2327 dictis
700 2295 919 2328 ecclesiasticis
935 2286 1051 2338 perci-i

293 2349 406 2393 pienda
421 2376 429 2389 ,
454 2348 485 2381 in
509 2348 585 2381 alios
610 2358 684 2380 usus
699 2375 706 2385 ,
739 2359 831 2391 quam
864 2341 1051 2381 catholicae*

294 2402 456 2445 religionis
481 2401 670 2434 defensionis
695 2407 721 2433 et
749 2401 944 2434 obedientiae
966 2412 1036 2434 con—

1062 330 1181 363 latenus
1195 333 1428 370 convertantur,
1442 337 1537 373 super
1551 338 1614 373 quo
1630 328 1800 361 maiestatis

1044 405 1045 422 2
1063 389 1131 416 tuae
1150 383 1371 416 conscientiam
1390 393 1568 416 oneramus.

1107 438 1120 478 ιζ’
1142 436 1168 467 7.
1196 437 1262 469 Non
1288 436 1485 469 obstantibus
1516 445 1687 477 regnorum
1713 445 1802 479 prae-

1062 488 1217 521 dictorum
1244 488 1366 521 statutis
1390 494 1420 520 ct
1447 487 1741 527 consuetudinibus,
1766 498 1799 519 ac

1063 541 1338 574 constitutionibus
1359 547 1386 573 ct
1412 540 1662 574 ordinationibus
1681 545 1802 584 aposto-

1064 593 1140 634 licis,
1159 595 1251 627 ctiam
1273 595 1302 626 in
1328 594 1489 637 quibusvis
1515 592 1714 637 generalibus
1731 603 1802 626 con-

1063 646 1141 678 ciliis
1171 647 1278 685 editis,
1304 646 1475 690 privilegiis
1508 657 1649 690 quoque,
1675 645 1802 679 indultis

1063 705 1092 731 ct.
1117 699 1227 733 litteris
1258 700 1456 743 apostolicis,
1482 700 1610 741 regnis,
1641 699 1800 743 personis,

1062 753 1216 796 capitulis,
1243 753 1451 792 monasteriis,
1473 752 1687 788 conventibus.
1713 752 1803 785 colle-

1062 805 1131 847 giis,
1149 809 1178 838 et
1193 805 1261 837 aliis
1278 805 1456 849 praedictis,
1473 805 1530 837 sub
1551 805 1802 848 quibuscumque

1062 858 1223 890 tenoribus
1256 864 1282 890 et
1317 858 1445 898 formis,
1472 869 1507 890 ac
1537 869 1608 891 cum
1640 858 1802 901 quibusvis

1062 910 1155 942 etiam
1181 911 1456 953 derogatoriarum
1482 910 1702 952 derogatoriis,
1722 910 1802 943 aliis-

1062 974 1121 1007 que
1147 963 1376 997 efficacioribus
1394 969 1423 995 et
1440 963 1573 996 insolitis
1591 963 1750 1002 clausulis,
1767 974 1803 995 ac

1062 1016 1258 1049 irritantibus
1288 1022 1317 1049 et
1348 1016 1415 1049 aliis
1447 1016 1602 1053 decretis,
1628 1015 1658 1047 in
1687 1025 1803 1058 genere

1062 1070 1109 1102 vel
1129 1070 1161 1107 in
1185 1070 1300 1113 specie..
1317 1079 1351 1102 ac
1368 1069 1443 1101 alias
1457 1069 1487 1101 in
1505 1068 1699 1102 contrarium
1712 1079 1803 1112 prae-

1062 1123 1232 1155 missorum
1247 1122 1482 1165 quomodolibet
1508 1121 1675 1161 concessis,
1693 1121 1804 1154 confir-

1063 1176 1163 1215 matis,
1190 1181 1220 1208 et
1244 1176 1442 1219 approbatis;
1468 1175 1581 1219 quibus
1607 1175 1753 1207 omnibus
1773 1181 1803 1207 et.

1063 1229 1205 1271 singulis,
1231 1230 1323 1262 etiam
1350 1230 1373 1262 si
1400 1240 1456 1273 pro
1483 1229 1610 1262 illorum
1636 1229 1801 1262 sufficienti

1044 1279 1264 1330 {derogatione
1290 1283 1327 1316 de
1346 1283 1405 1315 illis
1427 1293 1600 1326 eorumque
1626 1283 1698 1315 totis
1722 1288 1803 1315 teno-

1064 1337 1151 1369 ribus
1176 1336 1340 1380 specialis,
1366 1335 1513 1379 specifica
1539 1342 1568 1368 et
1592 1346 1742 1379 expressa
1767 1346 1800 1368 ac

1044 1400 1046 1405 ¹
1063 1389 1100 1421 de
1121 1390 1216 1422 verbo
1234 1390 1271 1421 ad
1290 1390 1430 1430 verbum,
1448 1400 1510 1421 non
1528 1394 1631 1421 autem
1650 1399 1706 1432 per
1724 1389 1804 1421 clau-

1063 1444 1146 1475 sulas
1167 1444 1330 1485 gcnerales
1349 1443 1431 1475 idem
1450 1443 1667 1486 importantes,
1685 1442 1802 1474 mentio

1064 1507 1118 1528 seu
1143 1497 1271 1539 quaevis
1305 1496 1365 1529 alia
1400 1496 1560 1539 expressio
1585 1495 1726 1528 habenda
1751 1500 1799 1527 aut

1063 1550 1167 1593 aliqua
1191 1550 1249 1582 alia
1275 1550 1428 1593 exquisita
1457 1551 1559 1582 forma
1589 1549 1627 1581 ad
1659 1549 1718 1581 hoc
1743 1559 1804 1581 ser-

1064 1604 1162 1635 vanda
1186 1604 1282 1641 soret,
1309 1606 1431 1636 tenores
1456 1602 1635 1635 huiusmodi
1661 1612 1804 1645 praesen-

1064 1657 1145 1690 tibus
1171 1668 1230 1700 pro
1255 1657 1411 1700 expressis
1430 1661 1457 1688 et
1475 1656 1513 1688 ad
1532 1656 1661 1688 verbum
1679 1655 1804 1688 insertis

1065 1710 1231 1750 habentes⁷
1256 1711 1317 1742 illis
1342 1710 1417 1742 alias
1448 1709 1480 1742 in
1505 1720 1561 1741 suo
1594 1709 1711 1742 robore
1736 1720 1804 1752 per-

1065 1764 1243 1799 mansuris,
1268 1764 1325 1795 hac
1352 1763 1418 1795 vice
1443 1763 1602 1796 dumtaxat
1628 1761 1806 1805 specialiter

1065 1822 1093 1848 et
1111 1827 1258 1860 expresse
1276 1817 1474 1859 derogamus5
1496 1815 1670 1858 ceterisque
1687 1819 1807 1848 contra-

1047 1906 1048 1912 ¹
1064 1869 1119 1901 riis
1143 1869 1405 1912 quibuscumque.

1110 1923 1124 1965 ξ
1149 1924 1177 1954 ὅ.
1205 1923 1242 1955 [t
1261 1929 1363 1955 autem
1385 1927 1566 1965 praesentes
1584 1927 1708 1955 nostrae
1729 1922 1806 1955 litte-

1065 1976 1144 2016 riae,
1170 1986 1240 2008 cum
1263 1986 1341 2019 opus
1365 1975 1476 2013 suerit,
1502 1975 1539 2007 ad
1565 1974 1705 2008 omnium
1730 1975 1807 2007 noti-

1066 2030 1140 2062 tiam
1160 2029 1280 2062 t‘acilius
1293 2029 1439 2061 devenire
1453 2028 1582 2071 possint,
1595 2028 1805 2067 decernimus,

1067 2088 1097 2114 ut
1113 2093 1222 2114 earum
1236 2082 1397 2125 exemplis,
1414 2081 1508 2114 etiam
1526 2081 1697 2125 impressis,
1712 2091 1806 2113 manu

1066 2135 1197 2167 alicuius
1219 2135 1331 2180 notarii
1357 2134 1474 2178 publici
1496 2134 1692 2177 subscriptis,
1718 2139 1746 2166 et
1771 2133 1807 2166 si-

1049 2268 1050 2282 ,
1067 2241 1189 2273 siastica
1204 2241 1390 2273 constitutae
1405 2239 1544 2279 munitis,
1557 2240 1665 2272 eadem
1677 2249 1807 2282 prorsus

1067 2294 1144 2326 tides
1169 2293 1368 2333 adhibeatur,
1394 2304 1473 2335 quac.
1498 2293 1614 2325 eisdem
1640 2292 1808 2336 praesenti-

1067 2346 1125 2378 bus
1150 2346 1370 2385 adhiberetur,
1396 2346 1421 2378 si
1453 2347 1554 2378 soreut
1583 2345 1736 2377 exhibitae
1762 2345 1807 2376 vel

1068 2404 1220 2433 ostensae.

294 2456 479 2489 servationis
496 2465 570 2498 erga
585 2455 757 2487 Romanam
777 2455 958 2495 Ecclesiam,
977 2466 1035 2498 pro

294 2510 419 2553 quibus,
440 2514 472 2541 ut
490 2509 678 2552 praefertur
700 2508 953 2547 contribtmntur,
970 2509 1037 2541 nul-

334 2590 341 2614 t
366 2586 437 2614 Edit
459 2587 537 2615 Main.
560 2587 624 2622 legit
642 2587 767 2614 eiusdem
786 2590 825 2616 (n
848 2596 871 2614 ι.
877 2588 886 2615 i

330 2631 347 2658 2
366 2631 437 2658 Edit.
454 2631 537 2658 Main.
554 2630 688 2658 habetet
708 2632 880 2665 pnaettactz'
871 2632 990 2658 ubsitlu
1011 2635 1053 2659 cl.

297 2675 409 2709 ςαὸεῑῑᾶ
423 2675 462 2710 (n.
479 2681 504 2702 τ.
509 2678 526 2707 ).
871 2694 873 2696 -

380 2727 459 2756 Butl.
479 2728 562 2757 Rom.
584 2742 617 2749 —
636 2728 694 2756 Vol.
710 2728 777 2757 XII.
956 2728 992 2756 54

1113 2454 1225 2486 Datum
1248 2454 1380 2492 Romae,
1403 2452 1485 2496 apud
1510 2452 1538 2485 S.
1565 2452 1691 2484 Mariam
1714 2451 1808 2484 Maio-

1070 2517 1148 2543 rem,
1162 2507 1220 2539 sub
1240 2507 1356 2539 annulo
1371 2505 1547 2545 piscatoris,
1561 2505 1611 2538 die
1622 2515 1676 2538 vm
1685 2505 1808 2548 augusti

1051 2563 1054 2602 t
1070 2569 1222 2595 uncxwu,
1241 2559 1441 2602 pontificatus
1457 2559 1557 2591 nostri
1574 2568 1656 2591 anno
1674 2568 1737 2591 x1v.

1106 2623 1164 2649 Itat.
1186 2624 1228 2647 dia·
1249 2624 1264 2648 8
1285 2622 1390 2656 augusti
1406 2621 1485 2655 1618,
1502 2621 1598 2656 pontis.
1615 2629 1659 2648 an.
1677 2627 1729 2647 xiv.

1052 2678 1055 2710 i

1067 2188 1142 2230 gillo
1162 2187 1293 2220 alicuius
1318 2198 1472 2231 personae
1489 2187 1519 2219 in
1536 2187 1687 2229 dignitate
1712 2187 1809 2219 eccle—

1704 270 1770 307 425
1815 281 1865 309 An.
1886 280 1913 307 c.
1932 280 2000 309 mis

1856 447 1946 473 tie-rogat
1963 448 1999 468 ob-

1815 475 1925 495 motibus.

1862 1945 2005 1970 'transumptis

1821 1972 1878 1993 credi
1894 1971 1959 1992 iubet.
