2293 3231
293 337 340 363 An.
358 336 388 365 C.
404 335 474 364 1622
521 327 584 363 776

346 1560 370 1581 Et
389 1560 477 1581 ducibus

293 1586 479 1607 Comlaeisinsnc-

292 1613 387 1633 mmandi
402 1614 428 1634 ad
442 1620 475 1634 ca·

293 1643 403 1660 'iniuratus
413 1646 478 1661 rosor-

294 1666 363 1686 vamli.

1096 333 1274 358 BULLARIUM
1294 332 1450 358 nouum!

488 384 612 423 nonici,
644 394 678 416 ac
714 382 825 414 similia
857 381 1040 414 lesuitarum
1074 381 1228 424 collegia,
1263 379 1541 424 (quandocumque
1565 385 1595 413 et
1613 379 1872 423 quotiescumque
1889 380 1959 412 illos
1975 385 2006 412 et

488 447 662 479 eoruinqta¹
678 440 816 467 rectores
832 439 860 466 et
879 434 1069 476 collegiales,
1084 433 1229 473 ministri,

489 494 515 520 et
543 498 694 531 personae
709 514 716 525 ‚
745 487 861 530 aliique
886 486 1106 519 christifideles
1130 486 1229 519 eecle-

489 541 550 572 sias
567 540 746 583 collegiatus
763 550 797 572 ae
815 539 926 572 domos
944 539 1045 571 dictae
1067 539 1231 572 Societatis

488 604 546 637 pro
571 599 713 636 tempore
739 592 908 633 visitantes,
925 603 961 626 ac
985 603 1096 626 eorum
1125 603 1177 625 res
1201 598 1231 625 et

487 646 579 685 bona,
604 645 642 678 de
668 645 746 685 iure,
769 656 829 678 usu
853 646 900 678 vel
925 645 1161 686 consuetudine,
1179 651 1232 679 aut

489 710 524 731 ex
549 699 715 743 privilegio
739 699 921 742 apostolico,
939 699 987 732 vel
1011 699 1087 732 alias
1102 709 1233 742 quomo-

489 751 605 784 dolibet
629 756 769 791 utuntur,
790 751 953 794 potiuntur
977 757 1008 784 et
1031 751 1179 794 gaudent,
1196 761 1232 784 ac

490 805 543 844 uti,
562 804 632 844 frui,
657 804 751 848 potiri
777 809 807 837 et
828 804 965 847 gaudere
983 804 1077 837 etiam
1101 809 1234 848 possunt

489 862 519 890 et
538 863 685 901 poterunt
711 857 948 901 quomodolibet
972 857 1004 890 in
1027 858 1179 898 futurum,
1204 863 1233 890 et

489 909 593 954 quoad
618 921 801 955 capparum,
827 921 882 943 seu
907 915 1074 951 cottarum,
1093 910 1234 943 almutia-

490 975 578 1005 rum,
608 970 638 997 et
663 964 959 1008 superpelliciorum
983 975 1076 998 usum
1101 969 1130 998 et
1154 965 1235 998 dela-

491 1017 618 1059 tionem,
634 1017 780 1050 similiter
805 1022 832 1050 et
858 1017 1083 1061 pariformiter,
1107 1027 1143 1050 ac
1167 1017 1234 1051 sine

493 1070 555 1102 ulla
572 1080 706 1113 prorsus
721 1069 910 1111 differentia,
930 1070 961 1103 in
974 1070 1122 1104 omnibus
1133 1074 1164 1104 et
1176 1081 1234 1114 per

490 1123 618 1164 omnia,
642 1123 772 1167 perinde
805 1134 840 1156 ac
865 1123 891 1156 si
923 1123 968 1157 eis
994 1124 1181 1157 nominatim
1205 1129 1235 1157 et

491 1186 640 1220 expresse
665 1176 717 1209 illa
741 1187 799 1221 per
823 1182 1005 1221 praesentes
1029 1188 1177 1211 concessa
1193 1178 1235 1211 so-

491 1234 571 1270 rent,
591 1229 714 1262 etiamsi
737 1230 810 1263 talia
833 1230 946 1272 forent,
964 1241 1043 1274 quae
1067 1231 1233 1275 specialem

491 1287 519 1315 et
547 1282 738 1315 individuam
762 1283 962 1327 requirerent
978 1284 1182 1325 mentionem,
1199 1294 1234 1318 ac

491 1336 549 1369 sub
585 1337 723 1379 generali
755 1338 957 1381 expressione
991 1348 1054 1371 non
1088 1349 1234 1383 compre-

491 1389 713 1432 henderentur,
734 1391 827 1423 etiam
845 1391 899 1432 uti,
914 1391 986 1432 srui,
1004 1392 1100 1435 potiri
1117 1398 1147 1425 et
1163 1403 1236 1435 gau-

492 1443 566 1476 dere
590 1443 689 1477 libere
710 1448 739 1478 et
756 1444 839 1477 licite
856 1445 987 1488 valeant,
1006 1445 1115 1478 eitdem
1131 1452 1235 1480 aucto-

493 1497 582 1531 ritate
606 1497 759 1530 concedas
776 1502 806 1530 et
830 1497 1012 1540 indulgeas;

538 1550 553 1594 g
578 1549 628 1583 111.
654 1550 819 1584 Postremo
840 1550 923 1584 dieto
949 1551 1084 1584 llenrico
1109 1551 1180 1585 duci
1206 1558 1235 1586 et

493 1603 638 1647 principi,
660 1614 695 1636 ac
719 1603 787 1636 cius
810 1604 842 1636 in
867 1604 1029 1648 praedicto
1053 1605 1168 1638 ducatu
1185 1606 1237 1640 Ca-

494 1657 549 1690 stri
573 1658 643 1690 Rufi
668 1657 904 1690 successoribus
928 1658 1180 1703 quibuscumque
1204 1660 1236 1692 in

493 1716 682 1754 perpetuum
697 1716 727 1743 et
741 1710 770 1743 in
785 1711 952 1752 inlinitum,
966 1712 1014 1744 ius
1033 1712 1234 1756 patronatus¹

493 1769 523 1796 ct
547 1764 764 1807 praesentandi
800 1764 942 1798 locorum
973 1764 1146 1799 Ordinariis
1177 1777 1236 1810 pro

492 1824 633 1862 tempore
659 1818 881 1859 existentibus,
907 1829 962 1851 seu
987 1830 1097 1852 eorum
1123 1820 1237 1853 officia-

492 1871 584 1912 libus,
605 1881 756 1915 personas
781 1871 909 1904 idoneas
929 1872 967 1904 ad
989 1872 1190 1906 canonicatus
1205 1877 1236 1907 et

492 1924 687 1968 praebendas
717 1925 775 1957 liae
806 1925 909 1968 prima
943 1925 1009 1958 vice
1033 1936 1051 1958 a
1074 1926 1235 1970 primaeva

493 1977 620 2010 illorum
641 1977 797 2011 erectione
818 1983 848 2010 et
865 1978 1059 2013 institutione
1080 1985 1235 2021 vacantes,

493 2041 614 2063 necnon
638 2030 677 2063 ad
701 2031 880 2075 prioratus,
907 2037 937 2065 et
967 2033 1166 2077 parochiales
1189 2044 1237 2068 ec-

494 2084 615 2125 clesias,
632 2095 685 2117 sen
701 2096 809 2117 earnm
823 2091 990 2130 perpetuas
1006 2087 1148 2129 vicarias,
1165 2088 1237 2121 alia-

493 2148 554 2181 que
573 2148 798 2182 quaecumque,
816 2150 887 2172 cum
908 2142 984 2173 cura
1009 2145 1039 2173 et
1063 2141 1130 2173 sine
1147 2143 1234 2182 cura,

493 2190 566 2223 dieti
591 2191 715 2224 Ordinis
731 2192 888 2234 regularia
904 2198 933 2226 et
951 2193 1104 2226 secularia
1119 2194 1236 2227 benefi-

493 2244 540 2277 cia
561 2244 779 2286 ecclesiastica,
799 2246 1037 2289 quomodolibet
1056 2253 1235 2292 nuncupata

493 2303 522 2330 et
547 2298 734 2341 qiialificata,
759 2309 775 2331 a
804 2300 1002 2334 monasteriis
1034 2305 1064 2334 et
1091 2301 1234 2344 prioratu

493 2350 660 2395 praedictis
692 2351 736 2384 sic
760 2352 937 2396 suppressis
969 2358 999 2385 et
1023 2353 1162 2387 reductis
1185 2354 1236 2388 de-

495 2404 671 2448 pendentia,
689 2415 742 2437 seu
764 2405 801 2437 ad
821 2405 971 2438 abbatum
996 2407 1043 2439 vel
1068 2412 1236 2451 perpetuo-

495 2470 565 2490 rum
590 2458 930 2492 commendatariorum
963 2461 1147 2493 eorumdem
1171 2472 1236 2494 mo-

496 2511 702 2544 nasteriorum
717 2517 747 2543 et
760 2512 918 2555 prioratus
935 2524 993 2556 pro
1008 2518 1150 2557 tempore
1175 2514 1236 2547 exi—

495 2564 642 2596 stentium
667 2564 876 2605 collationem,
901 2566 1124 2609 provisionem,
1148 2577 1236 2611 prae-

496 2616 710 2656 sentationem,
728 2617 923 2660 electionem,
940 2619 1188 2660 nominationem
1205 2626 1235 2654 et

1263 433 1326 473 illa,
1344 443 1401 476 per
1425 442 1558 472 cessum,
1584 431 1678 465 etiam
1703 442 1739 465 ex
1764 433 1859 465 causa
1882 442 2007 476 permu-

1264 485 1399 526 tationis,
1417 485 1511 518 etiam
1528 484 1560 518 in
1579 484 1695 518 nostris
1715 484 1764 517 vel
1783 485 1914 518 Romani
1931 485 2007 518 Pon-

1264 539 1357 572 tificis
1370 549 1428 583 pro
1442 544 1586 582 tempore
1599 537 1760 571 existentis
1779 542 1831 570 aut
1849 536 2005 570 Ordinarii

1265 592 1326 626 loci
1350 603 1405 626 εει]
1421 592 1556 626 aliorum
1573 600 1848 636 quorumcumque
1861 590 2007 624 manibus

1265 646 1364 678 saetae
1390 646 1438 678 vel
1458 644 1638 688 faciendae,
1665 654 1721 677 εει]
1744 643 1908 677 decessum
1927 670 1934 684 ‚
1958 643 2007 677 vel

1265 698 1429 742 religionis
1452 698 1629 742 ingressum
1661 702 1692 731 et
1715 696 1908 730 matrimonii
1932 706 2007 730 con-

1266 756 1412 792 tractum,
1427 750 1552 784 habitus
1565 749 1719 783 clericalis
1730 760 1794 783 non
1806 749 2006 792 delationem,

1266 804 1489 848 resignationis
1505 804 1554 837 vel
1571 804 1722 837 cessionis
1739 813 1803 837 non
1825 802 2009 847 publicatio-

1266 868 1349 899 nem,
1369 862 1422 890 aut
1437 857 1658 902 privationem,
1671 866 1727 889 seu
1750 856 1895 900 quamvis
1913 855 2008 889 aliam

1267 910 1483 944 dimissionem
1500 911 1548 944 vel
1565 909 1768 943 amissionem
1780 909 1834 942 illa
1854 918 1914 953 pro
1933 913 2010 942 tem-

1266 974 1344 1008 pore
1368 963 1596 1004 obtinentium,
1613 973 1668 996 seu
1695 963 1728 995 in
1752 962 1796 995 eis
1821 961 1869 995 ius
1896 961 2010 995 haben-

1268 1017 1356 1058 tium,
1374 1017 1423 1050 vel
1439 1017 1669 1050 assecutionem
1689 1015 1824 1049 aliorum
1843 1013 2010 1048 beneficio-

1267 1081 1340 1104 rum
1364 1069 1650 1104 ecclesiastieorum
1681 1068 1791 1113 quavis
1822 1067 2010 1101 auctoritate

1268 1123 1478 1165 collatorum,
1509 1128 1564 1157 aut
1594 1122 1671 1156 alias
1701 1121 1864 1166 quibusvis
1887 1120 2009 1162 modis,

1268 1177 1361 1210 etiam
1386 1177 1470 1221 apud
1487 1176 1600 1212 Sedem
1616 1175 1821 1220 praedictam,
1838 1179 1867 1208 et
1884 1184 1921 1208 ex
1944 1174 2011 1218 qui-

1268 1231 1487 1274 buscumque¹
1512 1229 1666 1275 personis,
1694 1228 1789 1262 etiam
1812 1228 1939 1269 nostris,
1955 1238 2010 1262 εει]

1267 1283 1396 1317 alterius
1432 1283 1565 1317 Romani
1601 1282 1760 1317 Pontificis
1795 1285 1847 1316 aut
1878 1281 2010 1315 alieuius

1268 1336 1448 1381 praedictae
1473 1337 1632 1370 Romanae
1660 1335 1818 1369 Ecclesiae
1842 1335 2009 1369 cardinalis

1269 1394 1299 1424 et
1311 1390 1453 1431 viventis,
1462 1389 1669 1423 familiaribus
1682 1389 1839 1423 continuis
1851 1399 2011 1423 commen-

1269 1443 1395 1484 salibus,
1412 1448 1466 1476 aut
1489 1444 1649 1476 Romanae
1673 1442 1781 1476 curiae
1804 1442 2009 1484 officialibus,

1269 1497 1316 1530 vel
1334 1501 1454 1530 ceteras
1478 1496 1654 1540 qualitates,
1674 1496 1795 1529 etiamsi
1810 1495 1849 1529 de
1865 1495 1927 1529 illis
1943 1506 2012 1540 spe-

1269 1549 1356 1583 cialis
1381 1549 1499 1583 mentio
1515 1549 1657 1583 facienda
1680 1549 1761 1582 soret
1786 1553 1817 1582 et
1836 1548 1894 1582 sub
1918 1559 2011 1593 gene-

1269 1604 1327 1637 rali
1352 1604 1523 1637 verborum
1549 1602 1750 1647 expressione
1781 1612 1844 1636 non
1869 1602 2011 1637 venirent

1269 1663 1299 1691 et
1322 1667 1402 1701 quae
1426 1656 1674 1691 reservationem
1698 1656 1905 1701 apostolicam
1931 1667 2010 1700 quo-

1270 1711 1443 1745 modolibet
1474 1715 1505 1744 et
1535 1710 1566 1743 in
1592 1720 1727 1754 corpore
1755 1710 1832 1743 iuris
1860 1710 2012 1754 amplissi-

1270 1775 1353 1798 mam
1371 1765 1566 1804 inducerent,
1582 1763 1780 1804 habentibus,
1799 1768 1862 1796 tam
1879 1763 1911 1796 in
1926 1763 2010 1797 dicta

1269 1818 1368 1860 curia,
1383 1828 1479 1862 quam
1496 1823 1584 1851 extra
1600 1828 1680 1858 eam,
1696 1823 1728 1851 et
1746 1817 1841 1850 etiam
1857 1817 1889 1850 in
1905 1817 2010 1861 aliquo

1269 1883 1307 1905 ex
1331 1871 1492 1905 mensibus
1515 1871 1616 1904 dictae
1640 1870 1712 1905 Sedi
1735 1881 1794 1915 per
1817 1871 2011 1905 constitutio-

1268 1936 1324 1959 nes
1355 1925 1544 1970 apostolicas
1571 1934 1627 1958 seu
1656 1924 1862 1957 cancellariae
1884 1928 2010 1968 aposto-

1269 1979 1347 2013 licae
1371 1979 1498 2022 regulas
1528 1983 1583 2012 aut
1604 1978 1724 2012 litteras
1754 1978 2011 2012 alternativarum

1269 2032 1446 2073 reservatis,
1467 2042 1522 2065 seu
1541 2032 1685 2065 locorum
1709 2031 1894 2072 Ordinariis,
1918 2031 2011 2064 etiam

1269 2085 1479 2120 cardinalatus
1498 2085 1620 2119 honore
1643 2084 1845 2128 fulgentibus
1862 2095 1919 2128 per
1947 2094 2012 2118 eas-

1269 2139 1341 2172 dem
1354 2138 1592 2172 constitutiones
1611 2148 1666 2171 seu
1680 2138 1806 2181 regulas
1819 2142 1872 2171 aut
1891 2137 2011 2171 litteras

1269 2193 1318 2225 vel
1342 2192 1426 2226 iuxta
1450 2191 1640 2225 concordata
1664 2194 1717 2225 aut
1745 2191 1806 2224 alia
1833 2190 2011 2235 personalia

1269 2246 1389 2279 indulta
1412 2245 1570 2279 concessis
1600 2250 1630 2279 et
1658 2245 1867 2289 imposterum
1898 2254 2012 2278 conce-

1269 2299 1388 2340 dendis,
1413 2303 1466 2332 aut
1494 2299 1588 2332 etiam
1606 2299 1673 2332 iure
1690 2298 1851 2332 ordinario
1867 2303 1920 2331 aut
1935 2297 2011 2331 alias

1268 2352 1506 2398 quomodolibet
1523 2351 1774 2396 competentibus
1785 2356 1816 2384 et
1828 2351 2012 2394 competitu-

1269 2407 1322 2448 ris,
1335 2418 1394 2451 pro
1410 2412 1552 2450 tempore
1566 2416 1676 2439 vacare
1686 2404 1870 2448 contigerit;
1888 2404 2010 2438 etiamsi

1268 2459 1465 2504 dispositioni
1486 2459 1676 2503 apostolicae
1699 2458 1878 2503 specialiter
1896 2462 1950 2490 aut
1973 2467 2010 2490 ex

1268 2513 1443 2558 praesentis
1467 2513 1515 2546 vel
1535 2512 1604 2545 aliis
1629 2511 1774 2556 personis
1791 2514 1822 2545 et
1837 2510 1940 2543 causis
1959 2520 2012 2554 ge-

1268 2567 1419 2601 neraliter
1442 2569 1600 2600 reservata
1624 2565 1672 2598 vel
1696 2564 1806 2598 affecta
1829 2563 1956 2604 fuerint,
1981 2569 2012 2597 et

1269 2631 1365 2664 snper
1381 2619 1426 2653 eis
1442 2619 1524 2652 inter
1548 2618 1671 2662 aliquos
1695 2617 1733 2650 lis
1752 2617 1783 2650 in
1799 2616 1946 2660 petitorio
1962 2617 2011 2650 vel

496 2669 638 2713 quamvis
671 2670 762 2703 aliam
793 2670 1032 2714 dispositionem
1062 2674 1236 2717 spectantia
1268 2672 1463 2718 possessorio
1476 2671 1609 2716 pendeat
1624 2670 1786 2714 indecisa),
1797 2680 1854 2713 per
1865 2670 2010 2704 locorum

533 2733 542 2759 1
562 2731 632 2759 Edit.
648 2732 732 2760 Main.
747 2733 811 2769 legit
823 2737 1013 2770 patronatum
1027 2735 1065 2771 (a.
1080 2736 1128 2770 tu).

1305 2738 1318 2763 ¹
1335 2735 1406 2764 Edit.
1416 2734 1495 2763 Main.
1507 2733 1572 2770 legit
1582 2739 1827 2770 quarumcumque
1840 2735 1877 2768 (a.
1889 2731 1937 2768 ιη).

2020 331 2070 359 An.
2087 330 2115 360 C.
2135 331 2204 362 ¹022
2232 376 2236 382 ‚
