2293 3231
85 290 136 317 An.
154 290 183 318 C.
204 288 270 316 1612

912 286 1029 310 rarrrs

287 335 452 374 Ecclesiae,
469 334 507 366 ad
524 334 634 367 Sedent
653 334 862 377 Apostolicam
885 334 1022 377 interpo-

283 388 381 427 sitae,
406 387 535 420 omnino
567 387 761 427 abstineant,
787 387 844 419 nisi
870 398 981 420 causae
1005 399 1021 418 a

283 441 421 484 negociis
438 440 596 473 fiscalibus
613 440 819 483 dependeant,
836 446 887 473 aut
906 441 944 472 ab
963 440 1022 472 illis

283 494 437 537 originem
463 494 595 526 trabant,

326 548 356 580 ⁹2.
381 546 530 580 Similiter
560 547 733 580 abstineant
758 558 774 579 a
799 546 1023 579 connuissioni-

284 601 353 641 bus,
379 606 407 633 et
432 599 668 633 avocationibus
692 610 856 633 causarum
871 626 878 639 ,
902 609 1041 632 necnon*

284 654 395 686 litteris
413 653 663 686 monitorialibus
680 659 707 686 et
724 652 922 690 inliibitoriis,
938 658 964 684 ct
980 664 1025 684 sc-

285 707 572 750 questrationibus,
597 712 624 739 et
651 706 719 738 aliis
743 706 944 745 huiusmodi,
970 706 1023 737 ubi

285 770 347 793 non
371 759 476 803 agitur
506 760 543 793 de
577 759 726 792 interesse
762 759 849 799 fisci,
876 759 968 791 etiam
994 759 1023 790 in

286 813 378 846 terris
395 814 567 852 Ecclesiae;
585 824 656 845 cum
676 813 751 845 llaec
772 812 809 844 ad
832 812 1024 854 signaturam

286 872 425 900 nostram
450 872 591 911 spectare
609 872 788 905 noscantur,
806 871 835 899 et
855 866 930 898 alias
947 866 1024 898 ordo
1041 856 1043 867 ¹

287 920 475 954 iudiciorum
501 920 715 964 multiplieiter
740 920 957 953 confundatur.

330 973 359 1006 ὃ.
387 973 598 1006 Pei-mittimus
625 980 727 1006 tamen
752 973 942 1012 camerario,
968 983 1026 1015 pro

289 1027 403 1060 minori
434 1038 609 1071 pauperum
645 1027 829 1070 dispendio,
854 1032 885 1059 ut
918 1036 1044 1066 causas2

287 1080 533 1125 appellationum
557 1092 573 1113 a
599 1081 760 1114 sententiis
784 1080 960 1119 definitivis,
979 1071 1045 1112 vel³¹

288 1144 396 1166 earum
421 1134 482 1166 rim
507 1134 697 1167 habentibus
713 1133 967 1173 interlocutoriis,
985 1134 1028 1165 in-

289 1193 336 1220 tra
360 1187 567 1231 quadraginta
592 1187 738 1220 milliaria
762 1187 800 1220 ab
819 1187 912 1226 Urbe,
931 1186 960 1218 in
978 1198 1027 1219 re-
1043 1211 1045 1218 ,

289 1241 348 1273 bus
363 1240 500 1273 minimis
520 1246 547 1273 et
570 1241 709 1284 profanis
730 1240 900 1273 summam'
920 1240 1027 1282 viginti

288 1293 426 1337 quinque
451 1293 637 1327 ducatorum
654 1303 715 1326 non
737 1292 959 1326 excedentibus
977 1292 1027 1335 tde

289 1357 352 1390 quo
376 1346 558 1390 dispositive
585 1346 700 1379 mentio
726 1346 794 1378 lieri
819 1346 954 1384 debeat),
973 1356 1028 1389 per

290 1399 446 1443 simplices
464 1400 583 1432 litteras
596 1400 685 1443 (alias
698 1399 782 1432 iuxta
795 1400 928 1432 sormam
943 1399 1028 1439 iuris,

291 1458 319 1485 et
346 1453 429 1486 iuxta
454 1454 593 1496 solitum)
612 1453 808 1487 committere
833 1453 939 1497 possit.

336 1506 364 1538 li.
390 1507 531 1550 Insuper,
556 1517 595 1539 ne
619 1506 730 1539 delicta
756 1506 907 1550 impunita
932 1514 1048 1539 rema-2

292 1564 394 1599 neant,
418 1559 458 1592 ab
480 1559 730 1593 absolutionibus
747 1565 775 1593 et
794 1559 1048 1602 remissionibus]

291 1612 478 1646 delictorum
491 1612 714 1656 quorumlibet,
728 1613 820 1646 etiam
838 1613 962 1652 levium,
979 1618 1029 1645 aut
1046 1607 1048 1626 ¹

293 1665 417 1698 illarum
453 1666 726 1699 commissionibus
741 1693 748 1706 ‚
784 1676 905 1699 necnon
941 1666 1032 1698 salvis

293 1719 500 1753 conductibus
523 1730 582 1764 pro
604 1719 867 1763 delinquentibus,
885 1719 977 1751 etiam
995 1719 1032 1751 de

293 1772 415 1805 delictis
439 1778 526 1806 extra
550 1778 649 1806 terras
674 1773 829 1806 Ecclesiae
847 1772 1031 1812 commissis,

294 1826 421 1859 omnino
445 1826 630 1859 abstineant.

339 1878 368 1912 5.
393 1879 604 1922 Similiterque
625 1889 642 1912 a
671 1879 849 1913 moratoriis
877 1879 1033 1913 dilationi-

295 1932 364 1973 bus,
388 1942 445 1965 nec
470 1932 562 1965 etiam
588 1932 626 1965 ad
651 1932 809 1966 modicum
834 1938 965 1976 tempus.

339 1984 368 2018 6.
389 1986 516 2019 Necnon
535 1986 653 2019 litteras
666 1986 837 2019 camerales
859 1996 917 2030 pro
934 1985 1034 2030 adipi-

296 2039 410 2072 scenda
442 2039 639 2084 possessione
675 2040 902 2073 beneficiorum
935 2040 1034 2072 eccle-

297 2093 505 2134 siasfieomm,
530 2093 622 2126 etiam
647 2093 738 2127 nobis
761 2104 796 2126 ac
814 2093 885 2126 Sedi
903 2094 1035 2137 Aposto-

296 2145 374 2179 lieae
388 2151 629 2184 reservatorum,
642 2156 678 2179 ac
691 2146 947 2190 prorogationem
961 2151 1037 2179 tem-

297 2199 383 2244 poris
407 2199 446 2232 ad
470 2199 677 2243 expediendas
701 2199 819 2232 litteras
849 2199 1036 2243 apostolicas

297 2263 568 2296 quarumcumque
598 2252 771 2295 gratiarum
785 2279 792 2292 ,
813 2258 865 2284 aut
889 2252 927 2284 ad
952 2253 1036 2285 solu-

298 2305 415 2339 tionem
439 2310 640 2345 annatarum,
666 2306 713 2338 vel
737 2305 870 2348 collegio
895 2305 1037 2338 cardina-

299 2358 376 2392 lium
399 2364 452 2392 aut
475 2358 661 2392 officialibus
685 2358 884 2397 debitorum,
910 2358 1037 2391 minime

300 2411 472 2446 concedere
495 2411 625 2445 valeant.

346 2465 373 2499 7.
398 2465 510 2499 Clerici
534 2475 676 2499 camerae
697 2464 782 2507 (eum
807 2463 924 2497 nullam
949 2463 1039 2496 iuris-

300 2517 479 2559 dietionem,
504 2524 536 2552 ut
561 2519 696 2562 singuli,
722 2518 776 2551 sed
800 2522 919 2550 tantum
943 2516 1037 2550 eolle-

301 2572 433 2615 gialiter,
451 2577 479 2606 et
505 2573 536 2605 in
560 2573 652 2616 plena
678 2573 802 2605 camera
828 2571 944 2604 habere
969 2580 1038 2603 nos-

338 2691 350 2717 1
364 2687 459 2718 Erron-
472 2688 590 2718 Cherub.
604 2692 630 2717 et
640 2689 722 2716 Μαίη.
737 2689 806 2723 legg.
819 2694 929 2716 stemma
939 2687 1034 2722 (me).

1717 275 1751 306 ot

1056 336 1179 376 cantur)
1200 333 1275 365 nihil
1293 332 1455 376 expediant
1475 331 1617 375 privatim
1634 337 1663 363 et
1687 331 1791 373 singu-

1056 386 1183 425 lariter,
1208 397 1263 418 nec
1288 386 1407 429 aliquas
1433 385 1550 417 litteras
1575 390 1623 416 aut
1651 390 1790 428 patmnes

1055 438 1092 471 dc
1117 450 1313 482 quacumque
1350 451 1382 471 re
1418 438 1638 477 subscribant,
1663 437 1722 469 nisi
1754 448 1790 468 ex

1056 492 1274 524 commissione
1311 492 1354 524 eis
1392 492 1469 524 sacta
1501 492 1529 523 in
1555 490 1664 523 eadem
1699 490 1791 533 plena

1056 547 1196 585 camera,
1223 545 1252 577 in
1277 556 1336 588 qua
1362 545 1466 578 onmia
1490 545 1573 577 clare
1597 550 1627 576 et
1649 543 1792 576 distincte

1056 599 1189 641 proponi
1215 610 1249 631 ac
1268 599 1297 630 in
1316 598 1397 632 libro
1422 598 1672 642 propositionum
1697 597 1792 628 adno-

1058 652 1115 684 tari
1140 652 1287 692 debeant,
1306 653 1351 684 vel
1377 652 1434 684 nisi
1459 657 1569 694 agatur
1593 651 1630 684 dc
1655 649 1794 693 negociis

1057 287 1073 308 Υ
1100 287 1145 309 ΙΨ.

1040 737 1042 745 ‚
1058 704 1285 746 guberniorum
1303 710 1329 737 et
1357 705 1642 748 praesidentatuum
1660 710 1687 737 et
1710 714 1795 746 prae-

1058 758 1260 796 fecturarum,
1288 769 1366 801 quae
1392 758 1535 800 privatim
1561 758 1644 789 iuxta
1669 756 1793 788 solitum

1058 810 1204 853 expedire
1229 811 1362 854 possint;

1103 862 1130 894 8.
1150 863 1340 906 Notariique,
1359 864 1388 895 in
1407 864 1656 907 expeditionibus
1673 869 1699 895 et
1719 862 1795 894 seri-

1059 916 1160 959 pturis
1185 916 1321 960 desuper
1345 917 1565 957 confit-iendis,
1591 917 1627 949 de
1653 917 1796 960 proposi-

1061 969 1142 1001 tione
1166 974 1193 1001 et
1220 969 1439 1002 commissi0ne
1465 970 1643 1003 huiusmodi
1670 969 1798 1001 mentio-

1059 1031 1129 1054 nem
1155 1033 1334 1066 expressam
1360 1023 1461 1055 facere
1487 1028 1657 1055 teneantur.

1105 1075 1133 1108 9.
1159 1075 1218 1108 Sed
1243 1082 1271 1108 ct
1304 1082 1365 1108 tam
1391 1076 1581 1109 camerarius
1614 1087 1707 1119 quam
1736 1077 1798 1108 cle-

1061 1127 1117 1160 rici
1148 1128 1206 1171 ipsi
1243 1129 1346 1171 (ultra
1385 1129 1543 1173 prohibita
1580 1130 1609 1161 in
1642 1130 1797 1173 praesenti

1061 1182 1296 1222 reformatione)
1314 1193 1330 1214 a
1363 1183 1613 1226 quibuscumque
1642 1182 1797 1218 licentiis,

1061 1234 1169 1277 gratiis
1195 1240 1222 1266 et
1249 1234 1375 1268 indultis
1392 1235 1429 1268 de
1453 1236 1548 1268 rebus
1573 1235 1798 1278 spiritualibus,

1062 1287 1091 1319 in
1117 1288 1217 1320 forma
1242 1288 1379 1330 gratiosa
1405 1289 1451 1321 rel
1467 1287 1692 1327 commissaria,
1707 1288 1799 1320 etiam

1062 1353 1133 1374 eum
1159 1342 1306 1375 clausulis
1331 1342 1557 1381 iustiticativis,
1582 1348 1610 1374 ct
1635 1342 1713 1381 aliis,
1739 1347 1800 1373 tam

1062 1395 1093 1427 in
1119 1395 1211 1428 terris
1236 1396 1391 1429 Ecclesiae
1417 1407 1510 1439 quam
1536 1402 1621 1428 extra
1639 1396 1716 1435 illas,
1734 1406 1800 1427 om-

1063 1449 1136 1482 nino
1161 1449 1346 1490 abstineant,

1113 1502 1158 1535 10.
1184 1502 1218 1534 Et
1245 1502 1388 1535 similiter
1413 1513 1429 1534 a
1453 1502 1703 1546 quibuscumque
1735 1502 1803 1534 aliis

1065 1555 1323 1598 expeditionibus,
1343 1566 1422 1598 quae
1443 1555 1500 1587 sibi
1523 1555 1641 1588 ratione
1659 1566 1731 1588 suae
1751 1566 1803 1587 or-

1065 1609 1203 1642 dinariae
1233 1609 1455 1642 iurisdictionis
1487 1615 1614 1652 propter
1646 1609 1802 1652 publicam

1066 1663 1228 1695 utilitatem
1250 1673 1393 1706 expresse
1415 1673 1471 1706 per
1488 1662 1605 1694 litteras
1621 1672 1749 1695 suarum
1766 1663 1804 1694 t'a-

1066 1716 1214 1749 cultatmn
1239 1726 1405 1749 concessae
1429 1726 1490 1748 non
1516 1715 1725 1758 reperiuntur.
1743 1716 1803 1748 Nec

1066 1775 1244 1813 praetextus
1269 1769 1519 1808 consuetudinis,
1545 1775 1595 1802 aut
1620 1769 1708 1812 quasi
1733 1779 1804 1812 pos-

1067 1822 1234 1861 sessionis,
1261 1823 1354 1855 etiam
1383 1822 1616 1865 antiquissimae
1641 1828 1669 1854 et
1694 1821 1804 1854 imme-

1066 1876 1249 1915 morabilis,
1274 1876 1304 1908 in
1337 1875 1492 1908 similibus
1523 1874 1731 1908 concedendis
1762 1874 1806 1907 eis

1067 1930 1265 1973 suffragetur,
1285 1929 1378 1962 etiam
1396 1930 1419 1962 si
1441 1929 1633 1963 consuetudo
1656 1929 1703 1961 vel
1718 1928 1806 1972 quasi

1067 1984 1222 2027 possessio
1247 1983 1426 2017 huiusmodi
1457 1994 1512 2026 per
1545 1983 1662 2015 litteras
1686 1982 1806 2026 aliquo-

1068 2048 1139 2070 rum
1173 2037 1359 2070 Pontificum
1395 2037 1582 2079 generaliter
1618 2036 1806 2080 approbatae

1068 2091 1192 2124 suerint.

1116 2145 1128 2177 ‘l
1138 2144 1165 2177 l.
1191 2144 1375 2177 Constitutio
1393 2143 1490 2176 felicis
1513 2142 1739 2177 recordationis
1763 2142 1807 2174 Pii

1070 2198 1168 2241 Papae
1191 2198 1228 2231 lv
1259 2208 1353 2240 super
1390 2197 1612 2230 reformatione
1643 2195 1808 2228 tribunalis

1070 2262 1213 2284 camerae
1236 2250 1423 2294 apostolicae
1445 2250 1595 2293 incipiens
1617 2249 1694 2283 Cum
1724 2249 1809 2281 inter

1070 2309 1209 2344 ceteras,
1241 2304 1299 2336 sub
1323 2304 1429 2336 datum
1460 2303 1600 2336 kalendis
1629 2301 1809 2335 novembris

1070 2368 1152 2391 auno
1176 2356 1326 2396 i1DLx1v¹,
1351 2357 1434 2389 iuxta
1459 2356 1584 2388 solitum
1610 2355 1731 2397 legatur
1748 2354 1809 2386 sin-

1053 2431 1055 2433 ·
1071 2411 1152 2453 gulis
1169 2410 1258 2443 annis
1283 2410 1313 2442 in
1331 2409 1433 2453 prima
1450 2410 1576 2442 camera
1593 2407 1708 2441 mensis
1725 2413 1809 2441 octo-

1070 2463 1144 2496 bris.

1115 2517 1165 2549 12.
1180 2516 1295 2550 Causae
1311 2516 1553 2549 coniunctorum
1574 2520 1601 2548 et
1615 2513 1808 2559 propinquo-

1072 2580 1142 2603 rum
1167 2568 1298 2602 alieuius
1315 2569 1431 2607 elerici,
1452 2568 1489 2601 ad
1508 2573 1655 2612 quartum
1676 2567 1807 2610 gradum

1111 2688 1117 2711 t
1142 2685 1225 2715 Quam
1248 2684 1307 2712 vide
1327 2685 1352 2711 in
1374 2688 1438 2712 tom.
1456 2690 1502 2719 vn,
1519 2691 1578 2719 pag.
1597 2683 1648 2712 310
1668 2690 1702 2717 >n.
1719 2684 1754 2717 τ),

1805 284 1852 309 An.
1870 283 1897 309 C,
1922 282 1987 309 16¹2
