2293 3231
95 276 146 303 An.
163 276 190 303 C.
210 276 275 303 ¹622

134 336 278 363 'transumptus

95 363 156 411 ggpm
165 363 210 384 dart
222 369 277 384 man-

122 1732 242 1753 Exordium.

131 2051 227 2077 Philippo
253 2050 280 2072 111

99 2076 120 2098 'et
145 2078 171 2098 lv
195 2077 280 2102 regibus

99 2104 281 2131 Hispaniarumln-

97 2131 202 2151 stantibus
213 2130 281 2151 cardi-
299 2141 304 2146 -

98 2159 156 2188 nates
169 2163 282 2183 congrega-

98 2187 161 2214 tionis
175 2190 282 2205 sacrorum

98 2213 175 2232 rituum
204 2217 282 2231 exami-

55 2238 58 2239 ’
98 2240 148 2259 nato
180 2243 282 2263 processu

99 2264 169 2286 fratris
184 2265 240 2285 Petri
256 2264 281 2285 ile

99 2291 211 2322 Alcantara
219 2297 282 2311 cano-

99 2323 162 2339 nizari
172 2323 233 2344 posse
244 2323 282 2344 per

48 2355 50 2357 v
99 2344 154 2366 hunc
159 2345 280 2366 Pontificem

101 2375 233 2394 consum‘unl.

899 277 1074 302 GREGORIUS
1098 278 1141 301 XV
1165 278 1212 301 PP.

1704 267 1768 299 685

337 324 351 367 ξ
375 322 426 356 20.
452 323 602 357 Volumus
619 329 732 365 autem,
759 330 791 357 ut
816 325 1026 369 praesentium
1061 325 1251 365 fundatoris,
1277 325 1360 357 iuxta
1385 325 1497 357 scriem
1523 324 1681 358 relationis
1703 325 1797 357 trium

292 377 514 420 transumptis,
536 377 631 410 etiam
656 378 834 422 impressis,
860 389 954 412 manu
978 378 1031 411 ali·
1063 388 1227 410 causarum
1252 377 1356 421 palatii
1381 377 1542 421 apostolici
1563 377 1741 410 auditor-mn
1763 377 1800 410 ad

292 430 380 463 cuius
405 431 518 464 notarii
538 431 654 474 publici
671 431 865 475 subscriptis,
879 437 909 464 et
926 432 1029 475 sigillo

292 483 424 516 alicuius
435 494 588 527 personae
606 484 636 517 in
654 484 802 527 dignitate
819 485 1028 518 ecclesiastica

292 537 478 570 constitutae
504 537 640 578 munitis,
664 539 772 571 eadem
798 549 929 583 prorsus
953 538 1030 571 fides

291 590 407 633 ubique
432 590 627 632 adhibeatur,
649 602 729 635 quae
749 592 864 625 eisdem
887 602 1032 636 praesen-

293 643 374 676 tibus
398 643 612 686 adhiberetur,
637 645 662 678 si
687 646 789 679 forent
812 645 967 679 exhibitae
982 645 1030 678 vel

292 702 443 731 ostensae.

335 751 446 784 Datum
466 753 594 793 Romae,
620 752 704 796 apud
727 758 868 786 sanctum
893 753 1030 791 Petrum,

292 805 351 837 sub
387 805 503 839 annulo
537 806 724 847 Piscatoris,
749 806 799 839 die
822 816 900 839 xvm
924 806 1031 851 aprilis

293 867 435 899 uncxxn,
460 858 662 903 pontificatus
686 860 784 894 nostri
808 870 890 894 anno
910 870 941 894 11.

329 920 386 947 Dat.
404 920 447 948 die
467 921 496 948 18
512 921 604 957 aprilis
622 921 699 956 1622,
716 921 809 957 pontis.
826 929 870 949 an.
887 928 915 948 11.

629 1057 701 1091 LVI.

290 1136 495 1179 Bealz'ficalio
519 1137 611 1170 Servi
640 1137 701 1170 Dei
729 1137 845 1180 finiris
872 1138 966 1172 Petri
994 1136 1031 1170 de

333 1189 517 1222 Ali-antara
542 1189 677 1223 Ordinis
700 1190 867 1223 Minorum
891 1191 1031 1224 strictio-

333 1243 381 1275 ris
407 1242 637 1276 observantiae
659 1243 935 1276 Discalceacorum
957 1255 1032 1287 pro-

333 1296 473 1339 fessoris,
497 1297 687 1341 provinciae
710 1297 817 1330 sancti
839 1297 972 1340 Iosephi
994 1298 1031 1330 in

334 1360 433 1393 reqno
454 1350 612 1384 Castellae
623 1350 821 1394 fundatoris,
837 1361 910 1384 cum
927 1350 1031 1394 officio

335 1407 364 1437 et
388 1404 489 1437 missa
513 1404 614 1436 unius
631 1405 818 1448 confessoris
836 1415 902 1438 non
915 1407 1028 1448 ponti-

334 1456 405 1499 ficis
428 1456 480 1489 die
503 1467 559 1490 xm
584 1456 716 1490 octobris
729 1457 918 1490 celebrando
932 1469 953 1491 α
968 1459 1031 1492 told

335 1510 505 1554 Reliyione
528 1510 690 1544 dictorum
713 1510 882 1544 Μίνων-11711
894 1510 913 1544 ¹.

494 1590 652 1624 Gregorius
673 1590 751 1624 Papa
769 1591 827 1625 XV,

416 1644 453 1671 ad
471 1647 649 1678 perpetuam
667 1645 712 1672 rei
731 1645 911 1673 memoriam.

337 1714 371 1747 In
395 1714 469 1747 sede
493 1714 646 1758 Principis
677 1715 914 1758 apostolorum,
938 1716 1032 1749 nullis

293 1767 365 1801 licet
389 1767 505 1801 nostris
529 1767 774 1811 suffragantibus
791 1769 922 1810 meritis,
943 1780 961 1802 a
977 1770 1034 1803 Do-

293 1821 379 1854 mino
393 1820 564 1862 constituti,
576 1821 636 1865 piis
656 1821 797 1854 fidelium
810 1822 901 1863 votis,
918 1823 1033 1866 quibus

293 1874 445 1907 virtutum
461 1874 612 1908 Dominus
628 1875 660 1907 in
677 1875 775 1909 servis
797 1876 861 1909 suis
886 1876 1034 1909 honorifi-

294 1932 393 1968 catur,
410 1927 544 1961 libenter
559 1928 737 1970 annuimus,
755 1939 854 1972 eaque
873 1929 1033 1962 favoribus

293 1980 516 2025 prosequimur
539 1982 735 2026 opportunis.

340 2033 354 2076 g
380 2033 408 2066 t.
433 2034 510 2068 Cum
522 2034 637 2078 itaque,
650 2036 838 2070 instantibus
854 2047 917 2070 non
931 2037 1032 2070 solum

296 2086 398 2119 clarae
407 2087 579 2121 memoriae
591 2088 736 2132 Philippo
749 2089 788 2122 111
805 2095 835 2122 et
848 2090 1034 2124 charissimo

298 2151 328 2173 10
345 2140 467 2174 Christo
483 2141 549 2174 filio
564 2146 673 2175 nostro
698 2142 842 2186 Philippo
858 2143 906 2184 IV,
923 2144 1034 2187 IIispa-

296 2195 420 2227 niarum
438 2195 569 2237 regibus
594 2195 766 2235 catholicis,
783 2196 837 2228 sed
854 2196 947 2228 etiam
970 2197 1034 2230 fere

297 2248 443 2281 omnibus
454 2248 621 2292 Hispaniae
637 2248 754 2290 regnis,
768 2249 962 2282 venerabiles
976 2250 1036 2283 fra-

297 2305 360 2335 tres
375 2301 474 2336 nostri
487 2306 610 2334 sanctae
623 2302 780 2335 Romanae
797 2302 954 2336 Ecclesiae
967 2314 1034 2336 car—

296 2354 415 2388 dinales
432 2354 529 2388 sacris
549 2354 662 2388 ritibus
678 2355 860 2399 praepositi,
885 2355 923 2389 de
947 2367 1036 2389 man—

296 2409 368 2443 dato
392 2413 500 2442 nostro
533 2419 658 2442 causam
688 2408 775 2442 Servi
805 2409 860 2442 Dei
891 2409 973 2444 Petri
999 2410 1036 2443 de

296 2463 460 2496 Alcantara
479 2462 604 2496 Ordinis
616 2462 772 2496 Minorum
797 2463 963 2497 strictioris
980 2463 1038 2497 Ob-

296 2516 470 2549 servantiae
486 2517 751 2550 Discalccatorum
770 2522 1036 2561 nuncupatorum,

295 2579 332 2603 ac
354 2570 536 2614 provinciae
554 2571 584 2605 S.
604 2571 727 2615 Iosephi
753 2570 893 2604 eiusdem
914 2570 1038 2605 Ordinis

334 2643 345 2668 1
370 2641 406 2668 De
430 2641 583 2670 huiusmodi
607 2641 736 2669 fratribus
760 2642 821 2669 vide
844 2642 927 2669 Clem.
947 2642 992 2669 vll
1011 2642 1038 2669 111

297 2684 386 2713 Const.
401 2693 465 2713 xuu
483 2687 519 2714 In
538 2695 686 2722 suprema,
703 2691 766 2715 tom.
790 2695 825 2721 vi,
846 2695 907 2723 pag.
928 2688 988 2716 155.

1063 430 1207 463 effectum
1234 430 1477 463 canonizationis
1501 430 1618 473 pluries
1644 431 1801 463 examina-

1064 483 1182 524 verint,
1208 494 1241 517 ac
1267 484 1373 516 multis
1397 484 1531 527 desuper
1557 484 1668 517 habitis
1693 484 1802 517 sessio-

1062 536 1164 577 nibus,
1179 538 1333 569 referente
1351 537 1464 570 dileeto
1479 537 1544 569 11110
1565 541 1672 571 nostro
1698 539 1801 571 Marco

1063 590 1196 623 Antonio
1217 590 1296 623 tituli
1322 590 1350 623 S.
1377 591 1502 623 Eusebii
1529 591 1714 635 presbytero
1739 603 1803 624 car-

1063 642 1157 676 dinali
1189 644 1363 677 Gozzadino
1392 650 1593 688 nuncupato,
1622 645 1802 688 plenissime

1063 700 1207 729 constare
1228 697 1266 730 de
1290 697 1446 731 validitate
1471 709 1696 741 processuum,
1721 697 1801 731 samii

1064 749 1251 791 sanctitatis,
1276 750 1348 783 fidei
1372 752 1519 795 puritate,
1547 752 1721 795 ceterisque
1745 752 1803 784 vir-

1064 803 1191 844 tutibus,
1211 814 1274 837 non
1298 804 1329 837 in
1353 815 1468 848 genere
1493 806 1605 845 solum,
1631 806 1684 838 sed
1708 805 1801 839 etiam

1064 856 1094 889 in
1120 858 1240 901 specie,
1265 859 1469 902 reliquiarum
1503 870 1538 892 ac
1571 860 1731 904 sepulchri
1756 871 1803 892 ve-

1063 911 1235 953 neratione,
1260 912 1468 956 plurimisque
1489 913 1611 947 tandem
1632 913 1802 953 miraculis,

1063 965 1351 1007 pronunciaverint,
1369 966 1610 1010 censuerintque
1624 978 1715 1010 posse
1736 978 1802 1007 nos,

1063 1017 1326 1062 quandocumque
1350 1020 1553 1061 voluerimus,
1577 1021 1723 1053 eumdem
1748 1020 1803 1053 Dei

1064 1081 1201 1112 servum,
1226 1072 1312 1105 iuxta
1328 1073 1499 1107 catholicae
1518 1074 1673 1107 Ecclesiae
1698 1074 1803 1115 ritum,

1064 1123 1229 1167 Sanctum,
1255 1130 1348 1168 atque
1373 1126 1403 1158 in
1429 1127 1522 1159 caelis
1546 1133 1729 1170 regnantem
1754 1127 1805 1160 de-

1065 1176 1194 1218 clarare,
1219 1179 1428 1223 omnibusque
1446 1180 1591 1213 fidelibus
1608 1181 1740 1214 solemni
1757 1192 1804 1214 ca-

1064 1229 1262 1264 nonizatione
1287 1242 1465 1276 proponere
1490 1234 1714 1274 venerandunu

1109 1284 1123 1327 ξ
1147 1283 1176 1316 2.
1202 1284 1383 1318 Praedictus
1407 1297 1482 1319 vero
1499 1287 1662 1331 Philippus
1683 1288 1721 1321 IV
1738 1299 1803 1329 rex,

1065 1341 1095 1369 et
1118 1337 1223 1370 dilecti
1247 1338 1302 1371 filii
1328 1338 1470 1372 minister
1493 1341 1648 1382 generalis
1681 1346 1710 1373 et
1745 1342 1804 1373 sra-
1820 1356 1838 1372 ,21
1863 1359 1888 1372 125

1066 1393 1128 1423 tres
1144 1390 1269 1424 Ordinis
1281 1392 1433 1436 praedicti
1453 1393 1544 1426 nobis
1560 1394 1722 1427 humiliter
1735 1405 1805 1438 sup-
1860 1413 1867 1424 ς

1064 1443 1174 1486 plicari
1184 1444 1373 1487 fecerint‚ut,
1381 1446 1479 1479 donec
1490 1446 1528 1479 ad
1539 1447 1804 1480 canonizationem

1065 1496 1139 1529 dicti
1160 1497 1242 1530 Petri
1256 1498 1450 1540 deveniatur,
1468 1500 1549 1532 idem
1568 1501 1678 1534 Petrus
1695 1501 1806 1534 Beatus

1065 1551 1257 1595 nuncupari,
1282 1562 1317 1585 ac
1341 1552 1380 1585 de
1404 1564 1441 1586 eo
1472 1558 1631 1597 tamquam
1663 1554 1700 1587 de
1731 1555 1807 1588 Con—

1066 1604 1184 1638 sessore
1211 1615 1274 1638 non
1301 1606 1449 1649 pontifice
1475 1607 1569 1640 missa
1593 1619 1629 1641 ae
1656 1608 1805 1649 officium,

1066 1663 1100 1690 ut
1123 1658 1220 1699 infra,
1245 1659 1399 1692 celebrari
1423 1666 1453 1693 01
1476 1661 1602 1694 recitari
1631 1662 1805 1706 respective

1066 1712 1175 1755 possit,
1192 1712 1355 1756 indulgere
1375 1713 1413 1746 de
1429 1713 1621 1757 benignitate
1632 1716 1805 1759 apostolica

1066 1765 1280 1809 dignaremur3

1111 1820 1126 1863 ἓ
1149 1819 1179 1853 3.
1204 1821 1288 1862 Nos,
1317 1821 1600 1865 supplicationibus
1624 1823 1805 1857 huiusmodi

1067 1873 1216 1915 inclinati,
1229 1874 1268 1908 de
1291 1875 1476 1908 eorumdem
1503 1876 1710 1910 cardinalium
1735 1889 1807 1911 con-

1067 1927 1148 1968 silio,
1172 1932 1206 1960 ut
1234 1928 1317 1961 idem
1343 1929 1398 1961 Dei
1423 1940 1534 1962 servus
1559 1930 1669 1963 Petrus
1693 1931 1731 1963 de
1755 1932 1806 1964 Al-

1068 1985 1194 2014 cantara
1224 1981 1430 2026 imposterum
1468 1983 1579 2016 Beatus
1610 1985 1806 2028 nuncupari,

1067 2040 1160 2079 atque
1184 2034 1222 2068 de
1247 2046 1284 2068 co
1308 2041 1467 2079 tamquam
1487 2036 1524 2069 de
1541 2037 1725 2070 Consessorc
1744 2048 1807 2070 non

1068 2088 1219 2121 Pontifice
1242 2088 1292 2122 die
1306 2099 1359 2122 xix
1383 2089 1531 2131 octobris,
1550 2101 1611 2133 qua
1627 2091 1727 2134 ipsius
1745 2091 1808 2124 obi-

1068 2145 1117 2175 tus
1137 2142 1292 2176 memoria
1317 2142 1538 2183 celebrabitur,
1563 2144 1680 2187 ubique
1710 2150 1807 2177 terre.-
1823 2160 1841 2172 «n

1068 2206 1140 2228 rum
1153 2196 1192 2228 ab
1206 2196 1353 2229 universa
1366 2197 1518 2239 religione
1533 2197 1687 2230 Α1110011101
1699 2197 1808 2230 Obser-

1069 2249 1209 2282 vantium
1228 2249 1393 2294 utriusque
1415 2260 1506 2282 sexus
1524 2251 1695 2294 respective
1714 2251 1807 2283 missa

1069 2302 1223 2335 celebrari
1252 2307 1345 2346 atque
1371 2303 1508 2336 officium
1533 2304 1658 2336 recitari
1689 2304 1807 2347 possit;

1114 2355 1129 2398 g
1153 2354 1183 2387 4.
1208 2355 1242 2388 In
1261 2355 1376 2399 oppido
1401 2367 1475 2389 vero
1499 2356 1537 2389 de
1562 2357 1724 2390 Alcantara
1744 2358 1810 2389 nul-

1070 2408 1131 2441 lius
1154 2408 1317 2450 dioecesis,
1342 2410 1395 2442 ubi
1415 2415 1516 2450 natus,
1541 2416 1634 2454 atque
1661 2411 1691 2443 in
1711 2411 1809 2444 altero

1071 2461 1109 2494 de
1125 2463 1243 2495 Arenas
1262 2463 1429 2496 Abulensis
1444 2463 1608 2504 dioecesis,
1625 2464 1676 2497 ubi
1695 2476 1809 2508 corpus

1072 2514 1212 2548 eiusdem
1236 2516 1436 2560 requiescere
1453 2518 1644 2561 accepimus,
1661 2518 1809 2551 omnihus

1072 2571 1133 2601 tam
1158 2569 1370 2612 regularibus,
1387 2580 1482 2613 quam
1503 2570 1697 2603 secularibus
1723 2572 1811 2604 cleri-

1815 278 1861 303 An.
1883 278 1909 303 C.
1930 279 1995 304 toz-2

1846 1300 1953 1325 Philippu<
1976 1299 2002 1319 lv

1819 1327 1896 1346 instent
1911 1327 2002 1346 0111111101

1862 1833 1956 1854 Pontifex
1984 1833 2004 1853 id

1822 1861 1927 1882 concedit.

1863 2098 1954 2118 nix-ersi<
1973 2101 2006 2119 ta-

1823 2132 1868 2145 men
1891 2126 1970 2148 nio-tis,
1987 2126 2006 2145 in

1829 2152 1910 2171 'uersis
1920 2153 2007 2174 l¹J⁴·1S.ul·

1823 2181 1925 2204 sequitur.

1072 2623 1132 2663 cis,
1157 2622 1214 2655 sub
1238 2623 1301 2656 ritu
1329 2628 1435 2656 tamen
1464 2624 1685 2668 semiduplici,
1708 2625 1811 2658 facere

1071 2676 1155 2710 idem
1179 2678 1308 2712 omnino
1333 2678 1421 2711 liceat
1433 2689 1441 2718 ;
