2293 3231
85 305 139 336 An.
153 305 181 336 G.
199 306 266 337 ¹622

284 356 307 398 -1-
331 354 398 399 Ego
415 354 602 400 Hippolytus
618 354 647 389 S.
661 354 775 389 Mariae
795 354 899 390 Novae
920 355 1021 390 diaco-

373 418 433 441 nus
450 408 618 442 cardinalis
631 408 891 443 Aldobrandinus.

282 452 309 652 -t-—l-t-t-

601 744 699 778 LXIV.

282 814 442 848 Moniales
455 825 563 849 omnes
580 815 827 860 Hospitalariae
839 816 934 860 reqm'
948 815 1023 850 Gal-

328 867 462 908 liarum,
485 870 624 913 exceptis
650 869 701 902 his
720 880 804 913 quae
829 870 866 902 in
893 869 974 902 Urbe
993 873 1022 902 el

325 921 492 954 suburbiis
521 922 731 956 Parisiorum
759 926 1020 962 commorantur,

333 971 586 1007 ordinariorum
606 975 829 1008 iurisdictioni
845 975 1022 1008 subiiciun-

329 1032 382 1061 ίαν
394 1027 412 1060 ¹.

477 1099 632 1133 Gregorius
651 1099 825 1133 Episcopus,

458 1151 564 1171 servus
593 1151 745 1171 servorum
777 1143 843 1178 Dei,

282 1198 398 1226 Dilecto
417 1197 479 1225 filio
499 1197 655 1225 Franciseo
678 1197 763 1224 tituli
789 1196 888 1224 sancti
913 1196 1019 1223 calixti

316 1242 494 1277 presbytero
514 1241 659 1270 cardinali
680 1241 714 1268 de
734 1243 764 1268 la
784 1241 1020 1268 Rechefoucault

316 1290 501 1321 nuncupato,
513 1288 643 1315 salutem
662 1290 693 1314 ot
712 1287 908 1321 apostoticam
926 1287 1018 1314 hene-

316 1333 487 1361 dictionem.

324 1406 370 1440 Ad
392 1417 560 1451 personam
585 1410 686 1446 tuam,
710 1416 805 1449 quam
829 1405 933 1438 divina
957 1405 1019 1438 cle-

280 1461 398 1495 mentia
410 1460 533 1504 magnis
546 1459 713 1493 illustravit
723 1460 895 1503 gratiarum
914 1469 1020 1492 mune-

278 1514 377 1555 ribus,
393 1518 542 1559 paternae
566 1513 737 1556 dirigentes
761 1511 1019 1545 considerationis

124 1578 135 1591 “
277 1568 446 1609 intuitum,
471 1568 618 1612 dignum,
643 1566 718 1610 quin
751 1566 855 1610 potius
879 1565 1017 1598 debitum

277 1626 470 1667 reputamus,
483 1627 518 1655 ut
533 1627 604 1655 vota
620 1626 683 1660 tua,
700 1619 887 1664 praesertim
903 1619 940 1652 ad
950 1630 1020 1663 pro-

280 1675 454 1721 speriorem
476 1681 506 1709 et
530 1675 738 1709 salubriorem
764 1673 958 1717 regularium
978 1674 1020 1707 lo-

279 1741 390 1764 corum
416 1729 621 1763 directionem
647 1728 814 1768 tendentia,
834 1727 873 1759 ad
897 1727 1021 1760 exaudi-

279 1783 374 1818 tionis
390 1783 523 1827 gratiam
540 1782 673 1816 libenter
690 1781 900 1817 admittamus.

324 1838 339 1881 ξ
362 1837 392 1870 ’1.
417 1837 493 1870 Cum
517 1837 622 1881 itaque
645 1846 703 1880 pro
727 1840 815 1880 parte
847 1837 900 1868 tua
929 1833 1019 1867 nobis

279 1891 456 1935 expositum
466 1890 570 1930 fuerit,
579 1889 663 1933 quod
674 1900 743 1922 cum
758 1887 946 1922 monasteria
959 1898 1021 1920 mo-

279 1943 409 1977 nialium
433 1943 713 1988 Hospitalariarum
744 1945 997 1984 nuncupatarum
1012 1968 1019 1981 ‚

279 1996 313 2029 in
337 1996 443 2031 Galliis
466 1997 616 2035 instituta,
634 2006 748 2039 magno
773 1994 1019 2039 eleemosynario

280 2049 354 2083 dicti
377 2050 468 2093 regni
491 2050 521 2083 in
545 2050 760 2094 spiritualibus
790 2049 928 2082 subiecta
952 2058 1019 2081 esse

279 2108 459 2144 noscantur,
475 2103 668 2146 illorumque
691 2103 852 2142 moniales,
876 2102 921 2134 uti
939 2112 956 2134 a
973 2112 1021 2134 su-

283 2157 430 2202 periore,
454 2156 506 2200 qui
531 2157 639 2190 oculos
668 2156 700 2189 in
724 2167 791 2196 eas,
816 2160 850 2188 ut
877 2155 1019 2194 deceret,

281 2210 430 2251 intendat,
449 2214 599 2249 remotae,
612 2209 800 2253 quandoque
821 2219 893 2242 cum
911 2209 1019 2251 populi

283 2264 440 2304 seandalo,
467 2263 625 2306 divinique
650 2263 761 2302 cultus,
782 2267 812 2294 et
836 2272 945 2294 earum
971 2271 1019 2293 sa-

283 2318 357 2351 lutis
381 2317 580 2356 detrimento,
604 2316 801 2360 disciplinam
827 2320 858 2348 et
884 2315 1021 2348 instituta

282 2371 449 2414 regularia,
466 2369 580 2414 quibus
598 2369 676 2402 votis
693 2368 859 2401 adstrictae
876 2367 1020 2406 existunt,

281 2425 423 2459 relaxare
439 2424 616 2462 videantur;
637 2428 671 2455 tu
695 2432 778 2463 vero,
798 2421 850 2464 qui
871 2421 1019 2464 praedicti

280 2480 370 2524 regni
386 2489 519 2522 magnus
536 2476 802 2521 eleemosynarius
819 2476 935 2515 existis,
953 2487 1023 2520 pro-

281 2534 352 2567 vide
375 2532 588 2572 considerans,
609 2537 638 2564 te
663 2536 693 2564 et
716 2541 774 2574 pro
798 2535 941 2574 tempore
961 2530 1022 2563 exi-

282 2590 414 2621 stentem
437 2596 587 2629 magnum
611 2583 894 2628 eleemosynarium
924 2582 1020 2626 ipsius

106 1429 227 1452 Exordium.

126 1859 208 1881 causae
222 1863 265 1878 mo-

81 1886 149 1908 niales
171 1885 265 1910 hosptia-

81 1913 146 1935 lai-ias
160 1911 266 1941 episcopis

81 1938 217 1961 subiiciendi.

319 2710 332 2736 1
353 2708 391 2736 Ex
409 2708 518 2744 Regest.
539 2707 565 2734 in
585 2707 685 2734 Secret.
707 2706 782 2735 BreV.

383 2763 462 2793 Ball.
481 2765 562 2794 Rom.
577 2780 613 2786 —
631 2765 690 2794 Vol.
710 2766 777 2794 XII.
941 2766 975 2796 89

879 306 1056 333 altecomus
1080 308 1123 332 XV
1146 308 1194 333 Pr.

1704 298 1767 333 705
1814 307 1864 336 An.
1880 307 1908 336 C.
1928 307 1993 336 ¹622

1053 355 1154 399 regni,
1170 358 1301 400 propter
1320 355 1465 389 locorum
1490 355 1678 396 distantiam,
1703 356 1796 390 tantis

1055 408 1238 441 monialium
1257 409 1456 442 monasteriis
1474 409 1635 451 invigilare
1649 419 1711 442 non
1728 420 1797 453 pos-

1055 472 1098 503 se,
1114 467 1154 501 et‚
1172 462 1212 495 ob
1232 462 1386 495 desectum
1413 463 1544 495 alicuius
1562 462 1795 495 iuridictionem

1055 516 1086 548 in
1103 515 1147 548 eis
1164 516 1347 555 exercentis,
1363 516 1485 549 diversa
1498 516 1707 556 incommoda,
1724 516 1797 548 abu-

1055 579 1107 600 sus
1132 573 1162 600 et
1181 568 1275 601 etiam
1299 569 1481 612 disciplinae
1506 569 1685 602 huiusmodi
1710 570 1793 601 rela-

1055 621 1213 654 xationem
1238 621 1378 665 irrepere
1403 632 1504 665 posse,
1529 621 1651 665 illisque
1677 621 1796 654 salubri

1055 674 1159 718 aliqua
1194 674 1317 708 ratione
1350 675 1477 708 obviare
1513 685 1627 719 operae
1658 675 1796 718 pretium

1055 727 1198 768 existere,
1220 728 1410 761 monasteria
1427 728 1503 771 ipsa,
1524 728 1714 771 illorumque
1731 739 1797 761 mo-

1055 780 1152 813 niales
1177 780 1369 823 <infradictis
1394 781 1554 814 dumtaxat
1578 781 1732 824 exceptis)
1757 781 1795 814 ab

1055 832 1292 877 eleemosynarii
1316 843 1375 876 pro
1399 838 1543 877 tempore
1567 833 1727 866 existentis
1751 833 1796 865 iu-

1055 884 1237 918 risdictione
1261 891 1414 929 perpetuo
1434 886 1527 918 eximi
1547 897 1582 919 ac
1608 886 1746 925 liberari,
1759 897 1795 919 ac

1054 939 1319 972 Dioecesanorum
1340 939 1549 972 iurisdictioni
1575 939 1686 971 subiici
1712 950 1794 972 sum-

1054 1002 1183 1035 mopere
1208 991 1378 1031 desideras,
1403 1002 1500 1035 quare
1524 992 1615 1025 nobis
1632 993 1794 1025 humiliter

1054 1044 1225 1088 supplicari
1254 1044 1370 1085 fecisti,
1395 1049 1549 1087 quatenus
1573 1046 1652 1078 votis
1676 1046 1738 1077 tuis
1763 1046 1794 1078 in

1052 1097 1235 1141 praemissis
1258 1103 1435 1141 opportune
1458 1098 1625 1141 providere
1649 1098 1687 1131 de
1710 1098 1794 1131 beni-

1054 1151 1169 1194 gnitate
1193 1152 1365 1194 apostolica
1389 1152 1614 1194 dignaremur:

1098 1205 1113 1248 ξ
1137 1205 1166 1237 9..
1189 1205 1252 1238 Nos
1279 1205 1391 1247 igitur,
1417 1210 1446 1237 te
1471 1206 1658 1249 specialibus
1683 1207 1793 1240 sax-ori-

1053 1260 1113 1292 bus
1138 1263 1167 1292 et
1191 1259 1301 1301 gratiis
1326 1260 1475 1303 prosequi
1507 1261 1663 1302 volentes,
1688 1262 1793 1296 liuius-
1807 1257 1871 1298 fluia.

1054 1312 1138 1345 modi
1162 1313 1442 1356 supplicationibus
1467 1313 1616 1354 inclinati,
1635 1316 1739 1348 onmia
1764 1323 1794 1349 et
1808 1313 1819 1351 'r'

1053 1366 1177 1409 singula
1200 1367 1400 1406 monasteria,
1420 1367 1488 1400 loca
1513 1373 1541 1400 et
1568 1369 1742 1412 hospitalia,
1763 1359 1869 1404 ἱι1ἷ,“.’““.“.,ἰ
1920 1392 1926 1414 3
1954 1399 1958 1404 .
1978 1385 1994 1400 v-

1053 1421 1166 1464 quibus
1197 1422 1297 1454 dictae
1329 1422 1481 1455 moniales
1510 1423 1734 1467 reperiuntur,
1759 1435 1794 1457 ac
1809 1411 1993 1463 i‘.¹sssn{‡¹¹}ii;-⁸‹}p¹ii¹s'.

1053 1475 1178 1507 easdem
1203 1476 1371 1516 moniales,
1396 1476 1585 1519 illarumque
1619 1477 1793 1517 ministros,

1052 1529 1187 1562 famulos
1213 1534 1243 1562 et
1266 1540 1419 1572 personas
1441 1532 1675 1574 (praeterquam
1702 1532 1732 1563 in
1756 1532 1796 1564 ci-

1053 1583 1146 1614 vitate
1171 1581 1337 1615 Parisiensi
1368 1588 1397 1615 et
1431 1584 1513 1615 illius
1538 1585 1699 1617 suburbiis
1725 1595 1796 1618 con-

1053 1635 1203 1674 sistentia,
1224 1645 1305 1678 quae
1330 1635 1387 1668 sub
1412 1637 1569 1679 praesenti
1595 1638 1795 1680 exemptione

1054 1693 1184 1732 propter
1204 1688 1394 1721 vicinitatem
1415 1695 1445 1722 et
1465 1690 1538 1722 dicti
1556 1691 1794 1735 eleemosynarii

1053 1741 1253 1774 residentiam
1276 1743 1452 1775 nullatenus
1476 1744 1703 1786 comprehensa
1727 1755 1795 1777 esse

1054 1803 1260 1837 censeantur,
1293 1797 1346 1829 sed
1383 1797 1521 1829 eiusdem
1557 1797 1795 1841 eleemosynarii

1054 1850 1261 1883 iurisdictioni
1281 1857 1445 1894 perpetuo,
1470 1854 1502 1884 ul
1527 1850 1629 1894 prius,
1655 1852 1796 1884 subiecta

1055 1905 1248 1947 remaneant)
1267 1904 1304 1936 ab
1322 1903 1406 1936 omni
1428 1909 1458 1936 et
1482 1914 1681 1947 quacumque
1706 1905 1796 1937 iuris-

1054 1957 1200 1997 dictione,
1225 1957 1455 2000 superioritate,
1482 1957 1668 1995 visitatione,
1693 1968 1796 1991 corre-

1055 2011 1157 2043 ctione
1189 2016 1219 2043 et
1250 2010 1428 2043 obedientia
1461 2021 1543 2043 nunc
1576 2016 1605 2043 et
1638 2022 1695 2054 pro
1721 2017 1795 2044 tem-

1056 2074 1132 2107 pore
1149 2064 1308 2097 existentis
1323 2064 1422 2108 ipsius
1434 2064 1521 2106 regni
1540 2064 1643 2107 magni
1663 2065 1796 2098 elecmo-

1055 2118 1179 2161 synariss
1196 2117 1234 2150 de
1254 2127 1408 2151 consensu
1433 2118 1608 2150 charissimi
1628 2119 1657 2150 in
1673 2118 1795 2151 Christo

1056 2171 1109 2203 tilii
1124 2171 1222 2204 nostri
1234 2171 1381 2204 Ludovici
1396 2171 1588 2204 Francorum
1602 2172 1686 2213 regis
1700 2172 1796 2203 cbris-

1056 2225 1229 2264 tianissimi,
1243 2230 1397 2268 perpetuo
1415 2225 1585 2267 apostolica
1600 2225 1793 2265 auctoritate,

1055 2278 1157 2321 quoad
1176 2278 1359 2321 spiritualia,
1380 2277 1545 2309 eximimus
1562 2283 1588 2309 et
1610 2278 1793 2317 iilit31·sstllus;

1056 2332 1170 2374 illaque
1186 2333 1230 2363 sic
1247 2337 1392 2374 exempta
1416 2336 1445 2363 et
1470 2331 1612 2370 liberata,
1639 2331 1796 2363 llioccesa-

1056 2395 1168 2417 norum
1195 2385 1336 2417 locorum
1355 2394 1412 2427 pro
1430 2389 1571 2427 tempore
1596 2384 1794 2416 existentium

1056 2437 1255 2471 omnimodae
1280 2437 1485 2470 iurisdictioni
1511 2443 1539 2469 et
1565 2438 1793 2480 superioritati,

1057 2491 1235 2531 visitationi,
1245 2491 1433 2524 correctioni
1448 2496 1476 2525 el
1490 2491 1683 2524 obedientiae
1694 2492 1748 2529 (ita
1762 2498 1795 2524 ut

1056 2545 1203 2589 deinceps
1214 2545 1373 2588 perpetuis
1384 2545 1495 2577 suturis
1504 2545 1698 2588 temporibus
1709 2545 1795 2578 Dioc-

1056 2599 1159 2631 cesani
1178 2599 1318 2631 locorum
1337 2598 1515 2630 huiusmodi
1535 2597 1595 2637 illa,
1610 2598 1740 2641 quisque
1755 2599 1794 2631 vi-

1054 2652 1166 2684 delicet
1179 2652 1208 2684 in
1224 2654 1280 2684 sua
1297 2651 1430 2684 dioecesi
1449 2657 1478 2683 et
1499 2651 1653 2691 districtu,
1668 2652 1793 2684 visitare
1823 2674 1827 2677 ψ

1054 2711 1084 2739 et
1107 2705 1268 2748 corrigere
1292 2705 1413 2749 possint
1436 2710 1466 2737 et
1486 2704 1619 2737 debeant
1639 2704 1670 2737 in
1690 2705 1794 2738 omni·
