2293 3231
76 271 125 299 Αιι.
142 270 170 299 C.
193 269 261 298 1623

102 757 216 780 Decretum
232 758 261 780 ir·

75 783 150 808 ritum·

93 1236 207 1262 Derogatio
215 1240 263 1256 cou-

78 1263 199 1284 trau-iorum.

872 273 1048 298 GREGORIUS
1072 275 1113 299 XV
1138 275 1186 299 PP-

274 317 397 362 quoties
420 318 491 351 illae
516 319 715 361 emanabunt,
740 321 831 354 toties
856 321 887 353 in
913 322 1013 365 pristi-
1047 323 1084 356 tis
1109 323 1162 356 Dei
1187 334 1223 356 ac
1247 323 1411 356 beatorum
1441 323 1523 357 Petri
1547 328 1577 356 et
1601 322 1687 356 Pauli
1711 333 1786 367 apo-

273 381 348 404 num
380 377 411 404 et
443 372 668 406 validissimum
699 377 813 407 statum
845 375 1013 415 restitutas,
1047 376 1199 409 stolorum
1224 376 1291 409 eius
1316 386 1348 409 se
1372 376 1494 410 noverit
1517 376 1727 409 incursurum.

274 425 428 468 repositas
452 430 482 458 et
506 426 645 469 plenarie
669 426 892 470 reintegratas,
917 439 951 461 ac
976 428 1013 461 de

273 487 355 511 novo
386 478 501 519 etiam,
526 478 584 512 sub
616 490 814 524 quacumque
846 482 1013 525 posteriori

274 530 358 573 data,
383 542 440 576 per
464 533 680 576 praepositum
703 539 733 567 et
757 534 889 568 clericos
913 535 1013 569 dictae

275 583 533 627 Congregationis
571 597 628 630 pro
667 590 810 631 tempore
849 588 1014 623 existentes

275 637 538 682 quandocumque
558 639 711 682 eligenda,
737 641 922 674 concessas¹
947 652 1014 675 esse

276 695 306 723 et
328 691 414 733 fore,
439 691 620 737 eisdemque
643 699 796 738 perpetuo
826 695 1014 738 suffragari,

320 744 335 788 ἓ
359 744 411 777 94.
437 745 550 789 Sicque
575 756 632 790 per
656 758 872 792 quoscumque
897 749 1015 782 iudices

276 798 453 833 ordinarios
466 805 496 833 et
515 800 685 843 delegatos,
702 802 811 846 quavis
831 803 1016 837 auctoritate

277 852 452 896 fungentes,
477 854 570 888 etiam
595 866 750 889 causarun
769 856 876 900 palatii
893 862 1017 901 aposto-

277 905 328 940 lici
344 907 514 949 auditores,
529 918 564 941 ac
578 908 607 942 S.
622 909 656 941 R.
671 909 703 942 E.
722 909 906 951 cardinales,
923 911 1016 943 etiam

277 959 316 992 de
331 959 429 993 latere
444 961 564 1004 legatos
578 966 608 994 et
623 962 822 1005 vicelegatos,
835 962 1017 1007 dictaequae

278 1013 366 1047 Sedis
383 1014 524 1056 nuncios,
545 1015 678 1048 iudicari
694 1021 725 1049 et
743 1016 867 1049 definiri
893 1017 1017 1057 debere,

278 1076 314 1099 ac
331 1066 455 1100 irritum
480 1072 511 1100 et
534 1067 625 1101 inane
649 1068 799 1112 quicquid
820 1079 910 1102 secus
923 1080 1019 1113 super

280 1119 327 1151 his
351 1129 369 1151 a
392 1129 562 1163 quoquam,
576 1121 685 1164 quavis
709 1122 904 1162 auctoritate,
925 1122 1020 1154 scien-

279 1174 328 1204 ter
350 1171 398 1203 vel
422 1172 614 1214 ignoranter,
640 1174 807 1216 contigerit
831 1175 985 1207 attentari.

323 1224 403 1268 §25
422 1225 490 1258 Non
507 1225 704 1259 obstantibus
720 1227 938 1260 Lateranensis
951 1238 1022 1261 con-

280 1277 342 1311 cilii
366 1278 535 1312 novissime
559 1279 726 1321 celebrati,
754 1281 886 1314 uniones
909 1292 1021 1325 perpe-

280 1335 358 1372 tuas,
375 1331 434 1364 nisi
456 1331 487 1364 in
504 1332 628 1366 casibus
645 1343 663 1365 a
678 1333 747 1366 iure
763 1334 935 1377 permissis,
953 1334 1021 1367 fieri

280 1384 488 1428 prohibentis,
505 1385 637 1429 aliisque
654 1386 815 1430 quibusvis
832 1387 1022 1430 apostolicis,

280 1448 401 1471 necnon
426 1438 457 1471 in
482 1438 693 1483 synodalibus,
712 1440 1022 1485 provincialibusque

281 1497 311 1525 et
322 1492 552 1526 universalibus
565 1493 706 1527 conciliis
717 1493 819 1534 editis,
833 1494 1022 1537 specialibus

281 1546 328 1579 vel
354 1547 563 1589 generalibus,
584 1547 859 1581 constitutionibus
883 1553 913 1581 et
936 1548 1022 1581 ordi-

280 1599 460 1633 nationibus
483 1601 675 1644 apostolicis,
700 1610 838 1641 necnon,
864 1601 889 1633 si
913 1601 945 1633 in
971 1601 1024 1633 ali-

282 1663 346 1698 quo
363 1653 498 1694 obstent,
519 1653 654 1687 vicariae
678 1659 847 1698 perpetuae
864 1665 922 1698 per
936 1665 1024 1698 prae—

1091 429 1202 462 Datum
1228 430 1354 470 Romae,
1379 430 1465 473 apud
1489 429 1517 463 S.
1543 430 1680 470 Petrum,
1705 439 1787 463 anno

1049 482 1273 516 incarnationis
1290 483 1470 516 Dominicae
1486 484 1658 524 iincxxi11¹,
1677 492 1721 516 vn
1738 483 1788 515 ka-

1048 536 1154 569 lendas
1179 536 1294 578 martii,
1311 536 1509 581 pontificatus
1525 537 1625 571 nostri
1644 547 1726 571 anno
1743 546 1786 570 111.

1083 598 1141 626 Dat.
1158 599 1201 627 die
1216 599 1250 626 23
1265 599 1393 627 februarii
1410 600 1487 635 1623,
1505 604 1578 636 pont.
1596 608 1666 628 auno
1682 598 1740 628 111⁹.

1380 736 1450 770 ClV.

1051 815 1170 850 Contra
1194 816 1355 859 maleficos
1379 821 1408 849 et
1432 816 1609 860 sortileqos,
1630 825 1704 849 cum
1720 816 1792 849 dia-

1095 869 1164 902 bolo
1186 873 1319 913 pactum
1339 870 1503 912 facientes,
1530 879 1551 902 α
1574 869 1700 913 fideque
1716 879 1791 912 apo-

1095 922 1246 955 statando
1263 922 1347 955 alios
1369 922 1529 956 laedentes
1541 921 1562 954 ⁸.

1253 1001 1411 1036 Gregorius
1432 1002 1512 1036 Papa
1531 1002 1588 1035 XV,

1176 1047 1212 1073 ad
1231 1049 1405 1081 perpetuam
1423 1047 1468 1074 rei
1488 1046 1669 1074 memoriam.

1097 1116 1326 1160 Omnipotentis
1342 1117 1396 1150 Dei
1409 1117 1579 1150 Salvatoris
1599 1117 1710 1158 nostri,
1728 1118 1792 1162 qui,

1054 1174 1086 1202 ut
1111 1170 1272 1203 hominem
1297 1181 1315 1202 a
1338 1171 1458 1214 laqueis
1478 1170 1594 1204 diaboli
1616 1170 1792 1211 liberaret⁴‚

1055 1234 1182 1256 crucem
1207 1224 1313 1256 subire
1337 1224 1482 1267 dignatus
1506 1230 1562 1265 est,
1579 1225 1672 1266 vices,
1688 1235 1795 1269 quam-

1055 1287 1150 1320 quam
1174 1277 1336 1317 immeriti,
1361 1283 1506 1320 gerentes
1530 1278 1563 1310 in
1587 1279 1691 1318 terris,
1711 1279 1744 1311 in
1764 1279 1795 1311 id

1056 1341 1179 1364 summo
1203 1331 1321 1371 studio,
1346 1331 1430 1363 iuxta
1454 1331 1607 1364 creditum
1632 1331 1724 1365 nobis
1747 1332 1797 1365 de-

1056 1394 1150 1428 super
1174 1384 1364 1428 apostolicae
1384 1384 1543 1417 servitutis
1567 1384 1724 1425 officium,
1749 1385 1795 1418 in-

1056 1437 1245 1478 cumbimus,
1270 1442 1304 1470 ut
1327 1448 1457 1481 gregem
1482 1437 1692 1479 Dominicum,
1712 1438 1796 1471 inae-

1055 1491 1206 1524 stimabili
1230 1492 1333 1535 pretio
1358 1492 1568 1536 redemptum,
1586 1492 1736 1526 adversus
1752 1503 1799 1525 sa⁴

1057 1549 1146 1577 tanae
1165 1544 1291 1577 fraudes
1308 1544 1521 1585 defendamus,
1542 1545 1683 1578 ciusdem
1703 1545 1797 1579 officii

1056 1603 1161 1641 partes
1171 1597 1307 1641 desuper
1319 1598 1558 1642 interponendo,
1572 1599 1798 1643 proutconspi-

1056 1652 1157 1685 cimus
1173 1652 1204 1684 in
1220 1652 1353 1685 Domino
1367 1653 1536 1686 salubriter
1552 1653 1708 1696 expedire.

1693 265 1757 300 795
1802 274 1984 302 An.c.56·1.3

1834 1134 1946 1155 Exordiu-

282 1710 385 1739 sentes
409 1716 597 1750 suppressae
627 1711 657 1740 et
687 1707 840 1740 extinctae
865 1707 1023 1740 erectione

282 1763 313 1792 et
337 1759 547 1800 institutione,
567 1760 643 1793 alias
667 1771 724 1804 per
747 1760 933 1793 recolendae
957 1771 1023 1793 rne-

283 1812 402 1846 moriae
423 1813 511 1846 Pium
537 1813 651 1857 Papam
676 1814 699 1845 V
730 1813 874 1846 similiter
897 1814 1024 1857 praede-

1101 1705 1115 1748 ἓ
1139 1704 1169 1737 ’1.
1195 1704 1274 1738 Sane
1305 1704 1469 1745 nonnulli,
1501 1715 1574 1738 suae
1609 1705 1797 1739 conditionis
1813 1717 1997 1771 §miiiss‘ssflsw’a‘i

1057 1758 1155 1798 obliti,
1170 1763 1199 1791 et
1217 1758 1366 1792 solemnis
1386 1759 1564 1802 sponsionis
1581 1758 1620 1791 ab
1637 1758 1675 1791 iis
1687 1759 1797 1799 factae,
1813 1772 1889 1798 quibus
1917 1772 1938 1792 in
1962 1776 1997 1792 ru-

1057 1822 1129 1845 cum
1149 1812 1181 1844 in
1200 1812 1314 1846 Christi
1331 1822 1461 1855 gregem
1485 1822 1542 1856 per
1566 1822 1691 1845 sacrum
1707 1823 1797 1855 rege-
1811 1799 1879 1846 32³·
1903 1797 1999 1819 ‘'mu''

115 2246 203 2267 Sanctiu
224 2251 273 2272 poa·

87 2273 149 2294 natio.

283 1876 441 1900 cessorem
457 1871 600 1899 nostrum
618 1871 705 1900 motu
720 1867 850 1910 proprio
874 1867 972 1907 sactis,
989 1877 1024 1899 ac

284 1919 386 1952 dictae
408 1920 559 1953 ecclesiae
580 1919 609 1953 S.
632 1920 827 1953 Pantaleonis
843 1920 1025 1953 fundatione

286 1978 316 2005 et
339 1972 507 2014 dotatione,
524 1973 671 2017 illiusque
695 1984 730 2006 ac
755 1973 855 2006 dictae
876 1974 1025 2007 ecclesiae

286 2025 315 2059 S.
341 2026 500 2059 Eustachii
532 2027 734 2070 (iuramento
750 2055 757 2069 ,
788 2027 1026 2061 confirmatione

287 2079 471 2122 apostolica,
491 2080 540 2113 vel
557 2080 665 2124 quavis
690 2081 839 2114 firmitate
859 2081 918 2113 alia
937 2081 1028 2114 robo-

288 2133 384 2176 ratis)
401 2133 523 2167 statutis
547 2137 577 2167 et
597 2134 885 2174 consuetudinibus,
903 2134 1027 2168 ceteris-

288 2196 349 2228 que
373 2186 539 2219 contrariis
562 2186 822 2230 quibuscumque.

333 2240 348 2284 g
371 2239 423 2273 26.
449 2240 531 2273 Nulli
556 2250 632 2284 ergo
653 2241 782 2274 omnino
807 2241 971 2274 hominum
996 2241 1030 2274 li-

289 2298 355 2326 ceat
379 2293 460 2327 hanc
482 2293 629 2337 paginam
655 2299 781 2327 nostrae
805 2294 1028 2335 absolutionis,

289 2346 541 2391 suppressionis,
565 2347 784 2388 extinctionis,
812 2347 1029 2389 abdicationis,

290 2402 511 2443 translationis
540 2402 766 2443 concessionis,
790 2402 1009 2445 assignationis
1023 2429 1030 2443 ,

290 2455 407 2497 statuti,
424 2455 641 2496 ordinationis,
661 2455 860 2489 decretorum
879 2460 910 2488 et
925 2456 1032 2488 volun-

291 2509 362 2542 tatis
390 2509 584 2552 infringere,
615 2509 662 2542 vel
694 2509 721 2542 ci
752 2519 831 2542 ausu
863 2509 1031 2541 temerario

292 2563 458 2596 contraire.
483 2563 515 2596 Si
539 2563 608 2607 quis
644 2567 747 2596 autem
784 2563 845 2596 hoc
881 2566 1032 2596 attentare

1057 1866 1228 1899 nerationis
1252 1867 1413 1899 lavacrum
1442 1866 1550 1899 adsciti
1579 1867 1725 1907 fuerunt,
1750 1877 1799 1899 sa-

1059 1925 1165 1960 tanae,
1190 1920 1239 1953 cui
1263 1920 1505 1961 renunciarunt,
1523 1920 1659 1961 artibus,
1679 1919 1799 1953 malefi-

1059 1973 1125 2013 ciis,
1150 1973 1428 2017 superstitionibus
1456 1984 1492 2007 ac
1514 1974 1644 2007 nefariis
1668 1974 1801 2007 inventis

1060 2037 1189 2071 operam
1213 2027 1288 2060 dare
1307 2037 1372 2060 non
1388 2031 1545 2068 verentur;
1563 2027 1715 2071 quinimo,
1734 2037 1799 2060 ma-

1060 2080 1193 2123 gistrum
1218 2080 1384 2121 imitantes,
1409 2080 1461 2124 qui
1487 2080 1611 2124 capitali
1631 2080 1714 2121 odio,
1739 2090 1801 2124 quo

1061 2134 1234 2166 humanum
1258 2143 1358 2177 genus
1382 2134 1596 2178 prosequitur,
1621 2133 1802 2167 hominibus

1062 2186 1202 2220 insidiari
1225 2196 1399 2231 numquam
1424 2192 1534 2228 cessat,
1554 2187 1736 2231 proximum
1754 2196 1803 2219 va-

1101 2278 1109 2302 ¹
1126 2276 1270 2312 Perperam
1282 2276 1347 2303 edit.
1359 2275 1439 2304 Main.
1452 2276 1516 2312 legit
1526 2276 1682 2304 millesimo
1691 2283 1804 2311 sexage-

1062 2321 1135 2348 simo
1150 2321 1273 2348 secundo
1288 2322 1326 2356 (R.
1343 2321 1392 2356 Τ.).

1098 2366 1113 2392 2
1131 2365 1188 2392 Huc
1202 2366 1267 2392 edit.
1285 2366 1369 2392 Main.
1391 2365 1465 2393 addit
1485 2365 1570 2393 Breve
1588 2366 1669 2393 Pauli
1690 2366 1713 2393 V
1732 2367 1805 2402 quod

1063 2419 1112 2438 nos
1120 2410 1172 2437 iam
1184 2419 1266 2446 supra
1276 2411 1417 2438 retulimus
1426 2419 1486 2447 pag.
1495 2411 1548 2438 266
1558 2411 1639 2439 huius
1651 2411 1715 2439 tomi
1724 2413 1804 2446 (uxr).

1099 2455 1115 2482 3
1128 2455 1164 2482 De
1175 2454 1226 2481 hae
1237 2455 1350 2482 materia
1365 2455 1448 2482 habes
1458 2455 1550 2483 const.
1561 2463 1571 2482 1
1586 2456 1736 2483 lnnocentii
1746 2456 1805 2483 Vlll

1065 2500 1204 2532 Summis,
1217 2504 1282 2527 tom.
1294 2507 1320 2534 V,
1336 2508 1397 2535 pag.
1410 2500 1477 2533 296;
1489 2501 1572 2528 Leon.
1584 2502 1609 2528 X
1620 2501 1711 2528 Const.
1724 2507 1806 2528 xxxin

1066 2544 1208 2576 Honestis,
1225 2544 1289 2571 ibid.
1306 2545 1372 2578 7663
1393 2544 1520 2572 Hadriani
1543 2545 1574 2573 Vl
1595 2545 1686 2573 Const.
1703 2553 1730 2572 vx
1750 2546 1808 2573 Du-

1066 2589 1136 2615 dum
1153 2595 1217 2616 tom.
1231 2595 1266 2622 vt,
1284 2597 1344 2624 pag.
1361 2590 1412 2623 alr,
1429 2590 1497 2617 Sixti
1507 2591 1530 2616 V
1545 2591 1637 2618 Const.
1649 2598 1711 2618 xxvi
1728 2590 1808 2618 Caeli
1836 2622 1840 2624 Δ

291 2616 548 2660 praesumpserit,
568 2616 814 2659 indignationem
839 2615 1034 2659 omnipoten-
1067 2637 1132 2660 tom.
1149 2639 1207 2666 vm,
1224 2641 1284 2669 pag.
1299 2633 1363 2661 646.

327 2679 343 2705 1
359 2678 479 2707 Eri-enee
495 2678 559 2707 edit.
575 2678 654 2707 Main.
671 2678 736 2714 legit
748 2686 878 2705 concessa
891 2679 932 2713 (n.
949 2678 997 2713 r.).

1104 2678 1120 2705 4
1134 2677 1205 2704 Edit.
1222 2677 1301 2705 Main.
1316 2677 1383 2712 legit
1397 2678 1524 2707 liberare
1536 2679 1576 2715 (n.
1593 2680 1642 2713 ¹12).
