2293 3231
69 275 119 303 Λιι.
131 272 159 302 c.
173 266 248 318 ‘1621

87 1851 176 1872 caueam
185 1854 253 1872 tamen

70 1881 143 1899 contra
156 1879 254 1898 universi-

70 1907 134 1924 tatem
152 1904 254 1924 intentan-

113 1931 254 1956 archiepisco—

71 1962 99 1983 po
109 1956 227 1977 Elboreusi.

108 2403 175 2424 Sacra
202 2403 254 2424 Con-

73 2430 166 2455 gregario
174 2430 255 2455 episco-

74 2461 146 2480 porum
161 2458 181 2476 et
195 2462 254 2481 reguv

72 2481 146 2502 larium
162 2482 255 2502 decrevit

72 2508 182 2533 privilegia
211 2510 254 2528 uni-

74 2535 179 2554 versitatis

72 2561 176 2582 servanda
192 2566 246 2582 esse.

207 2540 255 2554 COD·

871 273 1045 298 Gal-:Genius
1068 274 1109 299 XV
1132 274 1181 299 1³1³.

263 320 392 364 pacifica
409 320 616 364 possessione,
636 332 653 353 a
670 321 831 365 quibusvis
852 321 993 365 personis

263 373 398 406 indebite
430 373 610 413 molestari,
634 378 686 406 aut
718 374 762 406 eis
793 374 993 416 gravamina,

263 426 374 459 damna
387 427 434 458 rel
449 426 576 459 iniurias
590 426 724 470 desuper
738 426 881 468 irrogari,
895 426 994 458 acturi

263 479 396 521 collegio
421 485 451 512 ct
475 479 677 520 universitati,
695 480 883 522 illorumque
903 479 995 511 celle-

263 532 396 574 gialibus
413 536 441 566 et
466 532 660 565 scholaribus
681 543 716 565 ac
732 532 874 575 personis
891 531 995 563 huius-

263 584 358 624 modi,
382 595 452 617 cum
478 585 516 618 ab
543 585 596 624 cis,
621 594 794 627 eorumque
817 588 995 627 protectore

264 638 365 669 forent
388 636 546 679 requisiti,
571 647 665 679 super
688 636 878 679 praemissis,
903 636 934 668 in
959 635 995 668 iis

264 699 342 732 quac.
366 688 541 721 iudicialem
574 689 772 732 requirerent
795 688 974 731 indaginem
988 715 995 728 ,

264 741 444 781 summarie,
470 741 652 784 simpliciter
676 746 707 773 et
729 740 767 773 dc
790 741 884 784 plano
898 767 905 781 ‚
930 740 996 773 sine

264 795 397 839 strepitu
413 800 441 827 et
458 795 560 837 figura
584 795 708 836 iudicii,
733 796 798 828 sola
821 795 892 828 facti
916 795 997 828 veri-

264 851 324 882 tate
349 848 498 891 inspecta,
515 848 546 880 in
562 848 630 881 aliis
646 859 731 888 vero,
748 854 843 891 prout
865 848 997 892 qualitas

264 901 468 943 negociorum
481 901 628 943 exigeret,
645 901 779 935 iustitiae
791 901 998 944 complemen-

265 958 342 994 tum,
367 960 570 998 occupatores
603 965 658 987 seu
688 954 883 994 detentores,
907 965 997 997 prae-

265 1012 443 1050 sumptores
467 1012 496 1040 et
516 1007 713 1040 innovatores
735 1007 924 1048 huiusmodi,
941 1018 1015 1040 nec·

265 1070 328 1093 non
352 1060 597 1093 contradictores
616 1060 774 1103 quoslibet
797 1071 832 1093 ac
855 1060 997 1101 rebelles,

266 1112 490 1155 cuiuscumque
514 1112 692 1154 dignitatis,
717 1118 813 1145 status
838 1118 868 1146 et
892 1113 999 1146 condi-

267 1164 357 1197 tionis
381 1165 492 1205 forent,
516 1176 573 1208 per
597 1165 772 1205 sententias,
798 1176 945 1198 censuras
969 1170 999 1198 et

265 1227 382 1260 poenas
405 1217 645 1257 ecclesiasticas,
670 1218 791 1261 aliaque
822 1223 999 1261 opportuna

266 1269 342 1302 iuris
366 1275 396 1302 et
419 1270 490 1302 sacti
514 1270 663 1310 remedia,
687 1271 894 1314 appellatione
917 1276 1000 1314 post-

268 1323 378 1366 posita,
403 1323 641 1366 compescendo,
664 1334 710 1363 ac,
734 1324 881 1366 legitimis
905 1335 999 1367 super

268 1375 314 1407 his
338 1376 487 1408 habendis
518 1377 647 1409 servatis
678 1377 898 1420 processibus,
929 1377 999 1410 illos

266 1429 444 1469 sementi-ns,
461 1439 609 1462 censuras
633 1434 663 1462 et
687 1440 803 1473 poenas
826 1430 999 1473 praedictas

268 1482 446 1520 incurrisse,
463 1484 585 1514 servata
602 1482 703 1514 forma
728 1483 855 1516 Concilii
874 1483 1000 1515 Triden-

267 1534 332 1573 tini,
346 1534 543 1574 declarando,
564 1535 705 1568 invocato
722 1535 814 1568 etiam
833 1535 871 1568 ad
888 1536 957 1576 hoc,
975 1536 999 1567 si

266 1596 347 1630 opus
359 1586 462 1627 fuerit,
477 1587 590 1619 auxilio
603 1587 722 1620 brachii
740 1588 897 1629 secularis,
908 1593 999 1631 prout

267 1639 298 1671 in
315 1640 493 1682 apostolicis
510 1640 555 1672 Pii
573 1644 601 1673 et
618 1640 693 1674 Sixti
710 1640 1000 1684 praedecessorum¹

267 1702 302 1724 ac
326 1692 502 1735 patentibus
534 1693 659 1726 Henrici
689 1693 854 1726 cardinalis
878 1693 1000 1737 praedi-

268 1751 389 1778 ctorum
406 1746 517 1779 litteris
529 1757 624 1789 super
638 1747 817 1790 praemissis
829 1747 1001 1790 respective

268 1798 415 1832 confectis
438 1799 562 1842 plenius
588 1799 701 1832 dicitur
721 1799 890 1839 contineri,

313 1851 327 1894 ἓ
341 1851 369 1884 6.
384 1852 421 1884 Et
433 1852 646 1893 nihilominus,
661 1864 730 1885 cum
747 1853 931 1885 venerabilis
944 1853 1002 1885 fra-

268 1909 316 1937 ter
342 1905 511 1938 modernus
532 1906 787 1950 archiepiscopus
810 1907 1001 1947 Elborensis,

269 1965 363 2000 super
386 1958 600 1991 iurisdictione
624 1964 654 1991 et
678 1959 743 1992 eius
774 1959 923 1992 exercitio
948 1970 1001 1991 seu

268 2009 466 2044 facultatibus
490 2012 646 2044 concessis
676 2013 792 2045 rectori
816 2018 845 2045 et
869 2013 1001 2055 collegio

269 2073 323 2095 seu
346 2063 540 2096 universitati
571 2075 744 2108 eorumque
775 2065 1003 2098 conservatori-

268 2115 327 2147 bus
358 2116 524 2159 praedictis
556 2117 587 2149 in
619 2118 777 2150 scholares
807 2118 1002 2161 praedictos,

268 2169 359 2211 plura
376 2173 554 2203 attentasset
571 2175 600 2202 et
616 2170 648 2202 in
664 2171 729 2203 dies
749 2177 944 2214 procuraret,
961 2171 1004 2203 in-

269 2220 413 2253 troducta
431 2221 469 2253 de
486 2222 630 2255 mandato
645 2223 753 2254 similis
768 2223 1004 2257 ιἐῑοοΓὼιῑίοηίε2

270 2274 355 2306 Pauli
382 2274 481 2317 Papae
511 2275 654 2308 similiter
678 2276 700 2307 V
725 2276 843 2318 pariter
873 2277 1004 2319 praede-

270 2327 403 2360 cessoris
427 2328 526 2360 nostri
547 2338 652 2360 coram
669 2328 789 2360 dilectis
806 2328 878 2360 tiliis
890 2329 1004 2362 nostris

270 2385 393 2413 sanetae
424 2381 581 2413 Romanae
611 2381 766 2413 Ecclesiae
796 2382 1005 2414 cardinalibus

270 2443 364 2475 super
395 2433 495 2465 causis
527 2433 565 2465 ad
594 2434 758 2477 episcopos
787 2439 816 2466 et
845 2435 1005 2476 regulares

270 2486 480 2529 spectantibus
494 2487 680 2530 praepositis
694 2488 907 2520 controversia
925 2488 1005 2520 inter

270 2539 457 2572 modernum
481 2540 752 2584 arcl'iiepiscopum
769 2551 807 2573 cx
826 2542 899 2579 una,
917 2545 946 2573 et
960 2551 1006 2573 re—

270 2597 389 2625 ctorem
409 2603 444 2625 ae
461 2593 694 2625 universitatem
711 2603 765 2626 scu
781 2593 1004 2636 provincialem

306 2654 317 2678 1
335 2652 401 2679 Tum
417 2653 523 2680 Piituin
534 2653 597 2680 Sixti
614 2654 717 2682 litteras
727 2657 790 2689 puto
800 2653 835 2680 de,
846 2661 895 2680 -sse
909 2655 943 2687 (n.
955 2657 1003 2688 Τ.).

1027 322 1201 365 praedictos
1214 322 1347 366 desuper
1361 334 1398 356 ex
1415 323 1511 355 altera
1530 323 1681 366 partibus,
1697 333 1762 355 car-

1027 376 1144 409 dinales
1161 377 1310 420 praedicti
1339 378 1436 410 dictas
1459 378 1618 410 facultates
1643 377 1760 409 eisdem

1027 429 1178 471 collegio,
1209 430 1401 462 universitati
1433 435 1463 462 et
1492 429 1762 463 conservatoribus

1028 491 1083 523 per
1107 481 1225 513 litteras
1257 482 1301 514 Pii
1326 486 1355 516 et
1379 482 1452 515 Sixti
1484 482 1761 525 praedecessorum

1028 543 1191 565 concessas
1223 534 1410 574 suffragari,
1435 545 1555 567 necnon
1587 535 1763 567 scholarem

1029 585 1230 618 Emanuelem
1245 586 1483 630 Alburqucrque
1501 588 1531 619 in
1549 587 1629 620 dicta
1643 587 1764 619 univer-

1029 637 1116 671 sitate
1141 639 1371 672 matriculatum
1396 646 1426 672 et
1450 640 1563 672 ibidem
1588 641 1763 672 studentem

1029 702 1046 723 a
1069 691 1247 724 carceribus
1278 692 1381 724 curiae
1413 693 1688 736 archiepiscopalis
1713 694 1763 725 El-

1030 744 1172 777 borensis
1197 744 1235 776 ad
1260 744 1398 777 eiusdem
1416 745 1624 778 universitatis
1642 756 1764 778 conser-

1030 801 1168 829 vatorem
1193 797 1415 830 remittendum
1441 798 1505 829 sore
1523 803 1552 829 et
1570 808 1636 829 esse
1661 798 1765 830 decre-

1031 849 1147 889 verint,
1173 860 1323 893 cumque,
1348 850 1473 882 decreto
1498 850 1677 882 huiusmodi
1702 861 1764 883 non

1030 902 1181 943 obstante,
1202 902 1303 934 dictus
1318 902 1484 934 modernus
1509 902 1765 945 archiepiscopus

1031 966 1156 987 causam
1185 955 1408 988 iurisdictionis
1437 956 1614 999 praedictae
1644 957 1697 989 uni
1729 968 1765 988 ex

1031 1007 1150 1040 dilectis
1165 1007 1236 1040 siliis
1251 1009 1440 1052 cappellanis
1456 1009 1572 1042 nostris
1587 1009 1766 1052 apostolicis

1032 1061 1183 1095 committi
1209 1062 1346 1102 instaret,
1364 1062 1457 1094 iidem
1475 1062 1647 1095 cardinales
1664 1062 1768 1094 decre-

1032 1119 1113 1155 tum,
1138 1125 1194 1157 per
1219 1125 1272 1147 eos
1296 1119 1328 1148 ut
1351 1115 1526 1158 praefertur
1550 1116 1681 1154 sactum,
1706 1126 1764 1158 apw

1031 1166 1248 1209 probaverint,
1273 1172 1303 1199 et
1334 1173 1561 1210 consequenter
1584 1168 1766 1211 privilegia,

1031 1219 1245 1262 exemptiones
1269 1225 1298 1252 et
1322 1220 1570 1253 conservatorias
1594 1231 1650 1263 per
1679 1221 1766 1252 Pium

1032 1276 1062 1303 et
1086 1271 1205 1304 Sixtusn
1230 1272 1489 1315 praedecessores
1519 1273 1697 1316 praedictos
1722 1283 1768 1304 re-

1032 1324 1122 1364 ctori,
1138 1324 1332 1357 universitati
1353 1331 1383 1357 et
1398 1325 1580 1368 provinciali
1600 1325 1767 1367 praedictis

1033 1387 1180 1410 concessa
1204 1377 1321 1410 eisdem
1346 1378 1529 1421 suffragari,
1555 1383 1584 1410 ct
1608 1378 1767 1410 scholares

1034 1431 1064 1462 in
1088 1431 1197 1463 eadem
1222 1431 1422 1464 universitate
1446 1431 1660 1464 matriculatos
1683 1436 1711 1463 et
1739 1431 1767 1462 iu

1033 1484 1212 1516 carceribus
1235 1484 1334 1516 dictae
1355 1485 1459 1516 curiae
1484 1484 1624 1516 detentos
1641 1484 1768 1516 omnino

1034 1537 1217 1570 relaxandos
1242 1538 1307 1570 fore
1331 1543 1362 1569 ct
1380 1548 1448 1570 esse
1480 1537 1714 1576 mandaverint,
1739 1544 1767 1568 vt

1035 1589 1172 1633 insuper,
1192 1601 1226 1622 re
1243 1590 1281 1622 de
1298 1601 1379 1623 novo
1395 1591 1434 1623 ad
1458 1601 1511 1623 cos
1535 1590 1678 1630 deducta,
1703 1591 1767 1633 pri-

1034 1643 1146 1685 vilegia
1178 1643 1337 1686 praedicta
1364 1654 1426 1676 non
1457 1644 1551 1676 modo
1575 1644 1768 1686 peregrinos,

1035 1695 1088 1727 sed
1105 1695 1197 1728 etiam
1214 1696 1415 1729 dioecesanos
1439 1696 1580 1733 clericos,
1598 1696 1768 1728 dummodo

1034 1747 1066 1779 in
1094 1748 1259 1780 matricula
1291 1748 1431 1781 eiusdem
1470 1748 1680 1781 universitatis
1717 1748 1769 1780 d.=-

1035 1801 1142 1844 scripti
1159 1806 1270 1841 essent,
1291 1801 1457 1844 complecti
1478 1801 1721 1839 declaraverint;
1740 1807 1765 1833 ct

1034 1854 1203 1886 novissime
1231 1865 1355 1887 causam
1387 1855 1605 1898 appellationis
1636 1865 1654 1887 a
1687 1865 1766 1897 qua-

1035 1907 1106 1939 dam
1124 1908 1275 1940 sententia
1295 1907 1445 1940 auditoris
1470 1908 1568 1940 nostri
1593 1907 1770 1940 collectoris

1036 1960 1067 1991 in
1098 1960 1254 1992 Lusitania
1278 1971 1371 2003 super
1401 1961 1541 1993 nullitate
1568 1966 1598 1992 et
1621 1960 1770 1993 iniustitia

1036 2024 1239 2046 censurarum
1271 2024 1327 2057 per
1358 2014 1511 2046 vicarium
1542 2013 1695 2057 praedicti
1720 2024 1771 2045 ar-

1036 2066 1227 2110 chiepiscopi
1252 2067 1434 2099 Elborensis
1455 2067 1602 2099 adversus
1622 2067 1721 2099 dietae
1738 2078 1771 2098 u-

1036 2119 1224 2151 niversitatis
1238 2124 1490 2151 conservatorem
1508 2119 1538 2150 in
1552 2118 1661 2151 eadem
1679 2121 1771 2151 causa

1037 2172 1214 2204 Emanuelis
1225 2172 1464 2215 Alburquerque
1477 2172 1723 2211 sulminatarum,
1734 2172 1771 2204 [lc

1038 2224 1090 2256 lite
1115 2224 1201 2256 litem
1230 2224 1418 2263 suscitando,
1444 2224 1556 2257 dilecto
1583 2224 1648 2257 tilio
1672 2225 1770 2266 magi-

1038 2282 1103 2310 stro
1128 2278 1265 2310 Fabritio
1282 2278 1433 2321 Verospio
1453 2278 1526 2310 dicti
1550 2278 1649 2311 nostri
1666 2278 1770 2321 palatii

1038 2330 1201 2373 apostolici
1225 2341 1391 2363 causarum
1419 2331 1570 2371 auditori,
1595 2331 1677 2363 dicta
1706 2330 1773 2362 uni-

1039 2382 1183 2416 versitate
1207 2388 1237 2415 et
1262 2383 1394 2425 collegio
1411 2394 1473 2416 non
1494 2384 1604 2423 citatis,
1619 2383 1769 2416 committi

1039 2435 1213 2475 extorserit,
1231 2436 1319 2468 cuius
1333 2437 1440 2479 vigore
1456 2437 1674 2469 inhibitionem
1693 2446 1772 2469 ema—

1038 2493 1152 2528 natam,
1169 2492 1199 2522 ct
1218 2489 1249 2521 in
1272 2490 1413 2532 partibus
1430 2496 1626 2533 exequutam,
1644 2501 1772 2533 congre-

1038 2541 1122 2582 gatio
1144 2541 1302 2584 praedicta
1327 2542 1549 2574 moderandam
1575 2553 1640 2575 esse
1664 2543 1770 2576 decre-

1038 2594 1134 2634 verit,
1158 2598 1252 2638 prout
1282 2595 1314 2627 in
1343 2595 1476 2628 decretis
1504 2601 1535 2629 et
1564 2596 1772 2629 declaratione

1038 2646 1213 2690 praedictis,
1227 2647 1319 2680 etiam
1337 2648 1460 2691 plenius
1476 2648 1589 2681 dicitur
1608 2649 1771 2689 contineri,
1793 2670 1797 2672 v

1668 265 1731 299 613
1776 274 1828 301 An.
1842 273 1870 302 c.
1891 273 1957 302 1621
