2293 3231
0 3161 13 3231 auu-⁷³,
0 3147 5 3154 ν

137 285 186 312 Au.
202 285 232 312 u.
255 283 321 312 1612

301 824 313 829 x
337 811 474 840 strarum
499 806 674 840 litterarum
695 806 876 839 huiusmodi
894 804 1080 849 apostolicas

214 1668 329 1695 neronam

146 1695 307 1716 contrariorum.

178 2474 317 2495 Prooemium.

972 281 1092 306 raptvs

335 331 561 375 apostolorum,
575 336 604 362 et
620 336 745 363 nostrae
759 328 992 372 indignationis,
1009 339 1077 361 nee-

334 393 397 416 non
422 382 754 415 excommunicationis
779 382 846 425 ipso
871 382 951 414 sacto
977 381 1095 415 incur-i

336 435 442 468 rendis
466 436 591 478 poenis,
616 447 633 468 a
658 436 773 479 quibus
798 435 920 468 nonnisi
946 446 962 467 a
988 435 1095 467 nobis<

336 493 366 521 et
381 488 459 522 Sede
476 488 664 532 Apostolica,
682 494 901 532 praeterquam
919 488 950 520 in
968 487 1077 520 mortis

337 541 470 574 :u‘tieulo
495 541 664 581 constituti,
682 541 799 574 absolvi
826 540 960 584 possitis,
978 540 1079 573 distri-

337 600 385 627 cte
409 594 632 638 praecipiendo
657 594 851 633 mandamus,
876 604 914 626 ne
941 603 1004 633 vos,
1030 593 1096 625 vel=

337 653 475 681 vestrum
493 647 659 692 quispiam,
678 648 788 691 quovis
804 647 945 691 quaesito
962 647 1078 686 colore,

337 701 474 744 ingenio,
497 701 542 734 vel
568 707 741 745 praetextu,
759 705 811 735 aut
826 711 862 734 en
880 709 1078 744 quacumque

337 756 442 794 causa,
467 760 576 787 eontra
601 755 739 787 eiusdem
764 753 948 793 Clementis,
973 758 1003 785 et
1026 763 1080 785 no-

338 859 578 903 prohibitiones‚
603 859 757 899 mandata,
778 859 904 891 decreta
927 862 957 889 et
982 857 1081 889 decla-

338 912 497 953 rationes,
531 917 583 944 aut
615 912 796 945 earumdem
827 911 1003 943 litterarum
1036 914 1080 942 te-

338 974 449 998 norem
469 992 476 1004 ,
509 965 555 997 vel
594 964 670 997 alias
702 963 937 1007 quomodolibet
972 967 1081 996 contra

339 1017 557 1050 auctoritatem
578 1016 831 1055 ecelesiasticam,
849 1026 884 1048 ae
900 1014 987 1048 Sedis
1005 1016 1082 1058 Apo-

340 1066 477 1111 stolicae,
494 1076 524 1103 et
541 1070 690 1103 ecelesiae
706 1069 885 1103 Cenetensis
901 1067 1081 1101 huiusmodi

341 1123 420 1164 iura,
445 1123 563 1156 directe
588 1123 635 1156 vel
661 1123 822 1163 indirecte,
843 1122 935 1156 tacite
961 1122 1007 1154 vel
1031 1132 1100 1175 eb*

340 1188 458 1221 presse,
483 1187 539 1221 per
563 1188 595 1210 se
621 1177 667 1210 vel
691 1177 797 1216 alium,
815 1181 977 1215 attentare,
998 1175 1083 1207 inno-

342 1241 425 1271 vare,
445 1231 546 1263 facere
563 1236 593 1263 et
610 1230 817 1270 committere,
835 1240 889 1262 seu
909 1228 1081 1269 attentanti,
1098 1252 1100 1268 ς

341 1284 500 1317 innovanti
525 1289 578 1317 aut
602 1283 807 1317 committenti
832 1281 1008 1316 consentire
1033 1292 1100 1314 au-¹

341 1338 450 1378 deatis,
471 1338 519 1370 vet
544 1337 769 1381 praesumatis:
787 1337 912 1369 irritum
929 1337 1085 1369 nihilomi-

342 1402 400 1425 nus
425 1392 630 1424 decernentes
662 1396 692 1423 et
727 1391 818 1423 inane
850 1390 1002 1434 quidquid
1027 1386 1101 1433 per}

344 1455 398 1478 vos
421 1450 451 1477 et
474 1449 613 1478 vestrum
638 1444 818 1487 quemlibet,
838 1449 872 1476 ut
896 1444 1103 1487 praesertum,

343 1497 486 1530 innovari
506 1508 561 1530 seu
578 1497 647 1529 fieri
672 1502 780 1530 contra
801 1496 1033 1540 praedictarum
1050 1507 1084 1528 ac
1101 1485 1103 1502 ³

343 1550 556 1594 praesentium
581 1550 758 1583 litterarum
782 1555 923 1583 tenorem
941 1551 1085 1584 attentari

344 1603 519 1646 contigerit.

389 1655 446 1699 53.
464 1656 531 1688 Non
549 1655 746 1688 obstantibus
760 1656 906 1689 omnibus
924 1656 994 1696 illis,
1007 1667 1086 1700 quae

345 1710 375 1742 in
399 1709 490 1742 dietis
506 1709 616 1742 litteris
634 1710 789 1742 voluimus
805 1720 867 1742 non
888 1710 1022 1750 obstare,
1040 1721 1104 1743 ce-.

346 1761 482 1805 terisque
507 1761 674 1795 contrariis
699 1762 956 1805 quibuscumque.

389 1815 501 1848 Datum
532 1815 648 1848 Romae
678 1815 760 1859 apud
792 1820 929 1847 sanctam
958 1815 1085 1848 Mariam
1103 1831 1104 1842 ι

345 1869 504 1909 Maiorem,
524 1869 582 1902 sub
602 1869 718 1902 annulo
739 1869 915 1908 piscatoris,
932 1868 982 1901 die.
999 1878 1087 1901 xxvu
1103 1883 1104 1922 ἢ

346 1921 423 1954 iunii
449 1931 578 1962 MDCXIV,
603 1921 803 1964 pontificatus
827 1921 926 1955 nostri
951 1932 1031 1954 anno
1056 1925 1105 1954 x.'

382 1983 442 2010 Dat.
464 1983 507 2010 die
527 1983 560 2010 27
581 1983 648 2010 iunii
671 1983 749 2016 ¹514,
772 1982 864 2018 pontif.
878 1991 961 2010 an..x.

656 2101 773 2134 CCLIV.

351 2171 433 2203 Unio
456 2171 700 2213 provinciarmn
725 2170 763 2202 cle
786 2171 940 2211 Peraiba,
957 2172 1085 2205 Itoma-

393 2234 469 2256 raca
485 2227 513 2256 ee
526 2223 587 2257 Rio
600 2223 734 2266 yrande,
752 2224 940 2266 provinciae
961 2224 999 2257 de
1014 2225 1089 2258 Per-

394 2276 550 2309 nambuco
574 2276 611 2308 in
636 2275 743 2309 Incliis
767 2276 1046 2309 occidentalibus&

592 2347 703 2374 Paulus
721 2347 797 2380 Papa
813 2347 843 2379 V,

478 2391 514 2418 ad
529 2394 705 2426 perpetuam
720 2391 765 2418 rei
781 2391 961 2418 memoriam.

394 2454 428 2486 ln
459 2453 706 2497 supereminenti
742 2453 903 2486 militantis
934 2453 1089 2487 Ecclesiae

350 2508 496 2550 specula,
522 2506 641 2541 meritis
666 2507 736 2539 licet
761 2506 953 2551 imparibus,
985 2506 1088 2539 divina

384 2589 397 2614 ¹1
414 2588 512 2615 Confer
525 2588 654 2623 analogas
664 2588 875 2615 constitutiones
892 2596 976 2623 supra
990 2588 1090 2616 relatas

349 2639 410 2668 pag.
426 2632 443 2659 9
456 2636 483 2659 et
497 2632 528 2658 21
552 2631 632 2659 huius
650 2635 716 2659 tom.
737 2633 776 2665 (n.
791 2636 840 2663 T.).

385 2675 403 2703 2
421 2674 459 2702 Ex
475 2675 581 2712 Regest.
598 2676 625 2703 in
645 2675 745 2704 Secret.
763 2675 839 2704 Brev.

1117 281 1135 304 v
1162 281 1208 305 rr.
1752 268 1808 302 27¹

1111 328 1315 371 dispositione
1328 327 1539 371 praesidentes
1553 326 1590 357 :ul
1606 326 1748 358 universa
1760 324 1850 357 Orbis

1111 381 1177 413 loca
1203 380 1400 423 potissiumm
1426 379 1649 423 omnipotentis
1675 378 1726 410 Dei
1758 377 1849 409 misi·-

1111 433 1247 465 ricorditi
1274 444 1329 476 per
1354 433 1525 465 catholicos
1557 442 1647 474 reges
1676 437 1703 463 et
1734 429 1851 474 princi-

1111 496 1165 528 pes
1183 485 1253 517 fidei
1272 485 1442 518 catholicae
1459 483 1683 528 praedicationi
1701 482 1851 527 patefacta

1111 537 1209 569 aciem
1230 541 1354 571 nostrae
1375 537 1584 570 meditationis
1604 535 1805 574 intendimus,
1823 539 1851 566 et

1112 596 1144 622 ut
1170 590 1200 622 in
1226 591 1303 623 locis
1328 590 1506 623 huiusmodi
1532 591 1699 633 plantetur,
1720 594 1747 620 et
1767 588 1853 632 plan—

1113 646 1173 676 tata
1191 643 1396 676 confirmetur
1412 643 1524 675 Christi
1541 642 1662 685 religio,
1680 651 1852 684 eorumque

1113 697 1232 729 incolae
1257 696 1502 739 etahabitatores
1526 695 1731 739 propriorum
1747 698 1852 737 pasto-

1114 759 1183 780 rum
1204 748 1380 781 assistentia
1404 754 1432 781 et
1458 748 1610 790 regimine
1626 746 1744 779 suffulti
1761 745 1854 790 prosi-

1115 801 1197 833 ciant
1209 811 1335 845 semper
1350 801 1379 833 in
1392 801 1452 833 fide
1465 804 1493 834 et
1505 800 1654 844 operibus
1666 798 1852 839 christianis,

1115 864 1208 898 opem
1225 859 1255 886 et
1270 864 1401 898 operam
1419 853 1550 886 libenter
1567 852 1776 896 impendimus
1793 851 1855 884 effi-

1115 918 1229 947 cacem;
1256 912 1349 951 prout
1375 907 1557 940 eorumdem
1582 916 1693 948 regum
1715 905 1853 948 exposcit

1115 960 1256 1000 devotio,
1281 971 1418 1004 nosque,
1442 961 1585 993 locorum
1610 964 1640 991 et
1663 968 1770 991 rerum
1794 957 1855 990 cir-

1115 1013 1310 1047 cumstantiis
1332 1018 1455 1046 mature
1479 1012 1625 1056 pensatiS,
1645 1012 1682 1044 ad
1706 1011 1779 1043 fidei
1803 1021 1855 1043 or-

1116 1064 1270 1097 thodoxae
1301 1064 1571 1097 conservationem
1599 1068 1628 1095 ct
1654 1061 1855 1106 propagatio-

1116 1128 1198 1158 nem,
1215 1118 1454 1161 animarumque
1472 1117 1603 1149 salutem
1628 1121 1655 1148 et
1680 1117 1855 1159 prolictmn

1117 1171 1328 1214 prospicimus
1337 1170 1368 1202 in
1378 1170 1510 1204 Domino
1521 1169 1686 1202 salubriter
1697 1168 1854 1212 expedire.

1162 1227 1176 1268 ξ
1205 1225 1228 1257 l.
1255 1225 1337 1258 Alias
1361 1224 1526 1268 siquidem,
1552 1227 1718 1267 postquam
1737 1223 1768 1255 in
1789 1233 1857 1266 par-

1117 1278 1201 1312 tibus
1226 1278 1385 1311 lndiarum
1407 1278 1648 1311 occidentalium
1669 1275 1855 1310 cathedralis

1117 1332 1249 1366 ccclesia
1261 1332 1363 1365 Sancti
1379 1333 1548 1365 Salvatoris
1565 1332 1734 1376 apostolica
1752 1338 1857 1365 aucto-

1118 1388 1208 1421 ritate
1223 1393 1336 1429 erecta,
1349 1393 1377 1423 et
1395 1388 1468 1426 illi¹,
1481 1399 1539 1432 pro
1557 1392 1643 1432 parte
1661 1387 1813 1421 dioecesis
1827 1391 1856 1421 et

1119 1441 1194 1474 cleri
1212 1452 1246 1474 ac
1263 1442 1382 1486 populi,
1397 1442 1557 1486 provincia
1575 1442 1612 1474 de
1627 1441 1856 1479 Pernambuco,

1119 1495 1212 1538 vulgo
1225 1501 1412 1539 nuncupata,
1427 1506 1574 1529 concessa
1587 1500 1615 1527 et
1629 1494 1785 1537 assignata
1797 1494 1860 1527 sue—

1120 1555 1177 1589 rat,
1207 1560 1264 1593 pro
1293 1555 1383 1593 parte
1408 1549 1585 1582 charissimi
1605 1549 1635 1581 in
1654 1548 1778 1581 Christo
1802 1547 1857 1580 filii

1102 1603 1218 1636 *nostri
1247 1603 1382 1646 Philippi
1412 1602 1620 1645 Pol-tugalliae
1646 1606 1673 1635 et
1695 1601 1860 1644 Algarbio-

1102 1682 1104 1688 ,
1121 1667 1191 1688 rum
1209 1657 1292 1699 regis
1318 1656 1462 1689 catholici
1486 1656 1577 1688 nobis
1594 1655 1751 1699 exposito,
1775 1655 1859 1699 quod

1121 1720 1177 1752 pro
1195 1714 1337 1753 tempore
1352 1709 1485 1741 existens
1499 1709 1665 1753 episeopus
1679 1707 1782 1740 Sancti
1799 1707 1862 1740 Sal-

1122 1762 1246 1801 vatoris,
1268 1762 1308 1795 ob
1333 1762 1432 1794 dictae
1454 1761 1634 1805 provinciae
1663 1761 1700 1793 (le
1717 1761 1863 1793 Pernam-

1122 1816 1203 1849 huco
1227 1816 1417 1855 distantiam,
1438 1815 1596 1858 marisque
1628 1813 1861 1848 incommodam

1121 1879 1155 1901 ac
1181 1868 1340 1901 difficilem
1372 1874 1397 1901 et
1429 1868 1663 1913 dispendiosam
1688 1867 1861 1910 navigatio-

1121 1932 1214 1961 nem,
1248 1922 1485 1965 piratarumque
1520 1921 1581 1954 illic
1616 1920 1860 1953 discurrentium

1121 1975 1310 2017 periculum,
1333 1986 1437 2011 curae,
1456 1975 1600 2017 regimini
1620 1979 1647 2006 et
1667 1973 1863 2006 administra-

1103 2018 1196 2065 {tioni
1224 2028 1271 2060 sui
1297 2029 1403 2071 gregis
1428 2029 1458 2060 in
1483 2029 1564 2061 dicta
1594 2027 1756 2071 provincia
1781 2037 1861 2060 con-

1103 2076 1259 2119 {sistentis
1284 2092 1347 2113 non
1372 2081 1437 2113 sine
1462 2082 1545 2113 illius
1570 2081 1677 2114 salutis
1698 2080 1862 2124 dispendio

1103 2124 1283 2180 {intendore
1315 2135 1485 2177 nequibat.
1516 2135 1651 2177 hincque
1681 2134 1800 2166 incolae
1833 2139 1858 2165 et

1105 2196 1106 2214 t
1122 2187 1313 2219 habitatores
1327 2187 1426 2220 dictae
1443 2187 1623 2231 provinciae
1641 2197 1696 2219 nec
1715 2187 1786 2219 fidei
1811 2187 1862 2219 do-

1122 2239 1234 2277 ctrina,
1259 2250 1315 2272 nee
1332 2240 1381 2283 pie
1407 2240 1528 2272 vivendi
1546 2240 1721 2284 praeceptis
1739 2240 1860 2275 instrui.

1122 2303 1189 2333 nec,
1207 2293 1231 2325 si
1257 2293 1331 2336 quid
1356 2293 1562 2336 deliquerant,
1583 2293 1699 2335 corrigi
1725 2293 1763 2325 ab
1783 2293 1861 2337 epis-

1123 2356 1203 2389 eopo
1228 2357 1284 2379 suo
1309 2351 1470 2389 poterant:
1489 2352 1516 2379 et
1535 2351 1714 2390 propterea,
1737 2347 1760 2378 si
1779 2346 1859 2379 dicta

1105 2402 1107 2433 ζ
1123 2398 1284 2441 provincia
1309 2399 1346 2431 de
1372 2399 1586 2431 Pernambueo
1603 2410 1620 2431 a
1637 2399 1797 2443 praedicta
1814 2411 1861 2432 ec-

1104 2445 1107 2504 i
1123 2451 1217 2483 clesia
1231 2452 1334 2485 Sancti
1352 2452 1521 2486 Salvatoris
1542 2457 1740 2495 separaretur
1757 2456 1785 2486 et
1802 2452 1862 2485 dis-

1104 2506 1366 2546 {membran-etur,
1392 2506 1504 2548 illaque
1530 2506 1573 2538 sic
1598 2512 1742 2550 separata
1758 2512 1786 2539 et
1804 2506 1861 2539 dis-

1105 2559 1297 2591 ¹¹membrata
1321 2559 1351 2590 in
1376 2559 1522 2591 vicariam
1544 2569 1597 2591 seu
1623 2559 1862 2593 administratio-

1105 2687 1107 2706 t
1162 2677 1169 2701 l
1194 2674 1263 2703 Edit.
1281 2675 1362 2703 Main.
1380 2675 1443 2712 legit
1461 2675 1528 2703 illac
1545 2679 1581 2710 (n.
1599 2676 1646 2711 rs.

1863 277 1908 303 An.
1928 276 1956 302 C.
1981 274 2046 301 tht

1911 1235 1988 1256 Paulus
2007 1240 2054 1260 pro-

1872 1263 1961 1283 vinciam
1972 1262 1997 1282 de
2007 1263 2055 1282 rer-

1871 1289 1975 1309 nambuco
1985 1288 2012 1308 ab
2022 1293 2054 1308 ec·

1871 1316 1936 1336 clesia
1947 1315 1969 1336 S.
1980 1314 2055 1335 saim-

1872 1342 1923 1361 toris
1954 1347 2055 1366 separans

1871 1369 1892 1388 in
1901 1368 2002 1389 vicariam
2011 1373 2055 1388 ere-

1871 1397 1937 1416 xerat.
