2293 3231
111 243 163 272 ΑΙ.
178 241 208 270 C.
229 240 293 270 ¹621

146 675 202 700 Quos
224 676 247 695 ut
268 673 294 694 nb

112 701 186 728 iniquo
202 701 297 722 resiliant

112 728 237 756 proposito,
260 727 297 748 ad·

113 760 210 780 monem.

915 230 1093 257 Gnsscomus
1116 230 1158 255 XV
1181 229 1229 254 PP.

307 287 382 328 mis,
408 289 439 319 et
460 289 556 319 notus
580 292 680 317 meus.
708 280 870 326 Siquidem
893 290 956 314 non
980 279 1064 313 sinc³

307 338 395 383 gravi
425 338 520 371 animi
549 336 648 370 nostri
680 335 824 369 molestia
851 333 1047 377 accepimus,

307 402 371 426 non
390 391 498 425 deesse
523 401 561 424 ex
585 389 747 423 catholicis
771 388 861 431 regni
885 386 1047 426 Franciae,

309 446 362 491 qui
384 445 415 479 in
435 445 484 479 his
501 444 734 478 haereticorum
758 441 896 475 motibus
919 449 982 473 non
1003 450 1049 472 so-

308 499 374 534 lum
399 509 418 532 a
440 509 516 542 rege
541 508 615 538 suo,
640 502 674 530 ut
698 496 746 529 ius
770 500 800 528 et
823 495 868 528 sas
893 492 1048 538 postulat,

309 563 373 587 non
397 557 495 593 stent,
520 551 574 585 sed
603 550 742 584 hostium
766 547 882 592 iniquis
906 546 1049 592 partibus

309 607 425 647 favere,
449 605 549 649 iisque
573 604 745 637 adhaerere
768 612 832 636 non
855 605 1033 634 vereantur.

355 659 370 703 ἓ
394 659 424 692 4.
449 658 532 698 Quos
561 657 680 691 idcirco
703 667 761 690 nos
784 659 913 700 paterno
937 653 1050 686 affectu

311 713 401 746 enixe
425 712 457 745 in
480 711 614 745 Domino
638 711 815 750 hortamur,
835 713 870 741 ut
893 716 1051 741 memores

312 766 407 800 officii
427 766 485 807 sui,
503 770 533 799 et
552 764 625 798 sidei
645 774 740 808 quam
764 763 832 805 regi
852 771 910 795 suo
927 760 1051 799 debent,

313 830 470 854 memores
489 819 668 852 divinorum
688 816 908 850 mandatorum
930 819 960 847 et
976 813 1053 846 iudi-

313 873 445 914 ciorum,
457 871 644 906 contristare
657 869 799 903 desinant
815 867 988 902 Ecclesiam
998 865 1052 900 Dei

312 931 446 960 matrem
460 936 560 966 suam,
570 934 649 968 quae
664 923 731 956 sine
743 922 853 956 dolore
865 920 974 954 audire
989 929 1052 952 non

312 983 424 1025 potest,
442 979 523 1012 filios
539 979 618 1011 'suos
643 987 715 1010 cum
736 975 841 1019 impiis
861 979 983 1019 partem
1002 973 1055 1006 ha-

312 1033 389 1067 bere
401 1033 552 1066 adversus
562 1030 739 1076 principem
753 1039 854 1069 suum,
864 1033 893 1061 et
904 1027 1054 1060 adversus

313 1087 413 1121 Deum
430 1087 551 1130 ipsum:
569 1085 629 1129 qui
648 1083 735 1117 enim
749 1082 901 1126 potestati
920 1080 1053 1119 resistit,

314 1139 378 1174 Deo
394 1139 516 1173 resistit
522 1151 534 1180 ,·
561 1141 707 1181 tantoque
731 1135 868 1179 gravius,
885 1133 969 1178 quod
985 1133 1056 1166 hae—

314 1193 431 1234 reticis,
456 1197 486 1226 et
509 1202 527 1225 a
550 1201 648 1234 grege
671 1189 785 1224 Christi
810 1187 993 1231 segregatis,
1015 1187 1056 1219 sa-

316 1252 388 1281 vent
407 1251 437 1280 et
467 1245 676 1290 opitulantur:
701 1253 786 1288 quae
809 1242 898 1276 enim
921 1241 1055 1274 societas

317 1300 384 1334 luci
407 1304 435 1333 et
461 1298 614 1339 tenebris,
642 1301 700 1331 aut
726 1297 854 1332 Christo
878 1299 907 1328 et
931 1293 1052 1329 Belial.

315 1353 404 1394 Quod
421 1353 447 1386 si
460 1362 524 1386 non
536 1351 608 1385 odio
624 1350 789 1394 religionis
806 1350 866 1383 hoc
883 1348 952 1381 sieri
969 1357 1057 1392 prae-

316 1407 455 1448 tendant,
464 1405 639 1448 intelligant
654 1414 718 1437 non
730 1403 849 1436 idcireo
862 1401 946 1446 apud
958 1401 1056 1434 Deum

317 1459 471 1500 excusari,
482 1458 571 1492 cuius
585 1457 673 1490 valde
687 1455 855 1490 offenditur
872 1460 903 1488 et
915 1454 1057 1487 irritatiu¹

318 1513 475 1553 maiestas,
498 1510 632 1555 quoties,
657 1521 729 1543 cum
754 1509 861 1552 regiae
886 1506 1057 1541 maiestatis

317 1565 501 1606 offensione,
526 1562 692 1597 haereticis
717 1562 847 1595 favetur.
874 1561 982 1604 ltaque
1007 1559 1059 1592 ite-

318 1631 389 1654 rum
403 1619 502 1653 cosin
517 1617 650 1652 Domino
664 1617 830 1650 hortamur
840 1620 870 1649 et
882 1624 1058 1654 monemus,

319 1684 354 1707 ac
371 1673 429 1706 sub
450 1670 705 1710 interminatione
721 1669 818 1702 divini
836 1668 942 1701 iudicii
959 1666 1061 1710 requi-

319 1726 419 1759 rimus
431 1736 488 1770 per
504 1725 626 1758 viscera
641 1722 766 1757 Domini
783 1721 882 1755 nostri
895 1721 965 1754 Iesu
977 1720 1061 1754 Chri-

319 1780 369 1822 sti,
386 1784 457 1815 ante
473 1779 562 1813 cuius
579 1777 718 1811 tribunal
735 1785 844 1810 omnes
860 1785 918 1809 nos
935 1774 1061 1808 manife-

321 1835 397 1869 stari
420 1838 554 1879 oportet,
577 1831 732 1866 reddituri
752 1831 790 1864 de
810 1830 899 1863 factis
923 1828 1060 1874 propriis

320 1888 487 1929 rationem,
503 1892 538 1920 ut
554 1886 592 1920 ad
609 1896 664 1920 cor
682 1884 820 1926 redeant,
837 1894 873 1917 ac
900 1883 1039 1927 privatos
1052 1881 1061 1898 ⁴

322 1942 438 1976 omisso
460 1941 544 1974 bono
568 1939 696 1985 publico
711 1949 775 1972 non
801 1942 1000 1982 anteponant,
1020 1935 1063 1969 di-

323 1996 413 2029 vinae
428 1995 580 2029 voluntati
596 1999 722 2027 terrena
738 1992 902 2033 desideria,
919 1991 1062 2036 publicae

324 2049 449 2083 utilitati
467 2048 588 2093 privata
607 2047 719 2087 studia,
736 2045 826 2089 regni
845 2044 1062 2089 tranquillitati

325 2102 555 2137 discordiarum
579 2106 610 2134 et
633 2101 791 2134 bellorum
822 2099 960 2133 civilium
990 2104 1064 2132 tem-

325 2161 460 2201 pestates
477 2160 507 2189 et
525 2154 689 2200 procellas,
707 2153 843 2187 iustitiae
857 2152 1063 2196 iniquitatem,

325 2211 389 2244 Deo
401 2209 536 2253 denique
550 2208 711 2242 hominem
722 2207 743 2248 ²,
760 2212 790 2240 et
809 2206 957 2250 propriae
974 2205 1063 2239 saluti

325 2268 484 2297 aeternam
507 2261 752 2301 damnationem,
770 2264 799 2293 et
819 2259 996 2292 haereticos
1015 2258 1066 2291 de-

325 2321 479 2359 serentes,
504 2315 543 2348 ad
567 2319 669 2349 castra
692 2313 815 2348 Domini
840 2318 869 2346 et
893 2312 932 2346 ad
956 2322 1064 2356 regem

325 2381 417 2405 suum
440 2374 648 2403 revertantur.

363 2471 374 2496 1
391 2468 462 2505 Lege
476 2468 620 2504 privatum
636 2474 733 2502 nempe
751 2466 863 2497 bonum,
877 2464 918 2491 vel
938 2462 1010 2491 aliud
1025 2463 1066 2490 le—

327 2513 444 2550 gendum
455 2514 515 2541 loco
527 2513 601 2540 verbi
612 2511 684 2548 quod
697 2510 818 2547 sequitur
828 2510 931 2538 omisso
946 2509 983 2544 (n,
1001 2509 1049 2541 Τ.).

363 2560 380 2586 2
395 2558 466 2586 Edit.
482 2558 561 2586 Main.
579 2557 663 2585 habet
681 2556 805 2590 homini,
822 2558 849 2582 et
863 2561 1006 2590 perperam
1028 2553 1067 2581 le-

328 2605 367 2640 git
385 2604 516 2633 izwcitiae
538 2602 725 2639 iniquitatem
740 2601 808 2635 Deo,
823 2600 946 2635 denique
960 2598 1070 2627 homini

331 2651 370 2685 (u.
386 2649 433 2684 τ.).

1728 212 1792 246 573

1125 278 1140 322 g
1164 278 1193 310 Γ).
1218 274 1307 316 Quod
1338 274 1363 307 si
1393 272 1539 307 indurato
1570 270 1666 305 corde
1697 273 1821 304 nostras

1081 329 1260 364 huiusmodi
1274 334 1419 373 paternas
1431 325 1661 360 admonitiones
1670 329 1700 356 et
1713 323 1823 357 cohor-

1081 385 1213 418 tationes
1229 381 1498 428 parvipendentes,
1512 379 1627 414 nostris
1640 376 1821 411 huiusmodi

1083 437 1246 478 mandatis,
1272 435 1403 479 regique
1420 444 1477 468 suo
1497 443 1561 467 non
1578 432 1820 475 obtemperave-

1083 491 1155 531 rint,
1169 490 1223 523 sed
1238 500 1295 533 per
1308 487 1487 533 quindecim
1501 486 1567 519 dies
1581 496 1597 518 a
1610 482 1823 529 praesentium

1084 544 1290 584 intimatione,
1315 552 1371 575 seu
1394 536 1424 574 in
1449 541 1519 574 loco
1543 537 1744 582 infrascripto
1761 535 1825 569 affi-

1085 598 1187 638 xione,
1204 607 1259 630 seu
1283 594 1504 640 publicatione,
1524 603 1660 637 quorum
1686 590 1824 636 quinque

1084 661 1142 695 pro
1159 650 1274 695 primo,
1291 649 1430 693 quinque
1448 657 1506 692 pro
1524 646 1671 686 secundo,
1688 650 1718 678 et
1733 643 1825 688 quin-

1085 714 1146 748 que
1170 714 1229 748 pro
1250 702 1342 737 tertio
1369 706 1400 735 et
1423 700 1535 734 ultimo
1555 710 1590 733 ac
1610 697 1825 744 peremptorio

1067 757 1221 792 'termino
1247 756 1308 789 illis
1331 754 1536 799 praefigimus
1560 756 1591 787 et
1613 752 1825 795 assignamus,

1085 820 1148 844 non
1164 809 1366 854 resipuerint,
1379 807 1563 841 auctoritate
1577 806 1743 839 beatorum
1757 813 1827 848 apo-

1086 864 1241 897 stolorum
1266 862 1348 896 Petri
1366 868 1396 895 et
1412 861 1509 902 Pauli,
1526 871 1562 894 ac
1582 861 1701 899 nostra,
1715 868 1827 892 eorum

1087 917 1228 960 singulos
1252 915 1460 949 anathematis
1480 914 1605 947 vinculo
1629 911 1827 951 innodamus,

1088 975 1117 1003 et
1134 970 1299 1003 innodatos
1324 968 1523 1002 decernimus
1540 972 1570 1000 et
1587 966 1793 1005 declaramus,
1811 974 1828 996 a

1087 1034 1150 1068 quo
1169 1022 1294 1057 nonnisi
1312 1033 1329 1055 a
1346 1021 1438 1055 nobis
1455 1026 1483 1054 et
1501 1021 1642 1054 Romano
1667 1018 1828 1057 Pontifice,

1088 1082 1140 1110 aut
1161 1076 1200 1109 ab
1223 1087 1260 1110 eo
1286 1075 1502 1109 auctoritatem
1528 1073 1671 1114 habente,
1688 1076 1829 1116 praeter-

1088 1141 1182 1175 quam
1204 1130 1235 1163 in
1260 1129 1372 1163 mortis
1396 1128 1539 1169 articulo,
1557 1126 1677 1160 absolvi
1701 1125 1829 1158 minime

1088 1184 1217 1228 possint,
1243 1184 1382 1226 aliasque
1409 1192 1527 1226 poenas
1554 1181 1717 1214 incurrere
1742 1179 1830 1213 rolu-

1089 1248 1159 1270 mus
1180 1248 1197 1270 a
1215 1237 1312 1270 sacris
1329 1235 1502 1270 canonibus
1520 1233 1751 1267 haereticorum
1768 1233 1831 1265 sau-

1091 1291 1213 1326 toribus
1238 1290 1411 1336 impositas.
1437 1290 1649 1333 Imposterum
1675 1297 1768 1327 vero,
1792 1296 1830 1319 ne

1090 1345 1256 1389 quisquam
1280 1344 1415 1377 similem
1440 1352 1603 1377 excessum
1622 1340 1830 1379 committere,

1091 1404 1120 1432 et
1144 1397 1312 1432 haereticis
1336 1403 1446 1431 contra
1468 1395 1667 1440 praedictum
1690 1392 1828 1427 Ludovi-

1091 1463 1164 1486 cum
1189 1463 1297 1495 regem
1322 1451 1504 1491 adhaerere,
1522 1460 1578 1483 seu
1596 1448 1658 1481 illis
1682 1448 1831 1488 savorem,

1091 1516 1185 1550 opem
1198 1511 1228 1539 et
1244 1505 1395 1538 auxilium
1411 1504 1459 1537 vel
1473 1502 1640 1537 consilium
1653 1501 1728 1534 dare
1744 1511 1833 1545 prae-

1092 1563 1217 1599 sumat,
1247 1557 1305 1591 sub
1337 1556 1447 1590 similis
1479 1554 1831 1596 excommunicationis,

1092 1612 1225 1655 aliisque
1251 1610 1432 1644 huiusmodi
1457 1609 1566 1654 poenis
1590 1608 1658 1652 ipso
1683 1608 1763 1641 facto
1789 1607 1833 1639 in-

1093 1664 1275 1705 currendis,
1302 1663 1487 1697 auctoritate
1517 1661 1692 1706 praedicta,
1724 1666 1832 1694 tenore

1094 1718 1318 1762 praesentium,
1334 1716 1550 1750 interdicimus
1569 1720 1597 1749 et
1615 1713 1832 1760 prohibemus,

1094 1783 1157 1806 non
1173 1771 1369 1806 obstantibus
1387 1772 1418 1804 in
1435 1769 1629 1804 contrarium
1647 1768 1833 1803 facientibus

1094 1826 1354 1870 quibuscumque.

1140 1880 1154 1924 ξ
1172 1879 1201 1912 6.
1220 1879 1296 1919 Quia
1312 1888 1386 1912 vero
1403 1877 1529 1911 difficile
1546 1877 1636 1917 foret,
1654 1880 1835 1921 praesentes

1096 1933 1202 1967 literas
1227 1933 1359 1976 singulis
1383 1942 1494 1965 eorum
1518 1930 1723 1975 praesentari,
1743 1934 1774 1962 et
1797 1929 1835 1962 ad

1096 1988 1219 2031 singula
1237 1987 1307 2020 loca
1330 1986 1446 2019 deferri
1475 1985 1512 2018 ad
1529 1995 1609 2029 quae
1634 1987 1768 2028 oportet,
1788 1994 1836 2017 vo-

1096 2042 1215 2081 lumus,
1241 2046 1274 2074 ut
1298 2040 1369 2073 illae
1392 2039 1424 2072 in
1449 2040 1519 2072 loco
1549 2038 1693 2072 viciniori
1724 2037 1835 2071 affixae

1097 2100 1127 2130 et
1161 2095 1338 2140 publicatae
1368 2093 1500 2139 perinde
1530 2103 1640 2127 omnes
1663 2095 1784 2127 arctent
1807 2097 1836 2125 et

1097 2149 1243 2189 afficiant,
1259 2160 1294 2182 ac
1312 2148 1337 2181 si
1354 2148 1526 2191 unicuique
1549 2157 1661 2180 eorum
1685 2155 1836 2190 persona-

1098 2204 1168 2237 liter
1181 2203 1341 2236 intimatae
1350 2201 1493 2241 suissent;
1512 2200 1668 2244 quodque,
1678 2205 1711 2232 ut
1727 2208 1835 2232 earum

1098 2256 1312 2300 transumptis,
1322 2255 1415 2288 ctiam
1426 2254 1597 2298 impressis,
1611 2263 1704 2285 manu
1718 2251 1836 2296 publici

1098 2310 1221 2351 notarii,
1238 2320 1274 2343 ac
1291 2309 1394 2352 sigillo
1410 2318 1565 2353 personae
1582 2308 1614 2340 in
1628 2306 1777 2350 dignitate
1791 2316 1838 2339 ec-

1099 2364 1272 2398 clesiastica
1297 2363 1483 2397 constitutae
1513 2360 1704 2405 obsignatis,
1729 2359 1838 2393 eadem

1100 2428 1232 2463 prorsus
1255 2417 1333 2450 fides
1349 2416 1465 2460 ubique
1490 2415 1632 2459 gentium
1649 2420 1680 2447 et
1695 2415 1838 2448 locorum

1101 2472 1132 2505 in
1149 2470 1265 2505 iudicio
1286 2476 1316 2503 et
1338 2474 1426 2502 extra
1449 2468 1526 2502 illud
1545 2468 1742 2509 adhibeatur,
1759 2477 1840 2511 quae

1101 2525 1219 2559 eisdem
1235 2523 1444 2566 originalibus
1460 2521 1573 2556 litteris
1589 2521 1803 2561 adhiberetur,
1815 2520 1840 2553 si

1102 2584 1204 2614 essent
1228 2577 1381 2612 exhibitae
1407 2576 1453 2610 vel
1478 2581 1630 2610 ostensae.

1146 2633 1260 2668 Datum
1284 2632 1417 2673 Romae,
1441 2630 1524 2676 apud
1548 2634 1688 2665 sanctam
1711 2628 1842 2675 Mariam

1836 221 1887 249 An.
1901 220 1930 248 C.
1953 220 2017 249 ¹621

1863 283 1906 305 hi».
1927 289 1967 303 nist
1990 287 2022 303 Γο-

1837 311 1940 335 sipuvrint.
1965 310 2019 329 intra

1838 337 1957 363 quindecim
1969 335 2022 360 dte-1.

1838 368 2015 383 excommunica--

1839 393 1916 410 tuanen]
1932 389 1971 409 sthi
1991 394 2022 408 re·

1837 419 1943 437 servatam
1974 420 2023 440 prn-

1838 443 1907 470 pouit.

1887 1885 2034 1908 Praesentium

1850 1913 1981 1939 transumpta
1996 1920 2034 1941 pu.

1851 1939 1958 1960 blicanda1

1865 2231 1935 2258 lisque
1950 2234 2036 2255 eroden-

1852 2258 1909 2279 dum.
