2293 3231
255 244 306 271 An.
323 244 351 270 e.
377 242 438 270 ion
491 231 532 267 18

282 2256 327 2269 ιιιιι

455 396 648 441 praedictam
667 405 728 428 non
746 393 887 427 excedat:
907 391 927 424 ii
944 396 1061 430 autem,
1074 389 1129 434 qui
1145 390 1198 422 ali-

456 456 504 483 tei-
528 460 621 493 quum
647 448 684 481 ad
709 453 836 491 quotam
870 449 993 477 tenutas
1018 454 1073 477 seu
1099 449 1198 476 terras

457 503 627 537 locaverint
643 528 650 540 ,
675 498 856 533 huiusmodi
882 497 1084 532 extractionis
1108 497 1199 531 bene-

458 556 529 590 ficio
554 566 611 600 pro
642 556 801 588 frumento
826 552 864 584 ab
889 551 934 584 eis
958 550 1113 594 exigendo
1137 550 1198 584 frui

459 609 586 642 minime
611 606 740 652 possint.
755 605 858 638 Dictae
875 609 979 638 autem
998 603 1200 638 extractionis

459 661 583 695 licentia
608 660 646 693 de
670 668 777 692 mense
795 657 900 691 martii
925 657 1093 690 cuiuslibet
1116 656 1199 697 anni,

460 721 490 749 et
513 724 576 748 non
600 713 709 758 prius,
734 710 863 746 concedi
895 710 1005 744 debeat
1029 720 1047 742 a
1072 719 1202 752 congre-

459 767 585 812 gatione
609 764 786 811 praedicta,
811 774 847 796 ac
870 762 1077 808 praecedente
1101 762 1202 796 chiro-

460 820 582 865 grapho
599 830 616 852 a
633 818 723 852 nobis
748 816 943 861 subsignato,
960 815 1072 850 solutis
1097 820 1202 848 tamen

460 873 548 919 prius
573 881 716 906 camerae
741 876 868 904 nostrae
899 868 1090 914 apostolicae
1119 867 1203 901 iuliis

461 927 600 973 quinque
623 936 682 970 pro
706 924 846 970 quolibet
871 923 968 956 rubro
999 921 1202 956 extrahendo.

461 980 549 1020 Quod
574 979 599 1012 si
623 978 719 1022 aliqui
743 976 895 1022 praedicti
912 976 953 1010 ob
969 975 1067 1009 maris
1091 974 1205 1008 distan-

462 1033 549 1073 tiam,
567 1043 622 1066 seu
638 1032 724 1071 alias,
737 1030 943 1076 quantitatem
968 1028 1118 1063 frumenti
1137 1038 1206 1072 per-

463 1086 592 1120 missam
617 1085 783 1119 extrahere
800 1083 997 1128 nequiverint
1021 1093 1076 1116 seu
1101 1082 1207 1115 nolue-

464 1141 537 1181 rint,
553 1139 730 1173 facultatem
745 1144 774 1171 et
787 1137 991 1182 privilegium
1005 1135 1206 1170 extractionis

464 1193 645 1228 huiusmodi
685 1192 754 1226 aliis
790 1191 829 1224 ad
865 1191 1021 1225 rationem
1057 1190 1205 1224 iuliorum

466 1248 605 1294 quinque
629 1258 688 1292 pro
712 1246 853 1292 quolibet
877 1245 976 1280 rubro
1001 1244 1135 1278 rendere
1153 1254 1207 1277 seu

466 1301 579 1337 cedere
602 1302 733 1335 valeant.
752 1300 783 1335 Si
800 1305 905 1334 autem
931 1310 988 1344 per
1004 1309 1062 1333 nos
1078 1298 1124 1332 vel
1143 1309 1210 1332 suc-

466 1366 608 1391 cessores
628 1360 765 1396 nostros,
782 1363 1014 1399 cameramque,
1039 1357 1091 1386 aut
1116 1362 1211 1386 anno-

466 1420 526 1444 nae
551 1409 725 1455 praefectos
761 1419 798 1442 ex
831 1407 940 1452 quavis
971 1409 1064 1440 eausa
1094 1405 1209 1440 dictam

467 1463 626 1498 licentiam
662 1461 809 1507 impediri
846 1460 1039 1504 contigerit,
1068 1464 1212 1493 teneatur

467 1518 534 1563 ipsa
567 1526 692 1551 camera
727 1515 848 1550 eisdem
881 1513 1127 1559 agricultoribus
1157 1523 1211 1546 seu

470 1571 607 1606 dominis
631 1575 810 1605 tenutarum
837 1579 891 1602 seu
908 1573 1078 1608 terrarum,
1095 1577 1153 1612 pro
1170 1567 1214 1600 in·

471 1630 589 1659 teresse
606 1623 680 1657 dieti
701 1621 928 1668 impedimenti,
944 1631 1100 1654 summam
1126 1620 1214 1654 iulio-

470 1688 542 1712 rum
566 1688 620 1711 sex
645 1687 702 1722 pro
727 1677 868 1722 quolibet
899 1675 998 1709 rubro
1024 1675 1156 1715 solvere,
1181 1674 1214 1707 li-

471 1731 547 1766 bere
573 1734 602 1764 et
627 1731 746 1774 absque
769 1729 833 1763 ulla
855 1739 988 1774 prorsus
1013 1727 1213 1772 exceptione,

471 1785 644 1820 dummodo
659 1790 763 1818 tamen
777 1788 878 1817 totum
891 1793 1002 1816 eorum
1021 1783 1213 1816 frumentum

472 1839 510 1873 ad
528 1839 643 1873 Urbem
661 1837 878 1877 conduxerint,
894 1847 948 1870 scu
963 1836 1122 1870 licentiam
1139 1835 1217 1871 obti-

473 1893 600 1926 nuerint
617 1892 693 1926 illud
718 1896 805 1925 extra
831 1890 945 1924 Urbem
963 1889 1140 1923 dimittendi
1158 1890 1216 1923 sub

474 1946 666 1990 obligatione
682 1945 720 1979 ad
742 1944 859 1979 [libem
876 1943 1083 1984 conducendi,
1100 1949 1130 1977 et
1146 1943 1217 1976 data

475 2003 548 2034 nota
572 2009 713 2033 summae
730 2004 761 2033 ct
779 1999 858 2039 loci,
875 1998 930 2032 ubi
946 1997 1066 2032 dictum
1081 1997 1218 2032 frumen—

475 2059 542 2088 tum
567 2053 742 2098 repositum
766 2052 870 2087 suerit.
1139 2090 1143 2091 ⁷

522 2108 537 2152 g
560 2107 612 2140 ll.
635 2109 678 2141 Ac
695 2105 812 2141 eisdem
830 2104 1077 2149 agricultoribus
1094 2110 1124 2138 et
1141 2105 1220 2148 agri-

387 2176 392 2189 ι
421 2149 462 2209 {ig-»⁸3
479 2161 619 2195 culturae
644 2166 742 2194 artem
768 2159 987 2194 exercentibus
1002 2163 1166 2204 practerea
1182 2159 1219 2192 de

448 2202 464 2242 ’νῖ
479 2214 584 2259 aliquo
609 2213 823 2248 subventionis
847 2213 963 2246 auxilio
989 2211 1155 2257 providere
1172 2223 1222 2246 vo—

419 2282 464 2323 an}
480 2267 589 2307 lentes,
606 2277 668 2312 quo
694 2266 814 2300 lucilius
830 2267 889 2300 arti
907 2264 1088 2300 huiusmodi
1105 2265 1222 2298 incum-

479 2319 564 2360 bere,
589 2321 800 2365 pecuniasque
824 2319 939 2353 minori
963 2319 1154 2352 interusurio
1172 2319 1223 2351 lia-

481 2373 556 2406 hcre
582 2374 711 2413 valeant,
737 2378 835 2414 motu,
860 2373 989 2406 scientia
1015 2377 1046 2405 et
1068 2378 1221 2416 potestate

483 2425 647 2466 similibus,
673 2426 793 2460 dilectis
817 2426 890 2459 siliis
907 2425 1123 2470 provisoribus
1141 2426 1220 2459 sacri

483 2478 593 2512 Montis
611 2479 732 2523 pictatis
749 2479 852 2519 Urbis,
867 2489 1041 2524 corumque
1059 2479 1222 2520 ministris,

484 2531 524 2565 ad
547 2542 627 2576 qnos
658 2538 796 2576 spectat,
823 2544 879 2577 per
912 2538 1093 2577 praesentes
1121 2532 1224 2566 distri-

1030 234 1208 263 nULLAmtJM
1233 233 1389 259 noussen

454 294 594 334 quotam,
610 294 641 323 et
664 298 728 322 non
744 287 830 326 alias,
847 285 1029 323 locaverint,
1054 288 1086 316 et
1108 282 1214 316 dum-¹

455 343 551 378 modo
575 348 669 388 quota
701 339 882 374 huiusmodi
907 338 1049 382 quintam
1073 341 1214 380 partem=

1981 233 2032 260 An.
2053 233 2083 260 C.
2101 232 2168 262 ¹611>

1229 286 1392 316 scutorum
1418 287 1572 322 monetae,
1589 292 1644 315 seu
1669 281 1762 315 aliam
1779 292 1795 314 a
1812 281 1970 326 praesecto

1229 334 1391 380 praedicto
1430 334 1636 368 ordinandam
1669 335 1821 378 (accepto
1859 334 1971 368 eodem

1231 388 1445 421 emolumento
1469 388 1604 421 duorum
1635 398 1693 431 pro
1717 387 1897 421 centenario
1921 397 1973 420 no-

1231 441 1315 474 mine
1341 441 1468 481 meriti,
1494 451 1549 473 seu
1574 440 1669 481 alias,
1693 440 1732 472 ab
1755 440 1823 474 aliis
1851 440 1973 474 ratione

1232 505 1442 539 expensarum
1457 494 1534 528 solii
1548 498 1710 534 consueto,
1726 498 1755 526 ct
1768 498 1896 538 accepto
1912 493 1975 527 ido-

1232 560 1291 583 neo
1317 553 1344 581 et
1371 548 1536 582 sufficienti
1562 548 1694 593 pignore
1709 575 1716 589 ‚
1740 547 1873 592 aliisque.
1896 547 1976 581 eius-

1233 603 1304 636 dem
1325 603 1437 636 Montis
1459 602 1582 645 legibus
1598 607 1627 635 et
1648 600 1808 642 institutis,
1824 602 1975 635 hactenus

1234 656 1396 690 observari
1415 655 1526 696 solitis,
1543 654 1722 699 adimpletis
1741 659 1771 688 et
1787 654 1975 699 observatis)

1235 709 1364 742 debeant
1384 713 1540 749 mutuare,
1558 708 1596 741 de
1613 708 1739 741 licentia
1762 713 1867 741 tamen
1890 717 1978 752 prae-

1236 762 1306 796 fecti
1331 772 1473 795 annonae
1497 761 1659 806 praedicti,
1683 766 1710 794 et
1737 771 1799 795 non
1823 761 1923 802 aliter,
1947 766 1974 795 et

1236 827 1308 849 cum
1321 816 1554 850 conditionibus
1569 821 1594 849 et
1615 815 1764 849 clausulis
1781 815 1820 848 ab
1835 825 1873 849 eo
1892 825 1980 860 prae-

1236 868 1378 913 scriptis,
1403 868 1576 903 dummodo
1601 869 1670 902 illae
1701 869 1836 902 Mentem
1860 867 1980 912 praedi-

1237 927 1322 955 ctum
1355 922 1467 956 maiori
1492 933 1586 967 quam
1611 921 1772 967 praedicto
1797 931 1893 955 onere
1916 931 1980 955 non

1237 974 1383 1009 adiiciant.
1403 976 1461 1015 Qui
1483 975 1610 1020 quidem
1627 985 1769 1009 annonae
1793 974 1980 1019 praefectus,

1238 1033 1406 1073 antequam
1416 1029 1640 1072 agricultorem
1653 1028 1692 1061 ad
1705 1027 1886 1062 huiusmodi
1899 1037 1982 1061 eom-

1239 1082 1369 1115 modum
1394 1082 1558 1120 admittat,
1583 1081 1804 1126 licentiamque
1827 1079 1981 1125 expediat,

1240 1136 1422 1180 quantitatis
1438 1135 1598 1176 laborerii,
1612 1140 1643 1168 et
1655 1135 1813 1179 qualitatis
1829 1143 1982 1179 personae

1242 1188 1395 1222 rationem
1435 1188 1578 1229 liabcbit;
1611 1188 1791 1233 dictamque
1826 1187 1983 1221 licentiam

1241 1242 1428 1287 opportunis
1453 1242 1649 1287 temporibus
1672 1246 1804 1281 tantum,
1821 1246 1852 1274 et
1866 1251 1924 1285 pro
1948 1242 1983 1274 ea

1243 1298 1387 1337 summa,
1418 1307 1497 1340 quae
1522 1296 1581 1329 sibi
1606 1295 1763 1330 ridebitur
1786 1295 1983 1335 necessaria,

1243 1350 1416 1385 dummodo
1459 1351 1665 1395 quantitatem
1701 1350 1787 1383 mille
1822 1354 1984 1384 scutorum

1244 1405 1436 1450 praedictam
1452 1415 1515 1438 non
1529 1404 1667 1445 excedat,
1681 1403 1840 1437 concedet.
1857 1403 1986 1438 Summa

1245 1464 1349 1492 autem
1382 1458 1468 1491 mille
1503 1463 1666 1491 scutorum
1695 1457 1855 1502 praedicta
1877 1456 1916 1490 de
1939 1467 1988 1492 01·-

1246 1512 1319 1546 dine
1351 1512 1449 1557 ipsius
1479 1511 1734 1555 congregationis
1757 1521 1816 1556 pro
1839 1509 1988 1555 qualitate

1246 1576 1400 1611 personae
1424 1570 1454 1599 et
1478 1565 1627 1599 laborerii
1652 1564 1794 1599 eiusdem
1819 1574 1990 1608 congrega·

1248 1619 1341 1654 tionis
1365 1619 1496 1653 arbitrio
1521 1619 1613 1653 etiam
1638 1628 1738 1663 usque
1762 1618 1800 1652 ad
1832 1627 1988 1652 summam

1247 1674 1296 1707 bis
1320 1673 1406 1707 mille
1423 1679 1585 1708 scutorum
1610 1673 1719 1717 augeri
1744 1672 1852 1717 possit.
1877 1671 1990 1717 Sicque

1248 1729 1280 1761 in
1302 1727 1485 1772 praemissis
1508 1727 1666 1767 omnibus,
1683 1731 1757 1768 etc„
1774 1727 1896 1760 sublata
1920 1731 1990 1767 etc.,

1249 1781 1375 1815 irritum
1392 1785 1450 1814 etc.

1294 1836 1310 1879 g
1333 1835 1385 1868 ⁴1⁹2.
1410 1834 1589 1868 Mandantes
1624 1835 1717 1868 etiam
1753 1834 1990 1878 congregationi
2005 1847 2125 1878 Auctorita-
2139 1852 2191 1868 eon-

1250 1894 1281 1922 et
1304 1888 1460 1933 deputatis
1484 1887 1653 1932 praedictis
1669 1893 1826 1923 eteorum
1847 1887 1990 1931 singulis,
2004 1875 2142 1922 {titssssffll'ss
2167 1879 2192 1921 ’ῑὲ

1251 1948 1285 1976 ut
1309 1947 1490 1987 praesentes
1525 1946 1650 1976 nostras
1686 1942 1805 1975 litteras
1832 1945 1863 1974 et
1891 1941 1923 1974 in
1947 1940 1992 1974 eis
2005 1929 2160 1948 ”mmmmm

1252 2000 1397 2030 contenta
1427 2005 1645 2040 quaecumque
1680 1994 1849 2029 observent
1872 1998 1902 2028 et
1925 2003 1994 2028 exe-

1252 2055 1398 2094 quantur,
1424 2054 1453 2081 et
1477 2049 1589 2083 saciant
1614 2048 1653 2081 ab
1676 2048 1762 2089 aliis,
1787 2053 1940 2092 quantum
1962 2047 1994 2082 in

1253 2104 1298 2138 eis
1322 2103 1403 2143 erit,
1428 2102 1583 2146 condigna
1607 2112 1780 2147 poenarum
1804 2102 1995 2136 inflictarum

1254 2156 1535 2196 animadversione,
1553 2156 1684 2200 aliisque
1707 2155 1895 2200 opportunis
1918 2154 1996 2189 iuris

1255 2215 1285 2243 et
1308 2210 1379 2243 sacti
1402 2209 1560 2250 remediis,
1577 2208 1712 2242 firmiter
1729 2213 1759 2242 et
1775 2207 1996 2242 inviolabiliter

1255 2263 1425 2297 observari.
1459 2263 1572 2295 Dantes
1607 2261 1652 2295 eis
1687 2261 1720 2294 in
1748 2260 1931 2305 praemissis
1966 2265 1997 2295 et

1255 2318 1339 2351 circa
1363 2328 1397 2350 ea
1423 2317 1546 2361 plenam
1571 2321 1602 2349 et
1625 2315 1838 2349 omnimodam
1871 2314 1997 2348 faculta-

1256 2377 1317 2405 tem
1343 2377 1373 2405 et
1397 2375 1592 2415 potestatem.

1301 2424 1376 2468 §lrl
1387 2426 1454 2458 Non
1468 2423 1664 2458 obstantibus
1673 2422 1864 2467 praemissis,
1874 2432 1996 2457 necnon
2020 2438 2136 2469 norma„
2146 2443 2196 2460 cou-

1257 2478 1418 2522 quibusvis
1442 2476 1718 2512 constitutionibus
1743 2480 1773 2509 ct
1795 2475 1997 2510 ordinationi-
2010 2467 2129 2487 “³¹¹⁰mm·

1257 2532 1316 2565 bus
1339 2530 1540 2576 apostolicis,
1568 2540 1603 2563 ac
1627 2530 1680 2562 illa
1703 2529 1796 2563 etiam
1811 2556 1818 2570 ,
1843 2533 1997 2574 quatenus

485 2583 565 2618 etius
590 2584 810 2628 praetipicndo
834 2585 1030 2626 mandamus,
1048 2591 1081 2619 ut
1097 2585 1225 2619 cuilibet
1258 2596 1338 2630 opus
1363 2585 1424 2627 sit,
1449 2583 1590 2618 eiusdem
1614 2583 1659 2616 Pii
1684 2582 1720 2616 lv
1745 2581 1997 2627 praedecessoris

485 2648 562 2672 rcro
584 2637 767 2681 agricultoii
791 2649 889 2683 usque
905 2639 944 2672 ad
961 2649 1117 2673 summam
1140 2639 1226 2672 mille
1259 2639 1359 2674 nostri
1383 2639 1421 2673 dc
1445 2637 1651 2682 registi-andis
1671 2637 1727 2680 (ita
1749 2642 1785 2670 ut
1807 2640 1997 2682 praesentas,
