2293 3231
285 361 380 398 Ange.
400 361 466 390 ποτε
512 352 575 387 768

281 532 391 551 (tontum
406 532 465 551 iuuit.

330 1696 403 1717 Fidem
418 1699 472 1717 trau-

291 1725 376 1750 sumptis
392 1724 458 1745 addn.

1059 358 1237 382 BULLARIUM
1262 357 1416 382 Romnum

482 420 651 454 quoquam,
673 407 780 451 quavis
805 406 998 441 auctoritate.
1024 406 1157 438 scienter
1175 406 1222 438 vel
1257 405 1427 433 Venerabili
1445 405 1533 433 fratri
1550 404 1673 433 Octavio
1689 405 1915 440 archiepiscopo
1929 406 1997 433 '1⁸³¹-

483 464 673 506 ignoranter,
699 461 866 503 contigerit
890 459 1044 494 attentari.

525 517 540 557 ,ξ
565 515 593 547 4.
620 515 686 547 Non
704 513 900 546 obstantibus
921 512 1019 545 felicis
1036 511 1224 546 reem-datio-

483 570 529 601 nis
548 569 591 601 l’ii
619 568 719 610 Papae
737 567 773 599 ll'
795 565 1045 610 praedecessoris
1065 565 1165 597 nostri
1185 564 1223 597 dc

482 621 600 663 gratiis,
615 619 835 663 quodcumque
860 619 1011 651 interesse
1033 628 1176 650 camerae
1196 628 1225 650 a-

482 674 651 718 postolicae
663 673 900 717 quomodolibet
912 671 1183 712 concernentibus,
1193 671 1224 703 in

483 728 590 761 eadem
614 729 740 760 camera
764 727 844 759 infra
864 730 985 760 eertum
1006 731 1080 758 tunc
1100 735 1225 769 expres-

482 792 552 814 sum
570 787 692 824 tempus
708 779 944 824 praesentandis
961 784 989 812 et
1007 777 1223 822 registrandis,

483 844 603 867 necnon
629 832 790 877 quibusvis
820 831 1096 866 constitutionibus
1120 836 1150 864 et
1173 841 1224 864 or-

483 887 695 920 dinationibus
719 885 909 929 apostolicis
927 895 962 918 ac
982 884 1091 928 regula
1115 885 1225 917 nostra

483 941 521 973 de
539 940 606 972 iure
630 939 772 983 quaesito
796 948 860 972 non
885 937 1033 978 tollendo,
1050 937 1225 981 privilegiis

484 1004 620 1038 quoque,
642 993 769 1026 indultis
797 998 828 1025 et
847 992 960 1025 litteris
982 991 1173 1036 apostoliciS,
1194 991 1225 1024 in

484 1048 676 1081 contrarium
707 1046 955 1090 praemissorum
987 1045 1226 1089 quomodolibet

485 1101 651 1140 concessis,
668 1099 863 1133 confirmatis
880 1104 909 1131 et
926 1098 1089 1131 innovatis.
1107 1097 1226 1137 Quibus

485 1155 630 1188 omnibus
655 1160 682 1187 et
709 1153 857 1197 singulis,
882 1152 1004 1186 etiamsi
1028 1152 1067 1185 de
1092 1151 1152 1184 illis
1176 1161 1227 1184 eo-

486 1219 621 1252 rumque
642 1208 714 1241 totis
731 1207 893 1241 tenoribus
908 1206 1062 1250 specialis,
1080 1204 1227 1249 specifica

486 1268 513 1295 ct
533 1272 681 1306 expressa
695 1260 778 1294 :tede
793 1260 888 1293 verbo
905 1259 944 1292 ad
957 1259 1089 1292 verbum
1109 1258 1227 1291 mentio

486 1314 629 1348 habenda
649 1315 739 1354 soret,
763 1324 874 1347 eorum
900 1312 1042 1346 omnium
1066 1318 1096 1345 et
1121 1311 1227 1354 singo-

487 1369 590 1401 lorum
617 1373 741 1401 tenores
764 1366 981 1411 praesentibus
1004 1376 1063 1409 pro
1087 1365 1178 1410 plene
1198 1370 1228 1397 ct

487 1421 678 1454 sufficienter
702 1420 858 1464 expressis
878 1425 908 1452 et
924 1419 962 1452 de
988 1419 1083 1452 verbo
1099 1418 1138 1451 ad
1157 1429 1228 1451 ver-

487 1475 564 1507 bum
589 1474 712 1507 insertis
737 1474 902 1514 habentes,
931 1472 991 1505 illis
1015 1472 1091 1505 alias
1115 1472 1148 1504 in
1171 1482 1228 1505 suo

489 1527 604 1561 robore
632 1527 864 1571 permansuris,
889 1527 947 1559 hac
971 1526 1038 1559 vice
1058 1525 1229 1563 dumtaxat

488 1581 666 1626 specialiter
690 1587 719 1614 et
744 1591 890 1625 expresse
915 1580 1119 1623 derogamus,
1145 1585 1227 1613 cete-

489 1636 595 1679 risque
619 1635 787 1668 contrariis
810 1633 1071 1678 quibuscumque.

533 1690 548 1732 §
573 1689 602 1722 5.
621 1689 771 1722 Volumus
788 1693 903 1730 autem,
917 1687 1001 1731 quod
1014 1686 1229 1731 praesentium

489 1742 704 1786 transumptis,
720 1742 813 1775 etiam
830 1741 1004 1785 impressis,
1019 1751 1114 1773 manu
1127 1750 1230 1773 secre-

490 1796 560 1829 tarii
585 1796 685 1829 dictae
707 1794 976 1838 Congregationis,
1001 1799 1054 1826 aut
1077 1803 1231 1838 personae

491 1851 521 1882 in
541 1849 692 1891 dignitate
717 1848 927 1882 ecclesiastica
951 1848 1139 1881 constitutae
1163 1858 1232 1880 mu-

490 1904 572 1943 nitis,
597 1902 705 1936 eadem
730 1912 860 1946 prorsus
885 1901 963 1934 fides
987 1901 1018 1934 in
1042 1901 1159 1934 iudicio
1183 1901 1231 1934 vel

1294 459 1388 492 sensi,
1409 463 1514 487 nostro
1535 462 1566 486 et
1584 459 1775 493 Apostolicae
1791 459 1876 487 Sedis
1896 459 1927 487 in
1946 466 1995 486 re—

1293 519 1349 547 gno
1368 512 1512 540 Franciae
1533 512 1656 546 nuncio,

1459 574 1619 610 Gregorius
1639 575 1720 609 Papa
1737 575 1793 603 XV.

1256 645 1441 674 Venerabilis
1465 645 1575 680 frater,
1596 646 1726 674 salutem
1747 648 1780 673 et
1803 645 2000 680 apostolicam

1502 698 1754 726 benedictionem.

1302 777 1317 821 ἓ
1342 777 1370 810 l.
1395 777 1479 810 Alias
1503 787 1576 818 nos,
1601 777 1639 810 ad
1663 777 1732 810 lites
1756 780 1786 811 et
1809 776 2002 810 differentias

1258 830 1339 864 inter
1357 830 1498 863 subditos
1516 829 1648 864 civitatis
1663 829 1890 863 Arenionensis
1906 833 1938 862 et
1953 839 2002 862 co-

1258 882 1386 916 mitatus
1409 887 1593 916 nostrorum
1618 881 1799 927 Venayssini
1818 892 1856 915 ex
1879 883 1952 923 una,
1970 887 2003 915 et

1259 936 1399 970 subditos
1424 936 1602 969 charissimi
1621 935 1653 968 in
1673 935 1797 970 Christo
1820 935 1877 968 filii
1901 935 2002 970 nostri

1259 989 1407 1023 Ludovici
1432 989 1626 1023 Francorum
1647 989 1732 1032 regis
1751 988 2002 1022 christianissimi

1259 1042 1356 1086 Burgi
1379 1042 1418 1076 de
1441 1043 1544 1076 Nores
1567 1047 1598 1076 et
1621 1042 1699 1075 alios
1730 1041 1942 1086 provinciales
1964 1051 2002 1074 ex

1259 1096 1357 1130 altera
1373 1096 1526 1140 partibus,
1544 1095 1708 1129 occasione
1735 1095 1870 1129 limitum
1887 1100 1918 1128 et
1933 1104 2004 1129 con·

1260 1148 1371 1182 finium
1396 1149 1549 1182 territorii
1572 1148 1798 1182 Avenionensis
1814 1153 1844 1181 et
1863 1147 2002 1181 fluminis

1260 1202 1438 1243 Durentiae,
1458 1213 1475 1235 e
1492 1202 1623 1245 regione
1647 1201 1840 1243 Provinciae,
1857 1212 1893 1235 ac
1909 1201 2002 1235 etiam

1261 1256 1382 1289 ratione
1407 1255 1633 1290 iurisdictionis
1656 1266 1713 1300 per
1732 1255 1850 1289 dictum
1874 1254 2005 1289 Ludovi-

1261 1320 1333 1343 cum
1359 1320 1467 1353 regem
1485 1320 1580 1354 super
1596 1309 1679 1343 dicto
1696 1309 1836 1350 flumine,
1856 1309 2004 1353 illiusque

1261 1364 1360 1404 alveo,
1378 1368 1408 1396 et
1426 1363 1536 1396 insulis
1551 1363 1582 1395 in
1596 1362 1707 1396 eodem
1723 1363 1812 1396 alveo
1825 1362 1902 1403 sitis,
1916 1372 2005 1407 prae-

1261 1422 1377 1457 tensae,
1402 1421 1569 1456 vertentes,
1594 1427 1665 1449 cum
1691 1415 1928 1456 commissariis,
1949 1426 2005 1449 seu

1262 1471 1330 1503 aliis
1347 1481 1364 1503 a
1381 1470 1465 1504 dicto
1490 1470 1647 1503 Ludovico
1667 1480 1742 1513 rege
1767 1469 1925 1514 deputatis
1946 1473 2007 1504 ter-

1262 1523 1436 1564 minandas,
1444 1523 1655 1556 venerabilem
1664 1523 1793 1555 fratrem
1802 1522 2006 1557 Guillelmum

1262 1577 1535 1621 archiepiscopum
1546 1576 1776 1610 Seleuciensem
1791 1576 1822 1608 in
1835 1576 1960 1609 civitate
1977 1581 2007 1609 et

1263 1631 1414 1664 comitatu
1437 1629 1606 1674 praedictis
1636 1629 1842 1673 vicelegatum
1866 1639 1924 1673 per
1948 1639 2006 1662 no-

1264 1689 1343 1717 stras
1367 1684 1398 1716 in
1422 1683 1517 1717 simili
1541 1683 1644 1717 forma
1669 1683 1775 1716 Brevis
1792 1682 1849 1716 suh
1865 1682 1916 1716 die
1929 1693 2007 1716 xxvi

1264 1738 1342 1772 iunii
1375 1748 1497 1772 mncxxi
1520 1737 1680 1782 expeditas
1709 1737 1847 1777 litteras,
1871 1747 2007 1780 quarum

1265 1798 1389 1825 tenores
1406 1791 1625 1836 praesentibus
1641 1801 1700 1835 pro
1720 1790 1877 1834 expressis
1896 1790 2008 1823 haberi

1264 1847 1421 1887 volumus,
1445 1845 1674 1889 deputavimus,
1690 1850 1788 1889 prout
1803 1844 1835 1878 in
1851 1844 1942 1878 dictis
1962 1844 2008 1877 lit-

1264 1900 1340 1933 teris
1360 1899 1486 1944 plenius
1510 1898 1689 1932 continetur
1702 1897 1721 1930 ¹.

2009 357 2058 384 An.
2074 355 2103 384 C.
2126 355 2193 386 162¹

2087 788 2201 816 Gregorius
2230 794 2232 798 ’

2017 816 2064 838 aliis
2091 816 2136 837 suis
2167 815 2202 837 tit·

2016 843 2068 865 teris
2096 842 2202 869 vicelega-

2017 872 2060 891 tum
2070 869 2202 890 Avenionen·

2016 902 2060 918 sem
2086 895 2202 922 deputave-

2016 925 2049 944 rat
2057 921 2202 949 prodefinieu-

2017 949 2050 970 dis
2079 950 2202 970 controver-

2017 976 2054 997 siis
2063 991 2068 1000 ,
2083 975 2109 996 de
2124 975 2202 1002 quum:
2228 976 2231 977 ⁷

2019 1002 2023 1006 ”
2052 1001 2145 1024 rubi-ica.

490 1962 577 1990 extra
602 1956 677 1989 illud
698 1956 896 1996 adhibeatur,
917 1966 996 1999 quae
1013 1955 1232 1999 praesentibus

490 2010 710 2050 adhiberetur,
742 2009 767 2042 si
796 2010 897 2042 forent
925 2009 1080 2042 exhibitae
1113 2009 1161 2042 vel
1191 2019 1229 2042 o-

491 2069 622 2096 stensae.

1309 1954 1325 1997 ς
1346 1953 1375 1986 2.
1401 1953 1478 1987 Cum
1503 1956 1619 1992 autem,
1644 1951 1724 1984 sicut
1747 1950 1838 1984 nobis
1863 1950 2007 1991 innotuit,
2043 1985 2208 2012 mmmmm

1266 2006 1345 2047 lites,
1359 2011 1390 2039 et
1403 2005 1598 2039 differentiae
1610 2004 1804 2044 huiusmodi,
1817 2004 1891 2036 dum
1907 2003 2008 2037 dictus
2023 2013 2208 2061 2'52053‘232'253

1266 2059 1443 2093 Ludovicus
1453 2069 1507 2092 rex
1522 2058 1554 2091 in
1570 2057 1694 2091 civitate
1704 2057 1912 2091 Avenionensi
1922 2067 2010 2101 prae·
2023 2067 2055 2088 rin
2069 2065 2180 2093 componi;

536 2116 647 2148 Datum
669 2116 795 2155 Romae,
809 2115 893 2159 apud
910 2115 939 2149 S.
955 2115 1092 2157 Petrum,
1106 2115 1164 2148 sub
1182 2125 1234 2148 an-

492 2170 566 2202 nulo
581 2169 757 2209 Piscatoris,
773 2169 823 2202 dic
836 2179 891 2202 x1v
905 2169 1082 2202 decembris
1090 2179 1232 2210 mnexxn,

493 2224 690 2268 pontificatus
709 2223 808 2257 nostri
833 2233 913 2257 anno
930 2233 961 2256 11.

530 2286 586 2314 Dat.
604 2286 646 2314 die
664 2287 697 2313 14
712 2286 866 2315 decembris
884 2286 960 2321 1622,
977 2286 1072 2322 pontif·
1088 2294 1158 2314 anno
1174 2293 1200 2314 ιι.

1267 2113 1350 2146 dicta
1375 2116 1590 2146 commoratus
1607 2116 1668 2153 est,
1693 2110 1822 2144 omnino
1846 2109 2010 2143 terminari

1266 2177 1330 2200 non
1353 2166 1529 2210 potuerint;
1556 2165 1638 2197 idem
1664 2174 1738 2197 vero
1762 2163 1938 2197 Ludovicus
1955 2173 2010 2196 rex

1267 2220 1338 2253 lites
1361 2225 1392 2253 et
1415 2218 1609 2252 differentias
1641 2217 1818 2262 praedictas
1846 2228 1903 2261 per
1927 2217 2010 2250 viam

1269 2273 1487 2307 transactionis
1503 2273 1567 2306 sive
1592 2271 1780 2305 concordiae
1796 2271 1828 2304 in
1848 2270 1937 2304 curia
1954 2271 2011 2304 sua

1269 2327 1432 2362 terminari
1460 2326 1630 2360 desideret:
1656 2326 1776 2359 idcirco
1799 2325 1838 2359 de
1862 2327 1915 2359 tua
1938 2324 2010 2366 fide,

1268 2381 1444 2426 prudentia,
1469 2380 1623 2421 doe-trina,
1648 2379 1837 2423 integritate,
1854 2388 1890 2412 ac
1914 2378 1946 2411 in
1965 2388 2011 2411 re-

1268 2435 1327 2468 bus
1343 2434 1472 2478 agendis
1494 2433 1690 2478 experientia
1714 2432 1887 2477 plurimum
1905 2431 1935 2464 in
1952 2431 2011 2464 Do-

1268 2488 1354 2521 mino
1378 2487 1505 2528 confisi,
1531 2486 1586 2519 tibi
1606 2496 1677 2519 cum
1698 2483 1939 2523 commissariis,
1955 2494 2010 2516 seu
2065 2515 2145 2537 Nunnio
2159 2519 2211 2542 ²¹³⁰·

1267 2541 1336 2574 aliis
1359 2551 1377 2573 a
1401 2539 1485 2573 dicto
1510 2538 1668 2572 Ludovico
1692 2548 1767 2580 rege
1791 2536 1959 2580 deputatis,
1976 2536 2011 2568 li-
2025 2543 2100 2564 stotieo
2153 2540 2212 2568 apua

1987 2588 1992 2594 .
2026 2569 2122 2591 eumdem
2140 2573 2210 2595 regem
2232 2584 2234 2586 .

1267 2599 1314 2627 tes
1346 2598 1377 2626 et
1407 2591 1600 2626 differentias
1634 2589 1814 2623 huiusmodi
1845 2599 1916 2622 eum
1946 2599 2011 2622 suis
2026 2593 2212 2644 ffiissii'ffilfficssi‘l

1268 2645 1495 2687 incidentibus,
1523 2642 1771 2688 dependentibus
1781 2668 1789 2682 ,
1824 2646 2012 2684 emergenti·
2027 2651 2089 2671 tates.

820 2419 905 2454 XCII.

497 2492 649 2525 Facullas
680 2492 800 2524 nuncio
829 2492 992 2526 Franciac
1023 2491 1235 2535 componendi

538 2545 768 2577 controversias
798 2549 951 2577 vertentes
984 2545 1069 2577 inter
1096 2545 1235 2578 Avenio-

539 2607 666 2636 nenses,
699 2597 939 2640 noiinttllosque
970 2597 1114 2630 subditos
1146 2597 1234 2641 rcyis

540 2649 818 2689 christianissimi,
842 2660 938 2693 super
951 2649 1102 2692 confiniis
1122 2654 1151 2683 et
1171 2650 1234 2692 flu-

540 2701 628 2733 mine
651 2701 856 2735 Darentiac'.

532 2764 545 2791 1
568 2763 604 2791 Ex
625 2763 731 2799 Regest.
752 2764 779 2792 in
798 2764 898 2793 Secret.
916 2765 998 2793 Brev.

1265 2701 1334 2741 bus,
1347 2699 1476 2733 annexis
1487 2703 1519 2732 et
1531 2697 1682 2732 connexis
1697 2696 1896 2737 terminandi,
1912 2705 2011 2729 novos

1301 2765 1312 2790 1
1329 2762 1400 2794 Quas
1419 2761 1478 2790 vide
1496 2768 1580 2798 supra
1598 2767 1660 2797 pag.
1676 2759 1728 2788 55⁴
1748 2758 1832 2787 huius
1852 2757 1917 2788 tomi
1926 2758 2009 2795 (Rs).
