2293 3231
0 301 2 308 .
72 300 78 311 ,
114 284 168 313 ΛΠ.
183 284 210 311 C.
229 284 297 313 1612

56 1335 73 1375 i„
118 1342 186 1364 iussio
198 1343 291 1374 desuper

56 1382 59 1392 ,η
105 1374 147 1390 non
163 1369 290 1399 molostandi

62 1407 63 1410 ¹
73 1404 79 1418 ι·
106 1398 213 1417 eremitas.

949 285 1068 311 PAL’LL‘S
1093 286 1113 309 V
1137 286 1184 311 Pr.

313 331 422 375 gratiis
439 332 589 376 prosequi
608 333 757 373 volentes,
775 338 803 365 et
824 342 933 367 eorum
951 332 1054 375 singu-

313 384 395 416 lares
419 393 569 426 personas
588 395 605 416 a
625 384 788 427 quibusvis
805 384 1054 417 excommunica-

313 436 417 478 tionis,
441 437 654 481 suspensionis
679 442 705 471 οι
733 438 899 475 interdicti,
924 438 1053 481 aliisque

312 489 531 523 ecclesiasticis
544 491 714 531 sententiis,
731 491 871 523 censuris
888 496 915 523 et
934 490 1052 534 poenis,

312 552 329 574 a
353 541 422 574 iure
444 542 491 574 vel
516 543 555 575 ab
580 543 707 575 homine
722 570 729 583 ,
755 543 864 586 quavis
889 542 1052 576 occasione

311 593 359 626 vel
384 596 478 627 causa
503 595 592 635 latis,
619 595 643 627 si
668 595 782 638 quibus
818 594 1051 638 quomodolibet

311 646 477 680 innodatae
501 647 652 687 existunt,
677 647 714 679 ad
740 647 885 680 effectum
908 657 1054 691 praesen-

311 699 389 732 tium
413 699 574 733 dumtaxat
590 699 857 743 consequendum,
874 700 985 732 harum
1004 709 1052 731 se-

311 752 357 785 rie
381 751 587 792 absolventes,
605 758 632 786 ct
651 753 809 786 absolutas
833 753 899 785 fore
924 761 1050 785 censen-

310 810 366 846 tes,
384 805 665 849 supplicationibus
689 816 799 839 eorum
817 805 943 839 nomine
960 804 1052 838 nobis

310 868 405 901 super
428 858 490 891 hoc
514 858 676 891 humiliter
707 858 862 902 porrectis
892 857 1069 898 inclinati„

309 909 427 943 eisdem
451 920 534 944 nunc
551 916 580 943 et
599 921 657 954 pro
682 916 823 954 tompore
848 910 1051 943 existentibus
1068 921 1069 941 ς

309 963 407 996 eremi
429 964 606 1008 praedictae
630 964 780 997 fratribus
802 964 951 1003 eremitis,
969 968 1001 996 ut
1019 964 1051 996 in

308 1016 386 1049 feria
411 1019 524 1060 quarta
549 1017 716 1050 cuiuslibet
746 1017 963 1050 hebdomadae
993 1017 1051 1049 Ad-

308 1073 419 1102 ventus
436 1073 467 1102 et
481 1069 749 1112 Quadragesiniae
776 1070 807 1102 in
823 1080 902 1114 pane
919 1075 949 1103 et
968 1071 1049 1113 aqua

307 1124 428 1154 tantum
452 1121 593 1155 ieiunare
623 1123 753 1156 minime
781 1127 964 1163 teneantur,
993 1122 1048 1155 fir-

307 1173 367 1207 mis
383 1173 415 1206 in
432 1174 564 1219 reliquis
579 1176 814 1208 remanentibus
830 1175 943 1208 litteris
959 1185 1049 1219 prae-

307 1225 408 1268 dictis,
435 1227 519 1260 dicta
543 1228 742 1269 auctoritate,
770 1233 879 1261 tenore
903 1238 1048 1272 praesen-

306 1280 395 1321 tium,
420 1281 624 1314 concedimus
648 1287 676 1314 et
702 1281 913 1324 indulgemus.

350 1334 364 1378 ἕ
389 1334 417 1367 5.
444 1335 653 1368 Decernentes
670 1335 754 1379 ipsos
770 1336 884 1368 fratres
900 1335 1047 1368 eremitas

304 1397 399 1431 super
422 1388 614 1432 praemissis,
632 1394 682 1421 aut
700 1399 810 1421 eorum
828 1388 944 1433 aliquo,
959 1389 1046 1421 nullo

304 1441 399 1474 inodo
430 1442 591 1475 molestari
623 1443 671 1475 vel
704 1441 885 1486 perturbari
917 1453 1045 1487 quoquo

303 1494 399 1528 modo
418 1505 527 1539 posse3
545 1506 580 1528 ac
597 1495 723 1529 irritum
740 1501 769 1528 et
788 1495 878 1528 inane
895 1495 1044 1539 quicquid

303 1557 393 1581 secus
417 1558 513 1592 super
537 1548 585 1581 his
601 1559 619 1581 a
635 1559 805 1592 quoquam,
819 1548 929 1592 quavis
942 1552 1045 1582 aucto-
1061 1581 1062 1589 ,

1070 358 1071 362 ,
1381 333 1529 367 CCXXIII.

1086 403 1273 446 Apostolica
1285 403 1462 436 benedictio
1479 403 1521 436 ad
1534 405 1670 437 Petrum
1685 405 1829 448 patriar-

1131 455 1223 486 cham
1243 455 1486 488 illccronilarum
1501 456 1753 497 Antiochenam,
1776 457 1828 500 sa-

1130 508 1298 550 cultasque
1323 508 1352 539 ci
1373 508 1497 540 tributa
1521 518 1630 541 omnes
1655 507 1828 542 catholicos

1130 559 1314 592 Maronitas
1327 560 1542 601 benedicendi,
1565 571 1637 594 cum
1655 560 1828 604 indulqen-

1133 613 1255 645 tz'arttm
1281 614 1484 656 clarqitione.

1330 693 1440 720 Paulus
1461 694 1539 728 Papa
1559 695 1580 721 V

1085 754 1255 781 Venerabili
1275 754 1363 782 fratri
1383 754 1470 782 Petro
1489 755 1682 789 patriarchae
1697 755 1828 784 Maroni-

1120 801 1219 826 tarum
1239 798 1446 832 Antiocheno,
1470 799 1600 826 salutem
1625 802 1656 826 et
1681 799 1826 834 apostoli-

1122 849 1186 869 cam
1206 842 1457 870 benedictionem.

1130 914 1144 956 ξ,
1173 913 1197 945 l.
1220 912 1374 952 Quoniam
1390 913 1594 945 fraternitatis
1611 917 1681 946 tuae
1698 914 1826 947 nomine

1067 965 1272 1009 {apostolatui
1303 970 1412 998 nostro
1443 975 1544 1009 nuper
1568 966 1744 1009 expositum
1768 967 1826 999 fuit

1066 1036 1067 1041 =
1084 1019 1168 1062 quod
1191 1023 1332 1052 nostram
1350 1019 1555 1062 apostolicam
1573 1019 1826 1053 benedictionem

1066 1074 1067 1096 i
1085 1070 1149 1112 tibi,
1160 1072 1337 1117 ceterisque
1350 1072 1581 1104 venerabilibus
1594 1072 1744 1105 fratribus
1757 1082 1826 1106 nos-

1065 1123 1140 1161 Jtris
1164 1124 1424 1168 archiepiscopis,
1450 1125 1615 1168 episcopis,
1640 1124 1825 1170 dilectisque

1065 1169 1066 1172 ¹
1082 1176 1155 1209 filiis
1180 1176 1266 1210 clero
1286 1181 1316 1210 et
1332 1177 1450 1221 populo
1466 1177 1692 1211 Maronitarum
1709 1177 1825 1222 imper-

1064 1254 1066 1270 ,
1080 1229 1133 1262 tiri
1151 1229 1328 1270 desideras;

1063 1287 1066 1324 t
1125 1282 1141 1325 g
1164 1282 1193 1314 2.
1220 1281 1340 1315 Idcirco
1365 1293 1440 1323 nos,
1464 1283 1518 1326 pio
1542 1282 1698 1317 desiderio
1718 1284 1824 1317 huius-

1063 1335 1167 1371 2modi
1201 1336 1275 1369 boni
1306 1336 1442 1379 pastoris
1473 1336 1609 1379 benigne
1642 1337 1823 1371 satisfacere

1081 1389 1239 1429 volentes,
1269 1388 1369 1421 eidem
1398 1389 1586 1422 fraternitati
1615 1394 1686 1422 tuae
1714 1389 1823 1422 huius-

1062 1431 1165 1478 {modi
1190 1442 1394 1485 apostolicam
1414 1442 1666 1475 benedictionem
1684 1442 1822 1476 libentis-

1061 1520 1063 1542 ,
1079 1495 1157 1528 sime
1181 1495 1391 1538 impertimur.

1123 1549 1138 1591 g
1161 1547 1190 1581 3.
1216 1548 1282 1588 Quo
1308 1559 1382 1581 vero
1400 1548 1438 1581 ad
1456 1550 1721 1594 archiepiscopos,
1742 1551 1821 1594 epis-

1730 276 1795 312 493
1842 287 1893 314 An.
1909 287 1937 315 e.
1956 288 2022 316 15¹2

1841 927 1966 950 Patriarcha
1979 929 2024 950 Ma-

1841 955 1956 976 ronitarum
1970 955 2024 976 Pon-

1841 980 1903 1001 uncis
1936 981 2025 1003 benedi-

1840 1007 1932 1028 ctionem
1946 1013 1985 1034 pro
2001 1014 2024 1029 se

1841 1036 1861 1054 et
1869 1034 1918 1054 aliis
1925 1035 2026 1060 postulat,

1878 1295 1917 1320 Qui
1930 1295 1986 1318 illam
2003 1297 2022 1318 ei

1837 1322 1964 1349 impartitur.

1861 1570 1888 1591 Et
1908 1571 1961 1592 alios
1982 1576 2020 1592 au-

1835 1598 1934 1618 ctoritate
1953 1598 2020 1623 ipsius

1061 1596 1184 1645 leopos,
1209 1602 1329 1635 clerum
1346 1608 1375 1636 et
1399 1603 1552 1647 populum
1576 1603 1754 1647 praedictos
1779 1609 1821 1637 at·

1060 1654 1152 1699 ¹tinet
1168 1682 1175 1695 ,
1200 1661 1234 1687 ut
1258 1656 1443 1689 eorumdem
1473 1667 1624 1700 personas
1653 1658 1820 1703 utriusque

1060 1718 1169 1751 sexus
1194 1709 1366 1752 respective
1381 1737 1388 1749 ,
1413 1714 1548 1754 tuosque
1573 1710 1667 1742 etiam
1691 1716 1722 1743 et
1753 1710 1820 1744 illo-

1060 1755 1147 1793 frum
1173 1771 1277 1804 agros,
1301 1762 1527 1805 possessiones,
1547 1763 1659 1796 domos
1683 1768 1713 1796 et
1736 1763 1818 1797 bona

1077 1825 1306 1858 quaecumque,
1331 1826 1367 1848 ex
1392 1821 1481 1859 parte
1506 1817 1730 1860 omnipotentis
1752 1817 1817 1858 Dei,

1060 1862 1111 1910 jac
1135 1868 1299 1901 beatorum
1325 1868 1408 1901 Petri
1437 1874 1464 1901 ct
1490 1869 1576 1902 Pauli
1601 1870 1815 1914 apostolorum

1058 1962 1059 1966 Ἰ
1076 1921 1153 1961 eius,
1171 1926 1199 1953 et
1217 1923 1335 1962 nostra,
1353 1921 1461 1954 eadem
1486 1922 1664 1955 fraternitas
1685 1928 1737 1956 tua
1761 1934 1818 1967 per

301 1977 364 2006 tate
387 1973 448 2005 alia
472 1973 647 2016 roboratis)
672 1974 795 2006 statutis
819 1979 846 2006 et
873 1980 1041 2007 consuetu·
1058 2003 1059 2006 ,
1075 1984 1118 2014 se,
1144 1974 1191 2006 vel
1216 1974 1314 2014 alios,
1344 1975 1512 2018 episcopali
1536 1980 1640 2008 tamen
1665 1975 1816 2018 dignitate

1074 2028 1249 2070 fungentes,
1273 2028 1365 2061 unica
1385 2029 1451 2061 vice
1476 2034 1596 2061 tantum
1617 2029 1814 2070 benedicere,

301 2025 444 2066 dinibus,
468 2026 642 2069 privilegiis
677 2037 824 2071 quoquc,
850 2027 977 2060 indultis
1012 2033 1041 2061 ct,

301 2078 413 2112 litteris
426 2080 615 2123 apostolicis,
634 2080 665 2112 in
685 2081 878 2113 contrarium
893 2082 1059 2125 praemisg
1119 2082 1134 2124 ἓ
1158 2081 1186 2113 4.
1212 2081 1314 2125 lisque
1337 2087 1520 2125 praeterea,
1546 2082 1599 2125 qui
1624 2083 1756 2115 confessi
1785 2088 1813 2117 et
1856 2093 2016 2123 eries-entibus-

301 2142 409 2165 sorum
444 2133 681 2176 quomodolibet
716 2133 892 2174 concessis,
925 2135 1162 2167 confir-'sacra
1188 2136 1410 2167 communione
1445 2136 1552 2168 refecti
1588 2136 1661 2168 huic
1685 2135 1814 2169 benedi·
1842 2119 2015 2181 Ϊοῖῑέιῖῗεεὲιῗτῖἓῖ

300 2185 394 2218 matis
418 2190 448 2218 et
471 2186 674 2228 approbatis:
700 2186 816 2230 quibus
837 2187 984 2219 omnibus
1011 2193 1041 2219 et
1056 2188 1059 2234 t
1074 2187 1168 2220 ctioni
1182 2191 1361 2230 praesentes
1375 2189 1658 2232 erunt‚plenariam
1673 2189 1813 2222 omnium
1829 2175 2013 2220 ἷῗᾱᾳυῗὸωῖἷιῑιῗιῗὲ

300 2237 442 2281 singulis,
459 2248 570 2271 eorum
595 2239 735 2271 oninium
754 2244 878 2272 tenores
893 2239 1040 2283 praesen-

1073 2246 1274 2284 peccatorum
1303 2251 1432 2274 suorum
1463 2241 1690 2284 indulgentiam
1714 2247 1742 2274 et
1768 2224 2013 2278 Γε-ἕῗζῗῖἷιιῖῗίἷὲἶῗῖἶ

299 2290 384 2323 tibus
406 2301 465 2334 pro
490 2291 646 2334 expressis
682 2291 852 2331 habentes,
880 2292 941 2325 illis
965 2293 1040 2325 alias

300 2343 331 2376 in
348 2353 406 2377 suo
422 2344 538 2377 robore
554 2345 781 2388 permansuris,
795 2345 853 2378 hac
871 2345 937 2378 vice
953 2346 1041 2379 dum-

1829 2279 1897 2298 torum
1909 2278 2013 2305 elargien-

299 2402 392 2437 taxat‚
416 2397 593 2441 specialiter
614 2403 644 2430 et
668 2409 815 2442 expresse
840 2399 1039 2442 derogamus,

71 1628 73 1630 .
303 1601 404 1642 ritate,
429 1602 564 1635 scienter
581 1603 628 1635 vel
649 1602 851 1645 ignoranter,
878 1602 1044 1645 contigerit

65 1653 74 1666 '
302 1655 457 1687 attentari.

347 1707 362 1750 ἓ
386 1707 415 1740 6.
441 1708 509 1740 Non
534 1708 730 1740 obstantibus
747 1708 859 1741 litteris
876 1708 1044 1752 praedictis

302 1770 339 1793 ac
362 1760 524 1804 quibusvis
556 1761 832 1794 constitutionibus
863 1767 891 1794 et
917 1761 1043 1794 ordina·

302 1813 440 1847 tionibus
475 1814 655 1857 apostolicis
673 1841 680 1855 ‚
704 1824 826 1847 necnon
853 1814 978 1847 Ordinis
1013 1821 1043 1848 et

302 1867 399 1900 eremi
431 1867 665 1911 praedictorum
693 1871 701 1903 t
717 1867 811 1900 ctiam
845 1868 1041 1908 iuramento,

302 1919 542 1953 confirmatione
558 1921 741 1964 apostolica,
757 1921 803 1953 rel
822 1921 930 1964 quavis
947 1921 1043 1954 firmi-

1834 1623 1944 1645 Pontiticis
1958 1625 2022 1645 bene-

1835 1649 1921 1680 dicendi
1944 1657 2020 1672 munus

1835 1678 1925 1703 inmugit
1935 1693 1941 1701 .

174 1725 288 1752 Derogatio

58 1755 66 1778 ¹,
103 1753 264 1774 contrariorum.

59 1722 72 1758 's

60 1781 76 1797 ε*

63 1820 73 1835 r

55 1844 73 1889 j.

43 1910 75 1937 ,ί

44 2036 73 2061 ,3²

54 2049 80 2111 t

56 2193 85 2242 3³35·
66 2161 79 2189 x·-
68 2144 77 2155 '-

42 2331 45 2339 .
74 2311 80 2318 χ
40 2222 79 2302 ‚ias-⁹

60 2466 74 2488 ’.ι
58 2427 77 2456 ω’»,
59 2404 74 2418 »Δ
61 2354 78 2394 αογ

1073 2294 1254 2327 missionem
1277 2294 1526 2327 misericorditer
1549 2295 1581 2326 in
1604 2294 1748 2335 Domino,
1766 2296 1814 2327 ea·
1829 2303 1856 2324 di.

299 2451 476 2496 ceterisque
499 2451 666 2484 contrariis
690 2451 951 2496 quibuscumque.

1073 2347 1143 2379 dem
1169 2348 1354 2380 auctoritate
1378 2349 1486 2380 nostra
1517 2347 1710 2391 apostolica,
1737 2348 1814 2380 elar-

1073 2400 1133 2442 giri
1159 2400 1276 2443 possit,
1301 2405 1409 2433 tenore
1434 2400 1646 2443 praesentium
1672 2400 1813 2434 concedi-

342 2504 453 2537 Datum
477 2504 613 2544 Tusculi,
639 2505 698 2537 sub
722 2505 837 2538 annulo
861 2505 1039 2546 Piscatoiis,

299 2556 350 2589 die
364 2566 442 2590 xvm
459 2557 598 2590 octobris
617 2567 736 2597 noemi,
753 2557 954 2601 pontificatus
969 2568 1040 2592 nos-

298 2608 340 2642 tri
364 2619 446 2642 anno
469 2619 535 2643 vm.

335 2670 393 2698 Det.
410 2670 454 2699 die
475 2671 507 2698 18
526 2671 646 2700 octobris
668 2672 745 2707 1612,
767 2672 860 2709 pontif.
882 2681 925 2700 an.
948 2679 1000 2701 rm.

383 2724 461 2751 Bull.
481 2724 562 2752 Rom.
583 2739 617 2746 -
635 2725 692 2753 Vol.
714 2725 780 2753 XII.
941 2726 974 2754 25

1073 2463 1143 2486 mus
1167 2458 1197 2486 et
1220 2453 1430 2495 indulgemus.

1117 2509 1132 2549 ς’
1156 2506 1184 2538 5.
1210 2506 1443 2551 Precamurque
1468 2507 1655 2547 Dominum,
1677 2513 1721 2548 ut,
1743 2518 1812 2552 ape-

1054 2559 1156 2621 iriens
1182 2569 1309 2591 manum
1334 2569 1432 2599 suam,
1458 2559 1586 2603 impleat
1602 2570 1666 2600 vos,
1684 2566 1714 2594 et
1728 2561 1810 2595 bona

1054 2616 1184 2650 ¹vestra,
1207 2616 1236 2644 et
1259 2611 1438 2644 universam
1463 2612 1687 2646 Maronitarum
1707 2614 1810 2648 catho-

1053 2651 1162 2710 §licam
1188 2664 1346 2698 nationem
1371 2665 1587 2700 benedictione
1611 2668 1675 2700 sua.
