2293 3231
870 278 968 306 ianm<
991 278 1101 306 annum
1644 268 1706 304 831

226 335 373 370 Clemens
396 334 481 379 Papa
506 332 576 367 VIII
601 332 708 367 statuit
736 332 847 366 fratres
871 332 900 365 S.
925 331 1050 365 Ioannis
1075 330 1132 364 Dei
1157 339 1254 364 unum
1287 328 1501 364 tantummodo
1521 327 1635 371 {votum
1658 330 1755 362 inser-

315 387 437 422 vieudis
463 388 594 421 inlirmis
623 388 786 427 omittere,
812 390 839 419 ct
868 395 928 418 nou
964 394 1031 417 csse
1065 384 1243 427 religiosos,
1272 384 1287 416 4
1314 394 1342 416 a.
1376 382 1557 416 Pontificale
1587 386 1618 415 et
1649 390 1755 415 caere-

313 440 449 475 moniale
476 442 698 484 cpiscoporum
725 439 905 477 emendari,
930 441 1024 482 atque
1048 437 1099 470 edi
1123 440 1227 477 curat,
1255 436 1315 469 267
1342 448 1370 469 α.
1397 436 1498 479 Ipsius
1522 435 1649 468 decreta
1673 436 1754 468 circa

315 494 454 527 officium
481 493 613 527 duorum
639 494 851 526 assistentium
885 492 1000 535 prioris
1024 489 1184 533 generalis
1208 489 1339 524 Ordinis
1364 489 1570 523 Ercmitarum
1595 488 1623 521 S.
1650 488 1757 531 Augu-

316 548 400 588 stini,
427 547 489 581 280
515 547 532 578 b
557 550 587 580 et
611 556 671 590 seq.
700 545 829 579 Beatum
858 544 1054 588 sylvestrum
1085 543 1267 577 Cuzolinum
1297 543 1519 586 Martyrologio
1543 542 1682 575 Romano
1708 542 1758 574 ad-

314 600 441 642 scribit,
469 600 525 633 401
555 611 584 633 a.
609 598 789 632 Declaravit
820 598 1074 631 constitutionem
1108 597 1186 630 Sixti
1219 596 1244 629 V
1274 606 1335 641 qua
1369 596 1529 629 inhibetur
1561 595 1701 629 alienare
1728 598 1758 628 et

317 656 385 688 iura
410 654 515 687 Status
540 653 772 694 Ecclesiastici‚
800 652 860 685 413
886 650 911 684 b.
937 650 1157 683 investituram
1182 651 1272 692 regui
1297 649 1421 683 Siciliae
1448 648 1590 692 Philippo
1614 647 1656 681 111
1680 647 1757 680 His-

316 708 481 751 paniarum
506 708 574 749 regi
600 707 769 747 concessit,
796 705 858 738 630
883 704 909 737 b.
934 704 1037 747 Ipsius
1064 706 1302 737 monumentum
1334 705 1364 737 in
1394 702 1509 736 sacello
1540 701 1755 745 Burg'uesiano

317 761 454 804 positum
480 769 497 793 a
522 760 618 794 Paulo
643 759 700 793 PP.
727 759 763 799 V,
788 759 849 792 317
875 757 900 791 b.

227 812 366 856 Codebo,
392 812 464 846 vide
490 812 644 846 Andreas¹

227 866 382 900 Collectae
407 875 538 899 onerum
563 865 695 899 realium
722 867 752 898 in
779 865 865 904 loco,
893 862 946 897 ubi
971 862 1053 897 hona
1078 863 1136 896 sita
1168 867 1254 905 sunt,
1281 874 1341 897 non
1367 866 1471 897 autem
1495 861 1647 896 domicilii
1679 871 1757 906 pos-

316 928 483 959 sessorum,
509 919 595 962 exigi
621 917 779 960 debeant,
805 918 845 951 14
872 917 899 950 b.

228 972 366 1016 Collegia
390 971 580 1012 Maurorum,
606 971 677 1004 vide
700 971 889 1004 Maurorum.

226 1025 402 1068 Collegium
414 1023 659 1058 Ambrosianum
676 1033 693 1057 a
712 1023 872 1057 Friderico
889 1021 1041 1056 cardinali
1058 1018 1246 1061 Bosmmaeo
1263 1022 1433 1058 Mefflolani
1450 1023 1637 1063 institutum,
1652 1020 1711 1055 201
1728 1031 1756 1056 α,

315 1077 390 1112 Eius
406 1077 550 1111 doctores
567 1086 678 1110 omnes
695 1085 765 1109 esse
784 1076 993 1111 ecclesiastici
1010 1079 1145 1122 debent,
1166 1079 1228 1113 202
1245 1089 1274 1111 α.

227 1130 403 1174 Collegium
427 1130 619 1164 Graecorum
643 1130 762 1163 Romae
788 1130 980 1174 institutum,
1000 1132 1062 1165 340
1080 1144 1098 1165 a
1124 1136 1153 1166 et
1178 1133 1203 1165 ὁ.
1229 1132 1263 1165 ln
1281 1140 1318 1164 eo
1336 1133 1470 1175 quatuor
1491 1129 1630 1163 Rutheni
1657 1128 1758 1163 adole-

315 1187 439 1216 scentes
465 1186 621 1226 pcrpetuo
646 1181 851 1223 admittendi,
879 1182 954 1215 ibid.

227 1235 401 1279 Collegium
426 1235 592 1268 Societatis
617 1234 688 1268 lesu
709 1235 740 1267 in
758 1236 885 1268 civitate
911 1235 1073 1271 Bisuntina
1090 1239 1266 1271 institutum
1285 1238 1302 1270 2
1321 1236 1336 1269 b
1354 1239 1383 1269 et
1403 1237 1434 1268 in
1457 1236 1584 1269 civitate
1602 1234 1758 1268 Paderbo-

315 1290 418 1330 nensi,
444 1288 506 1322 299
531 1288 558 1321 b.
584 1287 759 1331 Collegium
785 1287 958 1323 Elboreuse
984 1290 1023 1324 ab
1048 1291 1186 1324 Heni-Ico
1213 1289 1366 1324 cardinali
1391 1293 1530 1322 erectum
1560 1292 1589 1322 et
1613 1288 1760 1322 Societati

313 1341 385 1375 Iesu
411 1341 570 1383 traditum,
590 1341 652 1374 610
678 1351 697 1373 α
722 1344 752 1375 et
775 1351 835 1383 seq.
861 1341 1036 1386 Collegium
1051 1343 1252 1377 Castorieuse
1273 1342 1312 1376 ab
1332 1342 1470 1375 Henrico
1488 1340 1666 1375 Bourbonio
1684 1340 1759 1375 Con-

315 1394 387 1428 daei
412 1395 556 1438 principe
581 1397 738 1436 erectum,
764 1395 827 1427 770
853 1398 883 1428 et
907 1406 967 1440 seq.
988 1396 1124 1440 Collegia
1142 1401 1173 1431 et
1190 1397 1301 1431 domus
1318 1396 1483 1430 Societatis
1500 1394 1570 1428 Iesu
1594 1396 1625 1428 in
1649 1395 1757 1437 regnis

316 1448 462 1481 Sinarum
487 1451 517 1480 et
540 1446 691 1490 Iaponiae
714 1448 896 1481 eximuntur
918 1457 935 1481 a
960 1449 1093 1483 decimis
1122 1454 1152 1484 et
1175 1451 1339 1492 vigesimis
1364 1447 1616 1493 parochialibus,
1645 1448 1707 1482 753
1733 1448 1758 1481 b.

228 1499 404 1544 Collegium
429 1500 642 1534 Hibernorum
667 1500 854 1544 Ulyssipone
880 1505 1030 1544 erectum,
1057 1503 1117 1536 204
1145 1503 1181 1536 b:
1206 1502 1277 1536 vide
1301 1502 1525 1536 Hibernorum.

227 1553 401 1598 Collegium
424 1553 627 1598 anglicanum
649 1553 840 1598 Ulissypone
865 1559 1016 1597 erectum,
1042 1557 1105 1589 740
1131 1567 1159 1589 a.

228 1607 499 1652 compostellanus
523 1608 784 1652 archiepiscopus
809 1611 857 1642 est
881 1612 1055 1652 perpetuus
1079 1610 1285 1653 cappellanus
1309 1611 1409 1643 maior
1425 1610 1508 1652 regis
1524 1609 1759 1653 Hispaniarum.

317 1661 378 1695 245
403 1672 432 1693 α.
457 1660 546 1701 Quae
570 1663 633 1694 sint
656 1661 838 1694 huiusmodi
862 1661 1041 1705 cappellani
1066 1663 1239 1705 facultates,
1261 1663 1336 1696 ibid.
1362 1662 1398 1696 Ei
1424 1661 1578 1696 incumbit
1597 1672 1672 1696 cura
1697 1664 1760 1696 ani·

316 1722 438 1747 marum
456 1713 559 1757 quoad
577 1723 641 1755 eOS,
659 1714 713 1758 qui
738 1715 859 1757 reg-iam
885 1715 1004 1747 curiam
1027 1720 1212 1760 sequuntur,
1240 1716 1301 1749 245
1319 1716 1345 1749 b.
1371 1714 1639 1759 Ordinariamque
1664 1725 1760 1760 super

318 1777 372 1802 eos
389 1768 643 1802 iurisdictionem
660 1772 805 1809 exercet,
824 1768 900 1801 ibid.
926 1768 1044 1813 Eisque
1069 1773 1267 1803 sacramenta
1292 1771 1388 1802 etiam
1413 1769 1443 1801 in
1469 1768 1621 1802 Paschate
1642 1778 1700 1812 per
1715 1779 1759 1809 se,

318 1821 367 1854 vel
393 1821 471 1855 alios
495 1821 675 1855 sacerdotes
700 1820 739 1854 ab
765 1822 834 1864 ipso
859 1821 1027 1865 deputatos
1052 1822 1267 1864 administrat,
1294 1822 1355 1855 246
1380 1832 1409 1854 α.
1434 1820 1524 1861 Quae
1549 1823 1612 1854 sint
1633 1821 1761 1865 cappel-

317 1873 461 1908 lanorum
486 1873 525 1907 ab
550 1883 587 1907 eo
610 1873 832 1917 deputatorum
857 1875 1042 1918 privilegia,
1069 1876 1129 1909 247
1156 1876 1181 1908 b.
1206 1875 1251 1908 Do
1277 1875 1398 1908 Aedem
1423 1884 1467 1915 re,
1493 1875 1555 1907 814
1581 1885 1599 1906 a
1623 1878 1654 1908 et
1677 1885 1737 1919 seq.

229 1926 385 1960 Conclave
410 1937 466 1971 pro
490 1927 623 1962 Romani
647 1927 807 1961 Pontificis
832 1927 1006 1971 electione,
1031 1932 1062 1962 et
1092 1929 1168 1973 quid
1193 1930 1232 1962 sit
1257 1930 1288 1962 iu
1313 1938 1350 1962 eo
1375 1927 1584 1969 servandum,
1610 1927 1672 1961 662
1700 1938 1760 1972 seq.

232 1979 451 2014 Conclavistae
475 1982 529 2025 qui
553 1980 764 2014 interfuerunt
788 1980 931 2014 conclavi
956 1982 987 2014 in
1005 1991 1067 2026 quo
1087 1982 1180 2025 Greg.
1200 1981 1252 2015 XV
1270 1982 1414 2015 Pontifex
1431 1981 1552 2015 clectus
1570 1984 1626 2022 est,
1645 1981 1707 2014 492
1724 1991 1760 2019 α;

321 2036 352 2066 et
380 2042 462 2077 quae
493 2043 603 2068 eorum
637 2034 699 2067 sint
732 2033 915 2078 privilegia,
946 2034 1008 2067 492
1037 2034 1053 2067 b
1085 2038 1116 2068 et
1147 2045 1206 2079 seq.
1232 2034 1376 2079 Ipsorum
1401 2035 1527 2068 nomina
1558 2034 1759 2068 referuntur.

322 2086 384 2119 497
410 2085 426 2119 b
451 2090 481 2120 et
504 2097 565 2131 seq.

231 2139 473 2174 Concor-diensis
497 2140 664 2182 dioecesis,
690 2140 761 2174 ride
787 2140 845 2175 Viti
871 2140 940 2185 (8.).

232 2192 424 2227 Confessarii
461 2195 660 2237 poenitentes
698 2195 729 2228 in
766 2193 1047 2228 sacramentalibus
1082 2194 1333 2229 confessionibus
1365 2195 1404 2229 ad
1430 2195 1533 2239 turpia
1556 2194 1760 2229 sollicitantes

319 2246 436 2291 quibus
461 2248 572 2290 poenis
596 2250 659 2281 sint
683 2248 861 2290 coercendi,
888 2248 950 2281 729
976 2248 993 2279 h
1018 2251 1049 2282 et
1072 2259 1132 2293 seq.

231 2298 478 2334 Confraternitas
494 2309 667 2345 coquorum
684 2305 715 2336 et
730 2302 1001 2345 pasticceriorum,
1024 2301 1085 2334 416
1103 2301 1129 2334 b.
1147 2302 1250 2345 Ipsius
1266 2306 1381 2336 statuta
1397 2302 1631 2343 confirmantur,
1652 2301 1712 2335 417
1730 2312 1758 2334 α.

231 2352 478 2387 Confraternitas
507 2353 702 2397 sculptorum
734 2358 764 2388 et
795 2354 1002 2398 lapicidarum
1031 2354 1090 2388 sub
1122 2357 1321 2389 invocatione
1354 2356 1400 2389 Ss.
1426 2355 1567 2396 Quatuor
1591 2354 1760 2388 Coronato-

320 2416 388 2440 rum
413 2410 535 2448 erecta,
560 2407 623 2440 797
656 2418 685 2441 a.
709 2406 853 2441 Ecclesia
883 2408 912 2441 S.
944 2408 1091 2442 Andreae
1117 2408 1156 2441 de
1182 2408 1325 2442 Funariis
1351 2409 1380 2441 ei
1404 2416 1565 2443 concessa.
1591 2407 1654 2441 798
1679 2407 1704 2440 b.

232 2460 479 2495 confraternitas
503 2460 549 2494 Ss.
574 2460 738 2494 Benedicti
764 2465 794 2494 et
818 2460 1030 2494 Scholasticae
1055 2461 1172 2494 Romae
1198 2465 1303 2495 erecta
1328 2463 1359 2494 iu
1385 2461 1521 2495 ecclesia
1546 2461 1576 2494 S.
1601 2460 1762 2494 Eustachii

321 2514 361 2548 de
393 2513 494 2555 Urbe,
527 2513 590 2546 338
623 2524 651 2546 a.
684 2513 928 2557 Privilegiisque
958 2516 1071 2555 aucta,
1105 2513 1167 2547 338
1198 2525 1217 2547 α
1250 2519 1282 2549 ct
1310 2515 1336 2547 b.
1367 2515 1576 2559 Indulgentiis
1609 2514 1758 2550 donatur,

321 2567 385 2601 339
409 2577 429 2600 a
453 2570 485 2600 et
508 2566 534 2599 b.
559 2566 593 2599 ln
618 2565 997 2600 archicoufraternitatem
1021 2575 1037 2599 a
1064 2565 1216 2609 Gregorio
1242 2566 1290 2600 XV
1316 2569 1456 2611 erigitur,
1483 2568 1546 2601 788
1571 2579 1600 2601 a.

232 2618 442 2663 Congregatio
468 2628 612 2653 annonae
637 2623 667 2653 et
691 2621 835 2663 grasciae
859 2629 915 2663 pro
939 2629 1014 2662 agro
1045 2629 1175 2653 romano
1201 2629 1217 2654 a
1242 2619 1338 2654 Paulo
1363 2621 1447 2665 Papa
1471 2620 1496 2652 V
1520 2624 1641 2655 crecta.
1669 2621 1708 2653 15
1733 2620 1758 2653 b.
1816 2617 1820 2619 ’

321 2671 565 2714 QuintodecImo
590 2683 716 2719 quoque
740 2673 792 2707 die
817 2672 978 2717 cogenda,
1006 2673 1044 2706 16
1071 2684 1099 2706 (1.
