2293 3231
108 289 157 317 An.
174 289 203 315 G.
222 287 289 315 1612

160 1038 188 1058 ΡΛ
194 1040 235 1058 vtes

107 1065 219 1091 quamdam
242 1070 290 1084 cou-

107 1091 201 1112 cni-«tiam
228 1091 290 1111 «tui-e-

107 1124 166 1139 nere.

943 287 1062 312 PAULus
1085 288 1105 312 V
1128 288 1175 311 Pr.

1718 278 1776 311 t7t

304 340 462 379 ceptorem
487 345 546 378 pro
571 340 712 379 tempore
736 336 916 368 existentem
942 336 1041 368 (lictae
1057 339 1059 356 ¹
1075 335 1204 368 duratos
1228 335 1295 367 auri
1321 334 1359 368 (lc
1384 335 1508 367 camera
1532 334 1691 367 annuatim
1717 335 1814 378 perci-

305 388 540 432 praeeeptoriae
561 389 753 432 spectabant,
774 388 912 421 videlicet
932 389 1042 421 electio

304 441 397 474 unius
422 451 457 474 cx
481 442 624 485 pluribus
641 452 657 474 a
676 443 794 486 populo
811 441 967 485 deputatis
985 452 1042 485 pro

305 495 408 528 officio
432 495 603 538 praetoris,
629 506 702 536 seu,
728 501 756 527 ut
786 495 889 528 dicunt
922 495 950 527 in
984 495 1043 527 illis

306 547 464 591 partibus,
490 548 625 581 iustitiae
650 548 767 588 civilis,
792 559 827 581 ac
852 548 1042 591 graduandi,

305 600 368 634 sive
378 601 532 644 gradatim
546 612 603 645 per
613 602 754 635 ordinem
765 601 899 645 eligendi
914 601 981 633 iura
987 606 1043 641 tos,

305 653 445 697 aliosque
470 655 617 687 officiales
642 655 702 687 alia
726 665 802 688 vero
820 655 900 687 idem
920 664 1045 698 praece-

305 709 378 748 ptor
401 705 438 737 ad
465 715 507 745 se,
532 705 605 738 licet
628 706 747 749 pluries
771 716 867 749 super
893 705 952 737 illis
970 715 1045 738 con-

305 757 470 791 demnatus
495 758 604 799 fuerit,
631 763 771 802 spectare
797 757 1044 802 praetendebat)

305 811 462 855 rebusque
479 812 548 844 aliis
565 812 596 844 in
616 812 692 844 actis
709 822 820 844 causac
834 816 863 843 et
879 822 1043 844 causarum

306 864 485 897 huiusmodi
504 865 595 899 [atius
612 865 763 905 deductis,
778 869 865 897 ortae
882 864 1045 903 suerint‚et

306 917 428 961 aliquae
441 918 534 950 etiam
551 918 589 951 de
607 918 763 962 praesenti
783 918 812 950 in
830 928 978 961 supremo
996 928 1045 950 re-

306 970 358 1012 gio
382 970 512 1003 consilio
537 971 690 1004 indecisae
715 971 886 1014 pendeant,

351 1024 365 1067 ἕ
389 1024 418 1056 ⁹2.
450 1024 639 1070 Praeceptor
663 1036 698 1057 ac
723 1025 909 1057 universitas
934 1029 965 1057 et
989 1025 1045 1057 ho-

306 1076 406 1109 mines
418 1077 569 1120 praedicti
581 1077 748 1110 excessivis
763 1078 949 1122 sumptibus,
967 1088 1046 1121 quos

307 1130 389 1174 passi
415 1135 495 1170 sunt,
520 1141 662 1174 parcere,
687 1142 722 1163 ac
746 1135 809 1163 tam
831 1131 935 1171 iidem,
952 1141 1063 1174 quanr

306 1183 407 1216 dictus
437 1184 601 1228 Philippus
624 1195 679 1217 rex
705 1184 915 1217 conditionem
947 1184 1046 1217 dictae

306 1237 542 1281 praeceptoriae
556 1237 719 1270 meliorem
738 1238 861 1270 efficere
876 1238 1046 1281 cupientes,

306 1289 344 1322 ad
369 1290 602 1334 infrascriptam
628 1291 709 1324 inter
734 1302 775 1329 se,
802 1291 859 1323 sul]
885 1296 992 1324 nostro
1018 1297 1047 1324 et,

307 1343 394 1376 Sedis
411 1344 609 1387 Apostolicae
629 1344 836 1388 beneplacito,
855 1345 1047 1377 devenerunt

307 1396 560 1437 transactionem,
582 1397 741 1431 videlicet:
760 1398 843 1441 quod
861 1398 962 1430 dictus
979 1398 1047 1430 Phi-

307 1450 413 1494 lippus
426 1461 480 1484 rex
494 1456 653 1494 tamquam
670 1451 906 1485 administrator
922 1452 1045 1485 Militiae

308 1504 486 1547 praedictae
510 1515 635 1537 omnem
659 1504 906 1538 iurisdictionem
923 1505 1046 1538 civilem
1063 1512 1064 1521 ¹

308 1567 403 1600 supra
423 1567 615 1601 expressam,
631 1568 787 1601 usumque
810 1562 839 1592 et
863 1559 1046 1591 exercitium

308 1609 458 1650 eiusdem,
473 1613 534 1643 una
547 1621 618 1643 cuin
636 1621 718 1651 arce,
734 1612 836 1652 terris,
854 1622 889 1644 ac
902 1612 1049 1645 omnibus

309 1663 429 1696 iuribus
453 1669 483 1696 et
506 1664 713 1708 pertinentiis,
731 1665 862 1705 salariis,
880 1666 999 1709 poenis,
1014 1676 1048 1698 ac

308 1717 512 1761 proventibus
536 1723 566 1750 et
591 1718 827 1757 emolumentis,
853 1717 957 1761 quae¹
983 1719 1048 1762 ipse

309 1774 469 1813 tamquam
493 1770 563 1803 talis
587 1770 822 1804 administrator
851 1771 994 1812 Militiae,
1020 1778 1047 1804 et

309 1829 496 1868 praeceptor
519 1824 698 1868 praedictus
728 1825 759 1857 in
786 1825 896 1858 eodem
922 1826 1049 1870 oppido,

309 1876 455 1920 illiusque
481 1877 643 1911 territorio
668 1881 697 1912 et
721 1878 881 1922 districtu,
906 1889 963 1911 nee
988 1889 1050 1912 non

310 1939 404 1974 super
428 1930 538 1963 incolis
562 1935 593 1964 et
617 1923 858 1965 habitatoribus
872 1931 978 1976 oppidi
996 1932 1051 1965 hu-

311 1983 446 2016 iusmodi
471 1993 554 2017 nnnc
577 1989 684 2017 tenent
700 1989 730 2017 et
749 1985 920 2028 possident⁷
945 1995 980 2018 ac
1001 1985 1051 2018 de-

310 2037 406 2080 nique
423 2038 529 2070 omnia
546 2043 576 2071 et
591 2048 808 2082 quaecumque
826 2039 893 2071 iura
911 2044 941 2071 et
958 2039 1052 2072 actio-

310 2100 365 2122 nes
399 2101 454 2123 seu
478 2091 734 2133 praetensiones,
759 2102 838 2135 quae
864 2091 996 2131 habent,
1022 2097 1051 2124 et

1076 388 1205 431 plebat),
1231 388 1426 420 universitati
1445 392 1471 420 et
1495 387 1678 420 hominibus
1694 387 1815 430 praedi-

1077 441 1133 474 ctis
1158 441 1281 478 cedere,
1308 441 1492 473 renunciare
1510 446 1537 473 el
1558 442 1736 479 translerre3
1755 440 1813 484 ipsi

1078 505 1151 527 vero
1166 494 1351 527 universitas
1368 500 1394 527 et
1412 494 1564 535 homines,
1583 494 1613 526 in
1634 504 1816 538 recompen-

1077 558 1143 579 sam
1171 548 1329 588 missionis,
1358 548 1604 580 renunciationis
1632 553 1662 580 et
1690 548 1816 580 transla-

1078 601 1170 633 tionis
1195 601 1385 641 huiusmodi,
1403 601 1483 633 bona
1501 601 1622 634 stabilia
1647 601 1760 633 valoris
1784 601 1815 633 in

1078 654 1271 698 proprietate
1297 666 1348 688 sex
1374 655 1476 694 mille,
1503 660 1532 688 ct
1556 655 1649 688 annui
1676 655 1817 687 redditus

1078 712 1288 740 trecentarum
1306 708 1459 740 librarum
1478 713 1620 741 monetae
1638 708 1816 741 Valentinac

1079 761 1171 804 (quae
1195 765 1352 794 trecentae
1378 761 1475 793 librae
1500 772 1653 794 summam
1671 761 1818 794 ducento-

1078 824 1148 846 rum
1173 813 1379 857 quadraginta
1404 814 1589 847 ducatorum
1615 814 1682 847 auri
1708 815 1746 847 de
1767 825 1818 847 ca-

1079 868 1177 907 mera,
1203 868 1250 899 vel
1275 867 1373 908 circa,
1399 867 1614 911 constituunt)
1640 867 1818 911 praedictae

1079 920 1316 964 praeceptoriae
1342 920 1393 962 (de
1418 931 1571 953 consensu
1587 926 1617 953 et
1634 931 1704 953 cum
1728 921 1819 954 inler-

1081 977 1173 1007 ventu
1197 973 1270 1006 dicti
1292 974 1430 1017 Philippi
1456 974 1548 1016 regis,
1563 974 1607 1006 uti
1625 973 1820 1006 administra-

1080 1027 1157 1060 toris
1179 1027 1336 1070 generalis
1360 1027 1524 1070 religionis
1549 1027 1739 1071 praedictae,
1764 1038 1818 1059 seu

1080 1080 1118 1112 ab
1143 1091 1179 1113 eo
1204 1080 1357 1124 deputati)
1382 1081 1543 1123 assignare
1568 1091 1639 1113 cum
1664 1085 1753 1123 paeto
1770 1090 1820 1112 re-

1080 1134 1283 1167 trovendendi
1301 1134 1574 1177 quandocumque3
1596 1144 1631 1167 ac
1651 1134 1733 1166 idem
1754 1133 1822 1166 Phi-

1080 1188 1184 1231 lippus
1208 1198 1278 1228 rex,
1303 1191 1463 1230 tamquam
1488 1187 1557 1220 talis
1575 1187 1820 1227 administrator,

1081 1246 1108 1273 et
1134 1247 1321 1285 praeceptor
1347 1241 1515 1285 praedictis
1539 1241 1686 1273 omnibus
1703 1245 1733 1273 et
1757 1240 1823 1284 qui-

1080 1296 1275 1339 buscumque
1300 1296 1408 1328 litibus
1432 1299 1462 1328 et
1486 1294 1640 1327 instantiis
1656 1294 1820 1327 occasione

1081 1348 1259 1393 praedictae
1279 1348 1503 1381 iurisdictionis
1517 1347 1616 1380 civilis
1629 1352 1659 1380 et
1673 1347 1822 1390 Alphon-

1080 1403 1182 1440 sinae,
1200 1402 1263 1435 sive
1280 1402 1362 1434 illius
1380 1412 1454 1434 usus
1471 1406 1500 1434 et
1517 1400 1667 1441 exercitii,
1681 1400 1824 1433 ubicum-

1081 1466 1142 1499 que
1167 1455 1260 1488 motis
1291 1460 1320 1487 et
1350 1455 1560 1498 pendentibus
1591 1453 1755 1493 indecisis,
1788 1463 1822 1485 ac

1081 1509 1209 1552 insuper
1233 1508 1484 1552 quibuscumque
1511 1507 1651 1540 articulis
1667 1512 1697 1539 et
1717 1506 1824 1550 provi-

1063 1581 1065 1589 κ
1082 1561 1222 1594 sionibus
1242 1562 1281 1593 ab
1299 1561 1360 1594 illis
1377 1560 1635 1604 dependentibus,
1652 1570 1686 1592 ac
1704 1559 1825 1592 iuribus

1082 1619 1112 1646 et
1136 1614 1323 1655 actionibus,
1348 1625 1428 1658 quae
1447 1616 1483 1646 ea
1501 1613 1665 1647 occasione
1690 1622 1824 1656 quomo-

1083 1667 1201 1700 dolibet
1224 1667 1431 1711 praetendere
1455 1672 1598 1711 possent,
1623 1666 1824 1704 renunciare,

1083 1726 1178 1765 prout
1191 1731 1262 1754 cum
1281 1720 1394 1754 effectu
1408 1721 1687 1760 renunciaverunt;
1703 1720 1827 1753 univer-

1065 1774 1158 1807 1sitas
1182 1779 1287 1807 autem
1311 1779 1341 1807 et.
1365 1774 1510 1807 homines
1539 1773 1691 1818 praedicti
1716 1782 1826 1806 omnes

1084 1831 1113 1859 et
1138 1827 1276 1870 singulas
1301 1838 1453 1871 expensas
1470 1827 1502 1860 in
1519 1827 1715 1871 expeditione
1732 1836 1826 1870 prae-

1084 1882 1218 1914 sentium
1249 1881 1442 1914 necessarias
1472 1881 1509 1914 de
1541 1891 1671 1914 suorum
1696 1880 1826 1925 proprio

1084 1935 1186 1968 facere
1211 1940 1408 1974 tenerentur;
1426 1946 1461 1968 ac
1480 1935 1537 1968 sub
1557 1934 1656 1978 pactis
1676 1939 1706 1967 et
1723 1933 1829 1967 condi-

1084 1989 1223 2022 tionibus
1247 1994 1321 2020 tunc
1346 1988 1502 2032 expressis
1518 1987 1612 2020 licitis
1629 1993 1659 2020 et
1676 1986 1826 2026 honestis,

1085 2047 1180 2085 prout
1204 2042 1235 2074 in
1259 2041 1387 2084 publico
1404 2041 1540 2085 desuper
1557 2041 1698 2074 confecto
1716 2040 1830 2073 instru-

1085 2100 1190 2127 mento
1215 2094 1329 2127 dicitur
1354 2094 1476 2138 plenius
1501 2094 1664 2128 contineri.

1829 287 1880 313 An.
1897 287 1924 313 C.
1944 287 2010 315 ¹612

312 2143 350 2175 ad
375 2143 460 2187 ipsos
489 2154 572 2176 nunc
598 2150 739 2188 spectant
763 2149 792 2177 et
816 2145 991 2188 pertinent,
1016 2156 1050 2178 ac

313 2201 455 2241 spectare
480 2202 510 2229 et
534 2198 691 2241 pertinere
709 2204 840 2242 possunt
858 2204 887 2231 et
903 2204 1051 2242 poterunt

312 2250 549 2293 quomodolibet
581 2250 612 2282 in
636 2251 775 2284 futurum
801 2251 907 2294 (etiam
932 2252 1051 2285 ratione

314 2303 538 2336 iurisdictionis
554 2303 782 2347 Alphonsinae
805 2304 996 2345 huiusmodi,
1016 2315 1052 2337 ex

313 2367 374 2400 qua
391 2367 487 2400 parva
503 2357 550 2389 vel
569 2357 698 2389 minima
715 2357 889 2391 iurisdictio
911 2358 1053 2401 resultat)

314 2421 352 2444 ex
369 2421 567 2454 quocumque
587 2411 665 2451 iure,
682 2411 741 2451 via,
760 2411 864 2448 modo,
890 2412 1002 2451 forma,
1020 2412 1056 2443 ti-

314 2464 390 2507 tulo,
412 2466 515 2504 causa,
536 2464 584 2496 vel
609 2464 741 2504 ratione,
767 2475 803 2496 cx
827 2463 941 2507 quibus
957 2464 1056 2497 omni-

315 2517 375 2550 bus
397 2523 584 2561 praeceptor
608 2518 708 2551 dictae
735 2517 973 2561 praeceptoriae
998 2529 1056 2562 pro

315 2574 458 2614 tempore
481 2571 615 2604 existens
638 2581 700 2604 non
725 2571 806 2603 ultra
831 2571 1058 2614 quinquaginta

1130 2149 1144 2190 ξ
1168 2147 1197 2180 3.
1223 2148 1324 2187 Quare
1342 2158 1401 2191 pro
1419 2153 1508 2191 parte
1530 2147 1665 2191 Philippi
1683 2147 1778 2189 regis,
1799 2151 1829 2179 et
1843 2186 1879 2200 m
1895 2181 2029 2201 mmmmm-

1084 2201 1311 2244 praeeeptoris,
1329 2211 1364 2233 ae
1388 2200 1598 2233 universitatis
1614 2204 1645 2231 et
1664 2199 1828 2232 hominum
1844 2207 2031 2254 {godeigrtssgrffltatss

1086 2254 1320 2297 praedictorum
1347 2254 1566 2296 (asserentium
1584 2253 1829 2285 transactionem
1843 2260 2029 2286 petuconssrmari-

1088 2307 1268 2339 huiusmodi
1293 2318 1351 2350 pro
1377 2306 1582 2339 terminandis
1611 2305 1717 2338 litibus
1749 2305 1830 2337 inter

1089 2360 1172 2403 ipsos
1196 2360 1394 2402 vigentibus,
1420 2365 1447 2392 ct
1475 2360 1512 2392 ad
1537 2358 1727 2391 obviandum
1752 2358 1829 2397 illis,

1088 2423 1168 2456 quae
1189 2413 1369 2456 frequentes
1387 2418 1417 2444 et
1435 2423 1547 2455 <graves
1567 2423 1664 2455 super
1681 2412 1831 2455 praemis-

1089 2466 1131 2498 sis
1147 2466 1223 2499 oriri
1244 2472 1381 2509 possent,
1396 2477 1431 2498 ac
1445 2477 1503 2509 pro
1521 2465 1734 2498 conservanda
1748 2465 1831 2499 inter

1089 2519 1174 2562 ipsos
1198 2529 1276 2563 pace
1300 2520 1411 2551 factam
1433 2519 1539 2559 fuisse,
1556 2519 1704 2562 illamque
1721 2519 1752 2551 in
1769 2519 1831 2551 evi-

1090 2573 1215 2605 dentem
1246 2572 1347 2605 dictae
1378 2573 1614 2616 praeceptoriae
1644 2573 1775 2606 cessisse
1800 2578 1831 2605 et

1090 2625 1202 2658 cedere
1215 2625 1395 2668 utilitatem)
1409 2625 1498 2658 nobis
1513 2625 1570 2658 fuit
1582 2625 1744 2658 humiliter
1761 2636 1832 2669 sup-

1091 2679 1240 2723 plicatum
1254 2684 1407 2724 quatenus
1424 2680 1509 2713 illam
1523 2680 1702 2724 approbare
1716 2686 1746 2713 et
1760 2689 1830 2714 con—
1846 2684 1850 2686 '

1919 2154 2028 2185 Philippus

353 2643 365 2668 1
387 2641 458 2668 Edit.
474 2641 553 2669 Main.
575 2641 640 2678 legit
655 2642 723 2678 qui;
743 2643 791 2669 sed
807 2642 976 2670 correctione
990 2650 1057 2677 opus

316 2690 374 2715 erat
395 2689 433 2722 (n.
450 2687 497 2723 T.).
