2293 3231
273 274 321 302 An.
343 274 371 301 c.
391 272 453 301 ¹621
505 263 568 298 576
1052 267 1232 293 nrtmmuu

473 331 585 366 rasque
603 321 632 353 in
648 324 745 353 totum
760 318 894 362 desuper
908 316 1067 362 expedire.
1092 327 1127 350 ac
1145 316 1213 350 iura
1230 321 1231 358 ᾗ

473 385 615 409 camerae
632 373 822 418 apostolicae
842 378 1009 416 propterea
1026 371 1130 404 debita
1147 380 1215 415 pcr-

472 429 593 462 solrere
617 427 745 461 omnino
766 424 957 465 teneantur¹‚
985 425 1136 468 alioquin,
1161 435 1213 458 sex

473 480 632 514 mensibus
649 479 763 523 elapsis
779 477 964 522 praedictis,
978 477 1130 512 beneficia
1148 478 1215 522 ipsa

471 544 580 567 vacare
598 537 784 566 censeantur
804 541 841 564 co
860 531 939 575 ipso.

514 588 626 621 Datum
659 587 787 626 Romae,
804 585 887 630 apud
912 585 941 619 S.
968 585 1097 619 Mariam
1122 586 1231 634 Maio-¹

470 652 548 682 rem,
560 641 618 674 suh
631 639 747 673 annulo
763 639 942 680 piscatoris,
951 639 1002 673 die
1014 649 1070 673 xiii
1089 639 1213 683 augusti

471 704 600 734 iincxxi,
623 692 824 738 pontificatus
849 692 950 726 nostri
976 702 1058 726 anno
1082 702 1101 726 1.
1229 722 1232 747 λ

505 755 562 784 Dat.
579 755 623 784 die
642 756 673 784 13
687 755 792 792 augusti
811 755 887 791 1621,
905 755 999 791 pontif·
1015 763 1085 783 anno
1101 762 1118 785 ι.
1229 765 1232 799 ἦ

1229 803 1231 866 l

789 881 890 916 XXIV.
1228 887 1231 930 j

467 963 628 997 Hortatur
639 961 896 1006 archiepiscopos
907 966 934 996 et
944 962 1105 1006 episcopos
1118 962 1212 1005 requi
1228 945 1230 999 J

510 1016 542 1051 F
541 1016 684 1057 ranciac,
708 1020 744 1049 ut
761 1015 911 1049 assiduas
925 1026 1033 1060 preces
1043 1026 1104 1059 pro
1123 1015 1213 1058 felici

510 1070 596 1113 reyz's
623 1079 767 1103 successu
795 1073 908 1103 contra
936 1069 1111 1103 haereticos
1137 1066 1229 1112 sim-³

511 1122 623 1156 datast

668 1196 828 1231 Gregorius
849 1196 928 1230 Papa
947 1197 1007 1229 xv,

466 1260 694 1288 venerabilibus
705 1259 850 1288 tratribus
860 1259 1097 1294 archiepiscopis
1110 1262 1141 1286 et.
1152 1259 1212 1293 epi-

502 1305 602 1340 scopis
619 1305 649 1332 in
664 1312 756 1340 regno
771 1304 914 1332 Franciae
925 1304 1113 1337 constitutis,
1130 1304 1211 1332 salu-

501 1353 561 1378 tem
577 1353 608 1378 et.
623 1350 822 1385 apostolicam
840 1349 1091 1378 benedictionem.

509 1431 596 1465 Sacri
620 1431 812 1475 apostolatus
835 1430 1011 1463 ministerio
1034 1440 1093 1474 per
1117 1430 1229 1467 abun-3

465 1485 602 1518 damiam
621 1485 743 1517 divinae
762 1484 891 1527 gratiae,
912 1485 998 1517 nullo
1012 1484 1082 1517 licet
1098 1483 1211 1518 merito
1227 1499 1229 1504 ·

465 1545 584 1579 nostro,
598 1538 823 1583 praesidentes,
840 1539 920 1571 inter
937 1548 1049 1582 graves
1063 1537 1212 1571 sollicitu-

465 1593 574 1634 dines,
604 1593 718 1637 quibus
748 1603 806 1637 pro
831 1592 1022 1637 apostolicae
1051 1591 1210 1625 servitutis

464 1646 570 1680 debito
591 1646 739 1680 continue
768 1646 956 1691 premimur,
985 1645 1037 1678 illa
1065 1655 1123 1679 nos
1147 1655 1211 1678 ma-

464 1700 546 1734 xime
571 1700 722 1734 sollicitos
757 1699 873 1740 habet,
904 1710 999 1744 quam
1028 1704 1210 1743 praesentes

465 1753 697 1787 haereticorum
721 1758 751 1787 ct
767 1753 934 1787 rebellium
955 1753 986 1786 in
1011 1752 1210 1786 nobilissimo

465 1808 613 1842 Franciae
631 1817 730 1851 regno
755 1812 859 1842 motus
880 1808 973 1841 nobis
998 1807 1112 1841 merito
1137 1817 1210 1841 con-

466 1862 582 1895 ficiunt.

509 1917 524 1961 ἓ
555 1916 583 1949 1.
609 1915 833 1956 Quamobrem,
858 1925 930 1949 cum
949 1915 1154 1949 charissimus
1178 1915 1209 1948 in

464 1970 588 2004 Clu-isto
606 1969 689 2003 filius
702 1975 809 2003 noster
826 1969 1002 2002 Ludovicus
1014 1969 1208 2003 Francorum

464 2035 520 2057 rex
552 2023 832 2056 christianissimus
857 2024 983 2056 eosdem
1010 2023 1208 2064 haereticos,

464 2076 656 2122 propitiante
674 2076 807 2110 Domino
826 2076 890 2110 Deo
913 2076 1125 2117 exercituum,
1150 2076 1206 2109 de-

464 2131 594 2170 bellare,
617 2135 645 2164 et
663 2130 801 2164 nefarios
832 2140 943 2163 eorum
969 2136 1100 2164 conatus
1116 2122 1229 2174 atque'

465 2183 715 2217 machinationes
739 2183 916 2228 reprimere
932 2183 1055 2217 fortiter
1080 2183 1210 2227 ceperit,

465 2238 506 2272 ita
530 2242 564 2272 ut
589 2247 719 2282 sperare
742 2247 800 2271 nos
823 2248 917 2282 posse
939 2237 1113 2277 videamur,
1127 2247 1212 2271 eum-

465 2292 536 2325 dem
554 2291 747 2325 Ludovicum
768 2301 876 2335 regem
899 2292 996 2325 Deum
1023 2291 1154 2335 elegisse
1172 2292 1210 2324 ad

465 2346 689 2379 ostendendam
706 2356 763 2390 per
773 2356 845 2379 eum
858 2346 1109 2379 misericordiam
1121 2356 1209 2379 suam

465 2403 495 2433 ct
514 2398 713 2432 facicndam⁸
733 2399 906 2443 potentiam
932 2399 961 2432 in
986 2399 1118 2432 brachio
1143 2409 1210 2440 suo,

464 2453 629 2496 pastoralis
647 2452 742 2486 officii
770 2453 870 2486 nostri
898 2458 1004 2496 partes
1024 2453 1210 2498 praecipuas

465 2516 533 2539 csse
550 2506 714 2548 duximus,
732 2507 945 2540 fraternitates
970 2512 1107 2549 vestras,
1132 2517 1210 2552 quas

294 1445 414 1466 namnum.

292 1926 373 1947 Cau-ae
386 1932 449 1953 prcu-

265 1954 328 1974 tuam
339 1959 413 1979 preces
422 1953 448 1973 aa

265 1980 331 2001 Deum
342 1980 449 2002 tundendi.

502 2597 511 2622 1
532 2595 650 2623 Erronee
666 2596 730 2623 edit.
747 2596 826 2624 Μαίη.
843 2596 908 2633 legit
924 2599 1067 2625 teneatur.

499 2639 515 2666 2
535 2639 572 2666 Ex
593 2643 691 2675 regest.
715 2640 741 2667 in
762 2639 864 2668 Secret.
881 2640 958 2668 Brev.

500 2683 516 2711 3
535 2683 605 2711 Edit.
627 2684 710 2713 Maia.
726 2684 791 2721 legit
804 2685 932 2721 faciendi
947 2685 985 2720 (n.
1003 2686 1051 2721 τ.).

1230 364 1231 369 ’
1247 369 1397 410 tissimus,
1412 374 1552 414 paterne,
1573 369 1735 414 enixeque,
1752 370 1835 414 quod
1849 370 1991 411 facimus
2007 385 2072 406 nrm.

1230 476 1368 520 'poralia
1394 476 1534 509 eiusdem
1553 475 1702 510 Ludovici
1718 475 1803 519 regis
1827 485 1916 509 arma
1939 486 1992 510 ve-

1230 591 1231 594 *
1248 581 1382 623 ieiuniis,
1400 581 1608 622 coadiuvetis,
1629 591 1743 625 greges
1759 586 1882 615 vestrae
1898 592 1993 616 curae

1226 1791 1227 1804 ἢ
1243 1767 1396 1800 stantibus
1413 1765 1675 1812 quibuscumque,
1695 1768 1913 1813 praesentibus
1929 1779 1987 1814 pro

1256 267 1411 293 Romnum

2002 266 2052 296 An.
2073 263 2184 297 (3.1011
2270 238 2286 287 ἔ

1247 317 1278 349 in
1295 321 1418 360 partem
1437 314 1656 350 sollicitudinis
1671 321 1797 350 nostrae
1809 316 1928 351 vocavit
1944 315 1991 350 Al·
2272 295 2285 324 'A

2048 329 2188 357 Adhortnio,

2006 357 2032 378 de
2048 363 2090 388 qna
2111 358 2132 380 in
2156 363 2190 380 ru-

1247 426 1413 467 requirere
1429 427 1459 457 et
1477 423 1507 456 in
1529 423 1663 458 Domino
1679 422 1853 464 adhortari,
1870 429 1903 456 ut
1915 428 1992 458 tem-

1247 529 1320 563 stris
1336 529 1565 574 spiritualibus,
1583 528 1730 562 videlicet
1745 528 1943 563 orationibus
1963 535 1994 562 et

1247 634 1397 668 divinitus
1414 635 1612 676 commissos,
1632 640 1666 668 ut
1683 634 1778 669 corde
1803 634 1940 669 contrito
1963 639 1993 669 et

1247 688 1414 722 humiliato
1431 688 1572 722 assiduas
1593 688 1661 733 pias
1680 688 1719 721 ad
1743 689 1842 722 Deum
1868 688 1992 722 Patrem

1246 742 1539 776 misericordiarum
1556 752 1667 787 preces
1679 752 1738 786 pro
1754 741 1836 775 felici
1850 741 1992 776 eiusdem

1247 796 1395 830 Ludorici
1409 796 1494 840 regis
1508 801 1618 830 eontra
1627 795 1727 829 dictos
1736 795 1913 829 haereticos
1925 806 1993 830 suc-

1247 860 1346 891 cessu,
1372 850 1540 883 haeresum
1564 850 1705 894 ipsarum
1723 848 1942 893 extirpatione,
1955 859 1992 884 ac

1247 909 1373 937 sanctae
1407 903 1513 937 Matris
1544 903 1702 937 Ecclesiae
1740 901 1929 936 exaltatione
1961 908 1994 936 et

1246 958 1473 1003 tranquillitate
1489 957 1629 998 fundant,
1646 956 1808 991 moneatis.

1290 1014 1305 1056 ξ
1326 1012 1354 1045 12.
1382 1013 1444 1046 Nos
1468 1011 1564 1053 enim,
1589 1016 1623 1044 ut
1647 1010 1691 1044 illi
1708 1010 1747 1044 ad
1765 1010 1843 1044 haec
1855 1010 1990 1045 alacrius
2025 1023 2190 1055 orniqxtfiio-

1244 1065 1424 1110 peragenda
1444 1065 1626 1106 imitentur,
1643 1063 1791 1098 omnibus
1812 1069 1842 1098 et
1858 1064 1990 1108 singulis
2005 1051 2191 1109 Essmcfssuinffiiiffil

1245 1120 1413 1166 utriusque
1426 1130 1519 1154 sexus
1528 1118 1787 1153 christifidelibus
1796 1129 1869 1152 vere
1880 1119 1990 1163 poeni-
2005 1106 2123 1154 3233?
2140 1109 2190 1126 Μ’

1246 1175 1383 1209 tentibus
1400 1180 1428 1208 et
1444 1174 1604 1216 confessis,
1615 1185 1651 1208 ac
1664 1175 1753 1208 sacra
1767 1174 1990 1208 communione

1245 1228 1380 1269 refectis,
1401 1228 1454 1272 qui
1468 1227 1603 1261 orationi
1618 1227 1826 1272 quadraginta
1838 1227 1991 1261 horarum

1245 1285 1280 1315 ca
1298 1282 1336 1316 de
1356 1284 1450 1316 causa
1476 1282 1507 1315 in
1532 1282 1673 1316 eiusdem
1693 1282 1784 1325 regni
1810 1282 1950 1316 ecclesiis
1973 1293 1990 1316 a

1245 1336 1335 1369 vobis
1352 1336 1540 1380 deputandis
1557 1341 1587 1369 et
1605 1336 1752 1370 mandato
1773 1336 1867 1369 etiam
1885 1342 1990 1370 vestro

1246 1390 1454 1423 instituendae
1471 1401 1528 1435 per
1544 1389 1672 1434 aliquod
1686 1390 1837 1434 temporis
1854 1390 1990 1434 spatium

1245 1444 1356 1477 devote
1376 1443 1588 1485 interfuerint,
1613 1449 1642 1477 et
1666 1443 1721 1485 ibi,
1745 1449 1780 1477 ut
1803 1445 1990 1489 praefertur,

1244 1497 1282 1530 ad
1312 1497 1410 1530 Deum
1440 1497 1621 1539 oraverint,
1646 1497 1821 1542 plenariam
1846 1497 1989 1532 omnium

1244 1556 1450 1596 peccatorum
1476 1562 1605 1585 suorum
1631 1551 1859 1596 indulgentiam
1885 1557 1915 1586 et
1938 1563 1990 1586 re-

1244 1605 1426 1638 missionem
1448 1605 1698 1639 misericorditer
1714 1606 1744 1639 in
1762 1606 1896 1640 Domino
1916 1616 1989 1641 con-

1244 1659 1394 1692 cedimus.

1288 1713 1302 1755 ,ξ
1326 1713 1356 1746 3.
1382 1713 1416 1746 ln
1440 1713 1635 1747 contrarium
1652 1713 1837 1748 facientibus
1853 1724 1916 1748 non
1937 1715 1989 1749 ob·
2071 1728 2188 1754 oet-ontio

2001 1755 2167 1778 contrariorum.

1243 1821 1301 1854 hac
1319 1820 1387 1854 vice
1406 1825 1528 1854 tantum
1547 1821 1698 1855 valituris.

1288 1874 1400 1907 Datum
1424 1874 1554 1915 Romae,
1579 1874 1662 1919 apud
1687 1874 1715 1908 S.
1741 1875 1871 1908 Mariam
1896 1875 1988 1910 Maio-

1243 1938 1322 1969 rem,
1342 1927 1400 1961 suh
1418 1927 1535 1961 annulo
1552 1928 1732 1969 piscatoris,
1751 1928 1801 1961 die
1822 1938 1877 1962 xxi
1893 1939 1988 1973 augu-

1243 1982 1280 2015 sti
1300 1992 1431 2023 uncxxi,
1447 1982 1650 2027 pontificatus
1667 1983 1766 2016 nostri
1784 1992 1867 2017 anno
1883 1993 1902 2018 i.

1280 2045 1338 2073 Dat.
1359 2044 1403 2073 die
1422 2044 1452 2072 21
1475 2045 1580 2081 augusti
1599 2045 1679 2080 ¹621,
1700 2045 1795 2081 pontif.
1815 2053 1886 2074 anno
1903 2053 1922 2074 1.

2255 1052 2278 1351 i

2253 1355 2275 1973 Ξ

1572 2215 1661 2250 XXV.

1244 2305 1400 2340 Facullas
1425 2306 1546 2340 intencio
1574 2306 1746 2351 apostolico
1768 2306 1858 2351 apud
1881 2316 1989 2350 reqem

1289 2357 1535 2401 Hispaniarum
1567 2356 1782 2401 confirmandi
1811 2357 1989 2391 nonnullos

1290 2410 1412 2444 iudices
1436 2410 1596 2444 seculares
1612 2411 1653 2444 ab
1673 2410 1780 2444 eodem
1797 2420 1870 2455 reqe
1889 2410 1990 2456 depu-

1291 2469 1372 2499 tatos
1387 2475 1448 2510 pro
1466 2465 1648 2509 coynt'lione
1679 2464 1846 2498 cuiusdam
1873 2475 1989 2499 causae

1290 2519 1512 2552 concernentis
1528 2518 1650 2552 milites
1663 2517 1867 2552 militiarum
1878 2528 1988 2563 reyno-

1288 2582 1364 2605 rum
1379 2571 1626 2616 Hispaniarum
1640 2570 1658 2603 ¹.

2256 2492 2263 2511 <.-
2251 2250 2266 2478 au..-6,.=ia=ms„
2247 2221 2256 2234 ”¹
2252 2192 2267 2205 ἢ
2265 2174 2267 2179 ,

1278 2687 1289 2713 1
1313 2685 1350 2714 Ex
1366 2685 1474 2722 Regest.
1490 2685 1519 2713 in
1537 2685 1640 2714 Secret.
1658 2684 1737 2716 Brev.

2252 2816 2254 2819 <
2255 2796 2257 2798 <
2248 2753 2258 2776 2·-
2244 2560 2262 2742 ‘=·„-‡Q.‚.--2sx·
2254 2524 2263 2546 -.‹
