2293 3231
277 300 324 326 An.
346 299 374 325 c.
399 298 461 326 που
510 288 574 323 624

312 361 422 383 sper-ium
438 361 458 382 in

275 388 378 409 ‘tacimus
388 388 458 414 rapae

275 415 383 436 oliteruri
399 420 459 440 pue-

275 445 334 468 cipit.
351 441 375 462 Et
394 444 459 461 muta-

275 471 360 489 tionem.
377 471 413 487 aut
430 468 458 488 al-

275 498 401 515 uratiunem
421 495 459 514 hu-

275 526 307 542 lun
326 524 458 541 camunni.)-

275 553 306 567 niu
316 547 459 567 urit-natibus

275 574 320 594 tim
330 573 434 599 prohibet.

517 347 532 389 ξ
556 345 606 379 ΞΟ.
633 345 794 377 Postremo
819 343 984 375 statuimus
1015 347 1045 374 et
1073 340 1213 374 districte

474 396 694 443 praecipiendo
711 395 903 435 mandamus,
921 400 953 427 ut
968 394 996 427 S.
1016 395 1050 427 R.
1065 394 1097 426 E.
1115 393 1215 427 cardi—

475 451 569 487 nales.
586 459 802 493 quaecumque
821 453 976 481 secretum
1002 447 1118 480 violare
1135 457 1212 491 quo-

475 503 645 536 modolibet
658 507 814 546 poterunt,
823 501 928 534 omnia
939 501 1055 533 evitare
1068 504 1215 534 eteavere

474 556 602 589 omnino
628 559 801 594 teneantur,
826 564 896 586 cum
922 553 1054 586 intentio
1078 558 1107 586 et
1128 563 1216 586 mens

474 615 578 643 nostra
596 609 634 642 sit
651 608 734 652 quod
750 607 757 624 ¹
775 607 936 641 electionis
953 606 1134 639 huiusmodi
1152 612 1214 639 tam

474 659 614 696 sanctum
632 662 804 705 negotium,
822 661 846 693 si
864 660 917 694 siat
941 670 999 704 per
1016 660 1214 700 scrutinium,

474 727 528 748 seu
545 715 730 748 scrutinium
748 720 777 747 et
789 724 962 754 aceessum,
977 718 1011 745 ut
1027 714 1215 757 praefertur,
1232 711 1233 714 ’

474 768 681 802 secretissime
693 767 896 810 transigatur,
907 777 942 799 ac
960 766 1092 810 proinde
1105 766 1215 799 iisdem
1232 806 1234 815 ‚

475 821 621 855 omnibus
645 827 674 854 et
698 821 831 864 singulis
855 821 884 854 S.
904 821 937 853 R.
957 820 989 853 E.
1004 820 1233 869 cardinalibus

475 880 503 908 et
532 885 641 908 eorum
673 884 762 907 sacro
793 874 927 917 collegio
957 873 1153 915 inhibemus,
1177 875 1233 906 ne'

474 933 583 962 contra
607 928 683 961 haee
709 928 756 961 vel
777 928 891 961 horum
917 926 1043 971 aliquod
1069 931 1215 967 statuere,

474 981 652 1026 disponere,
670 981 717 1014 vel
736 980 894 1021 ordinare,
908 991 962 1013 seu
981 980 1010 1013 in
1028 980 1134 1024 aliquo
1150 991 1217 1014 cor-

476 1035 589 1078 rigere,
607 1035 750 1074 alterare,
766 1039 900 1074 mutare,
919 1044 973 1066 seu
997 1033 1102 1077 aliquo
1123 1033 1216 1067 modo
1232 1034 1233 1047 ³

475 1090 586 1129 facere,
603 1093 748 1128 tractare,
760 1087 876 1127 moliri,
893 1087 940 1120 vel
958 1092 1111 1120 attentare
1129 1097 1217 1131 prae-

462 1143 609 1182 sumant,
634 1141 745 1186 quovis
766 1145 941 1185 praetextu,
967 1142 1072 1180 causa,
1097 1140 1142 1173 vel
1168 1150 1217 1173 ex·

303 1308 368 1330 liuius
384 1311 460 1329 eonsti-

278 1338 363 1355 mlionu
370 1340 460 1360 exequu-

278 1365 333 1382 terro
348 1361 442 1386 deputat.

278 1628 319 1647 (ar
328 1628 384 1646 imai·
393 1634 402 1646 ι
414 1633 459 1644 rvi·-

278 1660 329 1672 *nra
367 1654 459 1674 [rit-1131„
473 1665 479 1671 -

477 1687 682 1711 censurarum
700 1682 729 1709 et
747 1675 1107 1709 excommunicationum
1129 1676 1235 1719 prae-¹

278 1680 460 1699 at·‹1tm·ti·‹n··t':1·

279 1712 318 1729 pao
334 1712 373 1726 n··n
393 1707 451 1726 ιϊΙη

278 1736 289 1748 ,ι
336 1742 338 1745 ,
361 1740 364 1745 .
402 1736 406 1745 ι

304 2330 427 2349 A·ibt‹r¹.⁴¹·v·
438 2330 462 2348 ‚nl

281 2356 405 2375 cardinal-«s.

475 1195 590 1239 quisito
615 1195 731 1234 colore,
752 1194 810 1226 sub
834 1194 942 1227 eudem
968 1190 1233 1235 excommunica-J

476 1250 568 1284 tionis
585 1252 686 1295 poena
700 1250 768 1294 ipso
785 1250 866 1283 sacto
883 1248 1082 1282 incurrenda.

519 1304 534 1348 ἓ
558 1303 609 1336 ΞΗ.
635 1303 673 1337 Ut
698 1308 801 1335 autem
826 1301 1006 1335 huiusmodi
1023 1307 1130 1334 nostra
1147 1312 1217 1335 con-

477 1356 594 1390 stitutio
612 1356 821 1389 inviolabilius
836 1355 1030 1394 observetur,
1045 1361 1106 1387 tres
1120 1355 1218 1387 cardi-

476 1409 571 1450 nales,
585 1409 638 1453 qui
655 1409 786 1451 singulis
800 1408 910 1442 diebus
919 1408 1217 1452 congregationibus

476 1462 605 1506 agendis
618 1462 788 1506 praepositi
805 1467 885 1501 sunt,
899 1467 926 1493 et
943 1472 1014 1494 cum
1032 1461 1069 1493 iis
1087 1461 1115 1493 S.
1134 1461 1168 1493 R.
1183 1461 1215 1493 E.

477 1516 669 1550 camerarius
683 1516 767 1548 illam
783 1515 812 1548 in
829 1514 976 1548 omnibus
995 1519 1025 1547 et
1042 1524 1099 1558 per
1112 1514 1217 1547 omnia

477 1570 636 1604 observari
657 1574 827 1614 procurent
849 1572 877 1601 et
899 1568 1021 1601 saciant.

521 1624 535 1667 ξ
559 1623 610 1656 22.
637 1623 788 1655 Volumus
818 1622 911 1655 etiam
941 1626 971 1653 et
1000 1621 1217 1662 decernimus,

477 1730 632 1764 dictarum
646 1736 675 1763 et
689 1729 822 1763 aliarum
840 1738 1113 1773 quarumcumque
1130 1738 1219 1772 prac-

478 1789 562 1819 textu
579 1785 625 1817 vel
643 1786 736 1817 eausa
766 1783 939 1817 cardinales
963 1793 981 1815 a
1005 1781 1120 1815 summi
1138 1781 1217 1815 Pon-

478 1838 569 1871 tifieis
593 1838 745 1871 electione
769 1837 868 1870 activa
894 1842 923 1870 et
948 1835 1071 1880 passiva
1095 1834 1216 1868 excludi

478 1892 563 1925 nullo
589 1892 682 1925 modo
707 1901 810 1935 posse,
828 1901 906 1934 quas
923 1889 1050 1934 quidem
1069 1898 1236 1923 censuras.

477 1951 507 1978 et
526 1945 867 1979 excommunicationes
883 1943 921 1976 ad
946 1944 1093 1977 effectum
1114 1942 1235 1987 huius—¹

478 1998 562 2033 inodi
588 1998 749 2032 electionis
774 2002 904 2038 tantum,
922 1997 982 2030 illis
1006 1997 1082 2029 alias
1106 1996 1136 2028 in
1161 2006 1217 2029 suo

479 2052 592 2085 robore
611 2051 837 2096 permansuris,
858 2050 1095 2095 suspendimus:
1114 2049 1218 2082 decer·
1234 2078 1235 2082 ,

479 2110 586 2139 nentes
605 2105 730 2137 easdem
748 2104 1092 2138 excommunicationes
1105 2109 1131 2136 et
1150 2113 1219 2135 cen-

478 2170 567 2192 suras
585 2169 638 2192 eos
659 2159 760 2191 solutu
786 2159 921 2198 afficere,
941 2158 994 2201 qui
1019 2157 1218 2201 deliquerint,

479 2222 540 2246 non
553 2217 656 2245 autem
674 2212 761 2251 alios,
771 2211 909 2244 conclavi
927 2210 1069 2250 durante,
1079 2209 1131 2253 qui
1147 2221 1217 2243 euin

480 2265 515 2298 iis
533 2264 706 2298 conversati
725 2264 847 2297 suerint.

523 2320 538 2362 ἓ
561 2318 612 2352 ⁶23.
638 2319 801 2358 Ceterum,
827 2317 883 2350 etsi
905 2328 985 2361 opus
1011 2327 1072 2349 non
1097 2327 1164 2349 esse
1189 2317 1237 2351 int

479 2372 612 2405 Domino
637 2371 834 2411 confidimus,
852 2375 955 2403 tamen
982 2381 1040 2414 pro
1057 2369 1149 2403 officii
1169 2380 1220 2403 no-

480 2426 534 2458 stri
561 2425 683 2466 debito,
708 2430 739 2458 et
762 2425 807 2457 rei
834 2424 871 2456 de
896 2434 957 2468 qua
981 2423 1085 2466 agitur
1115 2423 1219 2466 gravi-

481 2485 551 2519 tate,
569 2479 785 2518 admonemus,
810 2478 976 2511 hortamur
993 2483 1020 2510 et
1039 2477 1069 2510 in
1086 2477 1219 2510 Domino

481 2531 682 2565 obsecramus
707 2532 735 2565 S.
751 2532 783 2564 R.
800 2531 832 2564 E.
847 2530 1030 2565 cardinales.
1051 2536 1084 2563 ut
1104 2535 1219 2563 attente
1236 2550 1237 2555 =

481 2585 676 2618 ‹onsiderent
704 2595 867 2629 personae,
883 2595 977 2628 quam
998 2584 1161 2624 sustinent,
1179 2584 1219 2617 os-

483 2638 586 2670 ticium
612 2643 641 2670 et
664 2638 858 2681 dignitatem,
875 2648 968 2681 quam
990 2647 1113 2670 sacrum
1134 2647 1220 2680 prae—

521 2702 527 2724 t
553 2699 692 2726 Coniunet.
714 2699 789 2734 quod
809 2707 856 2726 nos
876 2698 998 2725 int-timue
1017 2699 1055 2732 (n.
1071 2698 1119 2725 T).

1045 293 1221 318 BULLARIUM
1246 292 1399 317 RONANU!

1229 345 1332 377 {terea
1354 345 1385 374 et
1409 341 1517 384 quanti
1550 342 1701 374 momenti
1731 342 1770 374 sit
1793 352 1873 386 opus
1903 342 1987 387 quod

1247 398 1391 433 tractant,
1409 398 1439 426 et
1455 393 1533 426 nihil
1551 392 1635 436 quod
1653 403 1684 426 se
1702 403 1763 427 non
1778 394 1897 436 deceat,
1909 394 1986 428 nihil

1248 456 1265 478 a
1289 456 1324 479 re.
1348 445 1484 478 alienum
1511 446 1729 486 committant,
1754 446 1808 480 sed
1832 447 1988 491 cogitent.

1248 509 1342 542 quam
1367 498 1580 542 perniciosum
1605 499 1746 532 futurum
1767 499 1804 532 sit
1825 500 1988 533 universae

1250 552 1415 592 Ecclesiae,
1440 552 1554 585 Christi
1579 552 1730 596 sanguine
1754 552 1940 597 acquisitae,
1963 553 1987 586 si

1250 606 1330 638 male
1361 605 1616 646 administretur3
1649 616 1685 638 ac
1714 605 1848 650 proinde
1876 612 1988 639 exuant

1249 669 1358 692 omnes
1383 658 1557 692 mundanas
1577 669 1678 699 curas,
1695 664 1725 691 et
1743 659 1871 693 induant
1886 659 1987 693 solum

1250 712 1417 745 Dominum
1442 717 1586 745 nostrum
1612 712 1714 745 lesum
1738 712 1907 753 Christum,
1928 723 1990 746 me-

1250 776 1355 798 mores
1372 765 1448 798 nihil
1465 765 1615 809 prodesse
1632 765 1753 798 homini
1767 765 1792 798 si
1806 765 1987 799 universum

1249 818 1400 851 mundum
1425 819 1576 859 lucretur,
1600 818 1723 851 animae
1748 828 1823 852 vero
1848 828 1922 852 suae
1938 818 1988 852 de-

1249 871 1418 904 trimentur
1440 872 1586 916 patiatur.
1612 871 1750 916 Denique
1773 871 1914 905 animum
1938 871 1989 905 ad·

1232 959 1233 962 ,
1250 931 1371 958 vertant
1384 936 1416 958 se
1431 925 1460 958 in
1474 925 1613 959 conclavi
1627 925 1751 959 clausos
1769 925 1942 960 editissima
1958 925 1988 959 in

1232 968 1233 979 ¹
1249 978 1374 1023 specula
1389 979 1574 1012 constitutos
1590 989 1668 1019 csse,
1682 983 1711 1011 et
1729 979 1826 1013 tactos
1846 983 1989 1023 spetacu-

1249 1033 1314 1065 lum
1325 1033 1398 1073 Deo,
1409 1038 1437 1065 et
1451 1032 1643 1073 hominibus,
1653 1042 1670 1065 a
1683 1032 1825 1073 Domino,
1839 1032 1927 1066 cuius
1939 1042 1990 1066 ne-

1232 1100 1233 1115 t
1249 1087 1370 1130 gotium
1396 1092 1521 1130 gerunt,
1546 1086 1693 1131 supplicii
1711 1086 1758 1119 vel
1775 1087 1896 1130 gloriae
1912 1095 1990 1120 sem-

1249 1141 1389 1184 piternae
1414 1140 1656 1173 retributionem
1686 1140 1835 1174 citissime
1860 1140 1987 1174 laturos.

1293 1194 1308 1237 ἓ
1332 1193 1384 1227 ⁶24.
1410 1193 1477 1227 Non
1503 1193 1709 1234 obstantibus,
1733 1198 1887 1238 quatenus
1911 1204 1990 1238 opus

1232 1243 1233 1248 ’
1250 1247 1298 1287 sit,
1313 1247 1411 1280 felicis
1424 1246 1652 1281 recordationis
1664 1246 1831 1281 Alexandri
1842 1247 1941 1291 Papae
1950 1246 1990 1281 tlt

1250 1301 1502 1344 praedecessoris
1527 1301 1625 1334 nostri
1653 1301 1683 1333 in
1707 1301 1841 1334 coneilio
1865 1301 1991 1335 Latera-

1250 1355 1337 1387 nensi
1359 1354 1451 1395 edita,
1465 1365 1544 1399 quae
1559 1355 1675 1399 incipit:
1689 1355 1777 1388 Lice!
1790 1356 1828 1388 de
1845 1355 1991 1396 vitanda,

1250 1413 1280 1440 ct
1303 1408 1437 1441 aliorum
1463 1409 1676 1441 Romanorum
1695 1407 1881 1442 Pontificum
1901 1419 1992 1453 prae-

1250 1460 1450 1494 deeessorum
1474 1467 1668 1501 nostrorum,
1693 1461 1787 1494 etiam
1804 1461 1835 1494 in
1852 1461 1992 1496 conciliis

1250 1514 1451 1557 generalibus
1474 1514 1693 1558 promulgatis,
1718 1514 1992 1548 constitutionibus

1251 1573 1278 1600 et
1294 1568 1546 1601 ordinationibus
1560 1568 1749 1613 apostolicis,
1763 1568 1855 1602 etiam
1873 1568 1905 1601 in
1924 1579 1993 1602 cor·

1233 1621 1235 1669 J
1252 1631 1329 1665 pore
1355 1621 1433 1655 iuris
1454 1621 1577 1664 clausis,
1590 1621 1705 1666 quibus
1721 1621 1867 1655 omnibus
1885 1624 1915 1655 et
1933 1621 1991 1655 sin-

1251 1674 1343 1717 gulis,
1367 1680 1521 1718 quatenus
1545 1675 1664 1719 pariter
1687 1685 1768 1719 opus
1798 1674 1856 1715 sit,
1880 1684 1990 1708 eorum

1251 1728 1392 1761 omnium
1417 1733 1445 1761 et
1471 1728 1670 1771 singulorum
1695 1733 1836 1768 tenores,
1861 1727 1991 1772 perinde

1251 1791 1286 1814 ac
1311 1781 1335 1813 si
1360 1781 1399 1814 ad
1423 1781 1555 1814 verbum
1579 1781 1843 1825 exprimerentur,
1859 1791 1918 1825 pro
1937 1791 1990 1815 ex-

1251 1835 1369 1878 pressis
1393 1839 1425 1867 et
1448 1834 1574 1867 insertis
1593 1834 1756 1875 habentes,
1772 1845 1832 1878 pro
1847 1834 1906 1867 hac
1924 1833 1991 1867 vice

1251 1887 1430 1928 dumtaxat,
1457 1887 1517 1920 illis
1542 1887 1618 1919 alias
1642 1887 1672 1919 in
1697 1897 1754 1920 suo
1778 1887 1894 1920 robore
1918 1897 1991 1931 per-

1252 1941 1418 1981 mansuris,
1444 1940 1622 1984 specialiter
1637 1946 1667 1973 et
1691 1950 1840 1984 expresse
1863 1939 1992 1984 deroga-

1251 2005 1331 2034 mus,
1356 1994 1531 2038 ceterisque
1548 1993 1714 2027 contrariis
1731 1993 1990 2038 quibuscumque.

1296 2048 1310 2091 ἓ
1334 2047 1384 2081 025.
1412 2047 1562 2081 Volumus
1587 2057 1723 2091 quoque,
1741 2052 1921 2092 praesentes
1937 2057 1991 2081 no-

1251 2106 1331 2134 stras
1355 2111 1462 2134 eoram
1487 2100 1633 2133 omnibus
1653 2101 1684 2133 in
1700 2100 1801 2144 prima
1818 2110 1991 2144 congrega-

1234 2153 1336 2187 'tione
1360 2159 1429 2198 post
1454 2154 1575 2187 obitum
1601 2153 1759 2188 l‘ontificis
1788 2153 1856 2186 sieri
1881 2153 1990 2194 solita,

1253 2214 1281 2241 et
1307 2208 1419 2241 deinde
1450 2213 1521 2252 post
1552 2207 1709 2241 conclavis
1737 2207 1936 2251 ingressum,
1962 2212 1989 2240 et

1236 2278 1237 2307 3
1253 2273 1323 2295 eum
1339 2262 1407 2306 quis
1421 2261 1459 2294 ad
1476 2261 1686 2294 cardinalatus
1698 2261 1852 2294 honorem
1866 2270 1992 2305 promo-

1254 2320 1303 2347 tus
1328 2315 1436 2356 suerit,
1469 2325 1539 2348 eum
1571 2314 1638 2347 aliis
1668 2313 1822 2347 similibus
1845 2312 1992 2347 constitu-

1254 2369 1391 2402 tionibus
1415 2369 1487 2412 legi,
1513 2373 1541 2401 et
1567 2368 1776 2401 iuramentum
1797 2376 1892 2410 super
1910 2365 1992 2399 illius

1253 2422 1471 2456 observatione
1489 2421 1652 2466 praestari,
1678 2425 1706 2453 et
1725 2420 1765 2453 ita
1781 2418 1991 2464 praecipimus

1253 2481 1283 2509 et
1300 2476 1493 2509 mandamus.

1297 2530 1312 2573 ξ
1331 2529 1381 2563 26.
1407 2528 1524 2568 Quibus
1541 2525 1816 2561 constitutionibus
1832 2530 1861 2559 et
1881 2526 1991 2570 poenis

1253 2582 1284 2615 in
1308 2582 1353 2615 eis
1377 2581 1541 2621 contentis,
1565 2580 1625 2613 nisi
1650 2579 1681 2611 in
1701 2578 1845 2623 superius
1863 2588 1991 2622 expres-

1253 2635 1305 2675 sis,
1330 2645 1387 2679 per
1411 2635 1490 2667 hanc
1514 2638 1654 2667 nostram
1680 2632 1834 2675 derogare
1858 2641 1922 2665 non
1949 2642 1992 2665 111-

1235 2675 1238 2708 !
1254 2688 1418 2722 tendimus.
1443 2686 1496 2720 sed
1517 2697 1569 2718 eas
1586 2686 1617 2718 in
1634 2685 1681 2718 sui
1700 2685 1825 2719 roboris
1842 2685 1990 2719 firmitate

2003 2558 2165 2579 ennuntiatione·
2172 2557 2191 2577 in

1951 2632 1957 2637 ,
2006 2615 2063 2638 quau
2085 2609 2191 2637 prae-enti

2000 295 2047 319 Αη.
2064 294 2093 319 ti.
2117 293 2178 320 ¹62¹

2073 1203 2189 1231 namneti·

2005 1232 2166 1253 contrariorum.

2050 2055 2190 2076 turm-ntum

2018 2087 2069 2107 uper
2074 2081 2136 2102 tmiu·
2141 2086 2190 2103 eon-

2006 2106 2192 2129 „ittuuombmnb-

2005 2134 2112 2155 servantia
2129 2139 2189 2159 pra·-

2007 2160 2110 2181 «tandum.

2034 2533 2092 2552 Atw·
2113 2531 2191 2552 unuln

2006 2585 2040 2606 tus
2059 2585 2194 2606 servandae.

2006 2643 2046 2658 nen
2076 2636 2191 2658 autemn-

2005 2667 2045 2685 tur.

2233 3011 2242 3037 ⁴⁵
2231 2979 2244 2995 ’ἒ
2230 2325 2251 2963 svs-mmm-usxzus
2244 2310 2245 2314 „
2239 2263 2248 2281 -ι
2233 2205 2251 2222 ἶ,
2250 2170 2251 2173 Α
2247 2120 2249 2122 .
