2293 3231
66 281 116 309 An.
133 279 162 308 C.
184 279 248 308 ¹621

873 279 1048 305 GnEGomUS
1073 280 1113 304 XV
1137 280 1185 304 PP.

262 327 513 361 Resurrectionis
532 328 723 368 Dominieae,
744 328 875 371 singulis
901 333 1002 362 tamen

262 379 372 413 diebus
395 380 562 414 dominicis
586 381 733 425 exceptis,
751 392 786 415 ac
803 386 942 415 cessante
960 381 1004 414 in-

263 433 410 468 firmitate
435 440 464 467 et
488 435 584 478 pestis
608 435 741 468 evidenti
762 435 914 479 periculo,
931 435 1004 467 ieiu-

262 487 350 520 nium
365 487 586 529 observabunt,
596 494 690 532 prout
703 488 796 521 etiam
811 498 828 520 a
841 487 1003 521 Nativitate

263 539 402 573 eiusdem
419 541 542 574 Domini
563 551 662 584 usque
679 541 716 573 ad
736 541 851 574 dietam
869 540 1003 573 domini-

264 603 332 626 cam
365 593 644 637 quinquagesimae
679 593 809 636 singulis
839 594 949 636 quarta
974 598 1004 626 et

264 647 351 679 sexta
364 647 459 686 seriis,
473 647 676 679 observantes
690 646 809 680 interea
825 646 931 679 onmia
944 646 1003 679 alia

265 698 380 731 ieiunia
403 699 442 731 ab
461 699 600 732 Ecclesia
624 704 654 732 et
674 699 847 733 Ordinariis
860 700 1002 733 locorum

264 751 388 784 indicta.
398 752 485 793 Item,
494 763 533 785 ne
544 752 679 786 orationi
689 758 720 786 et
733 752 851 786 ieiunio
863 754 1005 797 frequen-

264 804 339 838 tatio
355 805 436 838 desit
451 811 731 848 sacramentorum,
750 806 882 849 singulis
895 806 1004 839 saltem

265 858 426 892 mensibus
449 864 575 902 peccata
600 869 655 892 sua
683 859 918 892 confitebuntur
941 865 1004 892 tam

266 911 405 954 religiosi
437 922 530 955 quam
568 912 720 945 moniales
746 913 1005 956 Congregationis

266 964 466 1006 huiusmodi,
501 976 538 999 ae
570 971 737 1010 propterea
761 966 1005 1000 solemnioribus

267 1018 363 1051 totius,
392 1018 485 1059 anni,
518 1024 548 1051 et
583 1019 722 1052 eiusdem
747 1019 1006 1062 Congregationis

266 1076 473 1114 patronorum
511 1072 728 1105 festivitatibus
742 1099 750 1112 ,
783 1072 875 1104 etiam
916 1074 1004 1105 saera

265 1124 487 1157 communione
518 1124 707 1157 reficientur.
742 1125 905 1158 Praeterea
929 1135 1001 1157 una-

265 1187 407 1221 quaeque
431 1177 543 1210 domus
568 1177 731 1221 hospitalis
751 1178 932 1222 praeposito
949 1189 1006 1211 suo

266 1241 324 1274 pro
349 1235 491 1274 tempore
513 1230 656 1263 existenti
686 1231 826 1271 suberit,
851 1231 904 1275 qui
928 1232 1005 1274 legi-

266 1282 341 1315 time
365 1282 403 1314 ab
427 1282 546 1316 eisdem
568 1282 724 1325 religiosis
745 1293 781 1315 ex
802 1283 914 1316 eadem
931 1283 1008 1317 Con-

266 1335 449 1378 gregatione
478 1335 634 1378 eligetur,
666 1339 695 1370 et
723 1346 739 1368 a
771 1346 830 1380 pro
865 1341 1006 1380 tempore

267 1387 418 1421 existente
431 1387 596 1422 Ordinario
610 1388 669 1421 loci
685 1389 922 1432 approbabitur.
939 1389 1007 1422 Uni-

268 1442 348 1474 versi
365 1452 440 1475 vero
457 1442 596 1485 religiosi
612 1443 805 1486 hospitalarii
823 1448 853 1475 et
869 1443 1006 1487 hospita-

268 1495 363 1527 lariae
391 1494 521 1527 huiusce
545 1495 803 1537 Congregationis
827 1497 1007 1539 supradicto

268 1547 412 1581 ministro
425 1548 563 1590 generali
581 1548 812 1589 submittentur,
827 1549 886 1590 eui,
901 1553 930 1583 et
943 1550 1007 1582 suis

267 1601 336 1634 aliis
353 1601 570 1645 superioribus
590 1612 625 1634 ex
643 1611 698 1635 suo
715 1602 830 1635 Ordine
847 1603 1007 1646 praedicto

268 1654 374 1687 electis
398 1659 427 1687 et
451 1654 612 1697 eligendis,
633 1655 733 1687 eidem
752 1655 897 1688 ministro
917 1666 1010 1698 gene-

268 1708 326 1740 rali
347 1707 566 1741 subalternatis
581 1734 588 1748 ‚
613 1708 746 1742 tirmiter
770 1709 899 1741 obedire
923 1713 1007 1742 tene-

269 1761 396 1802 buntur3
417 1762 459 1794 ita
476 1767 590 1802 tamen,
612 1768 646 1795 ut
669 1762 848 1805 praedictus
866 1763 1008 1795 minister

268 1815 424 1858 generalis
441 1826 497 1859 per
517 1826 559 1856 se,
578 1816 624 1848 vel
646 1826 703 1859 per
720 1816 857 1860 aliquem
875 1816 1007 1849 fratrum

268 1869 521 1903 Reformatorem
537 1869 574 1902 de
590 1869 801 1909 Observaittia,
822 1869 886 1902 sire
903 1870 1010 1903 Recol-

269 1922 443 1963 lectorum,
473 1932 536 1955 nou
571 1927 674 1955 autem
702 1923 927 1956 Tertiariorum
953 1934 1007 1955 seu

271 1975 353 2008 tertii
377 1975 502 2008 Ordinis
526 1975 555 2008 S.
580 1975 737 2008 Francisei
759 1975 797 2008 de
815 1975 1005 2010 Poenitentia

270 2033 533 2071 nuncupatorum,
543 2039 560 2061 a
574 2039 605 2061 se
618 2029 810 2072 deputatum,
821 2029 858 2062 de
872 2030 1008 2062 triennio

270 2081 301 2113 in
326 2081 495 2114 triennium
519 2082 557 2114 ad
583 2082 686 2114 minus
710 2083 816 2123 semel,
835 2083 938 2126 quoad
959 2094 1008 2116 vo-

272 2139 376 2166 torum
388 2131 636 2177 fflplementum
654 2140 684 2167 et
701 2139 840 2168 exactam
868 2136 946 2168 ritae
964 2147 1008 2169 re-

271 2186 391 2229 gularis
404 2187 645 2227 observantiam,
655 2187 839 2221 Ordinarius
849 2199 923 2221 vero
936 2189 1007 2229 loci,

271 2239 390 2273 ratione
408 2240 627 2283 hospitalitatis
641 2245 671 2273 et
688 2251 781 2273 curae
799 2241 1007 2274 laborantium

273 2298 368 2336 peste,
383 2293 507 2336 quoties
520 2293 658 2334 libuerit,
672 2294 772 2326 dictos
787 2294 1009 2338 hospitalarios

271 2351 302 2378 et
316 2346 545 2389 hospitalarias,
563 2346 657 2379 modo
675 2352 707 2379 et
725 2347 824 2379 forma
841 2347 915 2379 dicti
929 2347 1007 2380 Con-

272 2399 334 2432 cilii
351 2399 521 2432 Tridentini
539 2400 681 2441 servatis,
701 2400 826 2432 visitare
843 2400 964 2443 possint
980 2406 1009 2433 et

271 2453 412 2487 debeant.
439 2454 568 2497 Insuper
593 2453 732 2496 religiosi
761 2453 953 2497 hospitalarii
979 2454 1009 2486 in

272 2508 450 2552 superiores
464 2508 624 2540 ministros
636 2508 674 2540 ab
685 2507 752 2551 ipsa
761 2507 1009 2550 Congrcgatione

272 2561 360 2595 electi
378 2561 454 2594 alios
479 2561 537 2594 sibi
562 2561 704 2594 subditos
730 2561 888 2593 visitantes
912 2561 1011 2593 humi-

274 2614 343 2647 liter
366 2625 401 2648 ac
426 2615 457 2648 in
485 2615 634 2648 charitate
657 2619 685 2648 et
707 2625 777 2648 cum
796 2614 1010 2648 moderatione

1036 333 1066 360 et
1090 328 1243 370 regulam,
1269 337 1360 370 quam
1386 327 1516 370 professi
1540 325 1665 365 fuerint,
1692 337 1779 368 prav-

1037 379 1198 423 eipientes;
1216 379 1331 411 subditi
1349 384 1452 411 autem
1471 379 1623 422 patienter
1637 377 1668 410 in
1682 377 1779 410 omni-

1037 432 1106 469 bus,
1130 443 1209 475 quae
1230 432 1361 465 ltomino
1385 432 1613 475 promiserunt,
1639 431 1703 463 suis
1727 441 1778 463 su-

1037 485 1232 528 perioribus,
1257 486 1350 518 etiam
1375 485 1477 529 quoad
1504 495 1611 517 euram
1635 495 1710 527 erga
1729 495 1779 527 pe-

1037 543 1082 570 ste
1108 538 1285 571 laborantes
1302 543 1331 570 et
1346 538 1598 581 hospitalitatem,
1621 537 1777 571 obedient.

1037 591 1192 630 Quantum
1213 602 1287 625 vero
1312 592 1350 624 att
1376 592 1526 625 moniales
1550 592 1679 624 huiusce
1700 591 1777 624 Con-

1037 644 1240 687 gregationis,
1266 645 1407 687 regulam
1432 645 1490 677 sibi
1508 645 1732 689 praescriptam
1750 651 1776 676 et

1038 699 1215 731 clausuram
1230 699 1314 731 iuxta
1327 699 1454 732 Concilii
1468 698 1638 731 Tridentini
1655 698 1779 732 decreta

1038 756 1144 784 exacte
1169 751 1388 792 observabunt,
1413 756 1440 784 et
1466 752 1504 784 ab
1527 751 1692 784 Ordinario
1708 751 1779 787 loci,

1038 815 1073 838 ac
1098 805 1162 837 suis
1178 805 1394 848 superioribus
1415 815 1472 848 pro
1490 810 1632 848 tempore
1650 805 1780 837 existen-

1040 857 1132 897 tibus,
1156 857 1194 890 de
1211 857 1247 890 iis
1264 868 1343 901 quae
1357 858 1395 890 ad
1409 858 1580 900 legitimam
1595 858 1778 890 electionem

1039 916 1182 954 spectant
1199 916 1226 944 et
1245 911 1401 954 pertinent
1418 911 1551 944 fideliter
1569 911 1693 944 edoceri
1710 922 1781 954 pro-

1040 965 1205 1005 curabunt,
1230 970 1263 997 ut
1283 964 1327 997 sic
1355 964 1482 997 edoctae
1502 970 1635 997 matrem
1660 964 1718 997 sibi
1743 975 1779 997 ex

1040 1027 1149 1050 earnm
1166 1017 1288 1059 gremio
1313 1023 1343 1049 et
1367 1017 1513 1050 societate
1537 1017 1779 1060 praeficiendam

1040 1071 1189 1103 canonice
1222 1076 1249 1103 et
1284 1071 1368 1103 iuxta
1396 1071 1469 1103 dicti
1494 1071 1622 1104 Concilii
1656 1071 1781 1104 decreta

1041 1123 1158 1166 eligere
1176 1124 1303 1167 possint.
1323 1124 1421 1157 Porro
1447 1134 1484 1156 ne
1505 1124 1575 1167 quis
1599 1124 1636 1156 ad
1659 1124 1782 1166 religio-

1040 1186 1111 1209 nem
1141 1177 1319 1210 huiusmodi
1352 1177 1460 1210 leviter
1490 1183 1516 1209 et
1552 1177 1781 1210 inconsiderate

1040 1229 1233 1269 admittatur,
1258 1230 1415 1262 neminem
1440 1230 1478 1262 ad
1503 1230 1584 1262 illius
1605 1230 1780 1262 institutum

1041 1282 1130 1325 prius
1154 1282 1323 1325 recipient,
1349 1293 1443 1325 quam
1468 1293 1526 1326 pro
1550 1289 1693 1326 tempore
1717 1283 1778 1315 exi-

1041 1340 1156 1368 stentes
1173 1336 1353 1379 superiores
1374 1336 1550 1379 ingressum
1568 1337 1606 1369 ad
1623 1337 1707 1369 illam
1731 1347 1783 1380 po-

1041 1389 1184 1421 stulantis
1208 1389 1313 1429 tidem,
1336 1390 1533 1432 religionem,
1559 1390 1708 1429 officium,
1727 1396 1783 1422 sta-

1043 1447 1106 1474 tum
1132 1448 1159 1474 et
1185 1443 1397 1476 conditionem
1422 1444 1667 1487 exploraverint,
1693 1443 1782 1486 eique

1041 1495 1299 1538 Congregationis
1316 1502 1343 1529 et
1363 1497 1490 1539 regulae
1504 1507 1598 1529 onera
1612 1507 1783 1540 proposue-

1042 1548 1101 1580 rint
1122 1574 1128 1585 ,
1160 1549 1402 1592 monuerintque
1427 1549 1601 1582 alienorum
1626 1550 1781 1582 bonorum

1042 1601 1270 1634 restitutionem
1288 1602 1471 1641 faciendam,
1490 1613 1550 1646 qua
1564 1603 1782 1641 satisfactione,

1043 1654 1089 1687 rel
1107 1655 1316 1688 satisfaciendi
1330 1656 1473 1689 cautione
1487 1656 1644 1699 praestita,
1659 1662 1697 1697 et,
1712 1667 1784 1700 qna*

1043 1713 1132 1740 tenus
1157 1719 1237 1752 opus
1262 1709 1314 1747 sit,
1339 1710 1593 1743 reconciliatione
1618 1721 1689 1742 eum
1714 1721 1783 1753 pro>

1043 1761 1127 1794 ximo
1144 1762 1234 1803 faeta,
1252 1773 1308 1806 per
1325 1764 1522 1807 quindecim,
1538 1765 1609 1807 plus
1627 1764 1782 1803 minusve,

1043 1814 1108 1847 dies
1130 1815 1274 1849 instando
1300 1827 1359 1860 pro
1383 1817 1530 1860 qualitate
1554 1827 1707 1860 personae
1727 1824 1783 1854 ter,

1043 1873 1201 1911 quaterve,
1219 1869 1243 1901 si
1262 1869 1303 1902 ita
1320 1869 1456 1909 libuerit,
1474 1870 1511 1902 de
1532 1870 1662 1903 consilio
1679 1875 1782 1903 tamen

1043 1921 1266 1963 religiosorum
1291 1922 1391 1965 magis
1416 1922 1602 1955 idoneorum
1620 1923 1658 1956 ad
1676 1924 1706 1956 id
1731 1924 1784 1956 de-

1043 1980 1234 2018 putatorum,
1245 1976 1428 2019 priusquam
1440 1977 1621 2020 recipiatur,
1633 1976 1770 2009 reiieient
1778 1988 1784 2015 ;

1044 2028 1074 2060 in
1099 2029 1287 2062 monialibus
1312 2034 1415 2063 tamen
1442 2030 1543 2063 forma
1567 2030 1695 2063 Concilii
1721 2030 1785 2062 Tri-

1043 2082 1161 2115 dentini
1186 2088 1328 2116 servetur
1352 2083 1455 2126 quoad
1486 2083 1653 2116 voluntatis
1677 2084 1784 2127 explo-

1043 2136 1206 2176 rationem,
1231 2141 1397 2179 antequam
1421 2137 1639 2180 profiteantur,
1664 2142 1694 2169 et
1715 2142 1783 2179 post

1042 2199 1159 2222 annum
1184 2190 1384 2233 professurus
1408 2195 1470 2222 tam
1500 2190 1665 2231 religiosus
1690 2200 1783 2233 quam

1043 2242 1198 2282 monialis,
1217 2243 1240 2274 si
1263 2242 1393 2275 idoneus
1417 2243 1463 2275 vel
1487 2242 1597 2275 idonea
1618 2242 1783 2280 videbitur,

1042 2296 1122 2328 facto
1147 2296 1236 2339 prius
1261 2301 1456 2336 testan‘ientQ
1477 2301 1506 2328 et
1531 2296 1686 2328 bonorum
1712 2306 1784 2327 suo-

1043 2359 1113 2381 rum
1138 2349 1360 2392 dispositione,
1385 2349 1423 2381 atl
1448 2349 1676 2392 praescriptum
1703 2350 1781 2381 sarri

1043 2401 1171 2434 Concilii
1206 2402 1400 2442 Tridentini,
1428 2408 1523 2444 prout
1556 2401 1616 2433 illis
1650 2402 1784 2445 Spiritus

1043 2455 1173 2488 Sanetus
1194 2455 1395 2497 suggesserit,
1414 2455 1574 2499 praedicta
1592 2455 1721 2487 huiusce
1740 2466 1784 2487 re-

1044 2508 1170 2551 ligionis
1195 2514 1265 2541 vota
1289 2509 1439 2541 emittent.
1457 2508 1541 2547 Quae
1557 2508 1685 2551 quidem
1710 2519 1785 2552 pro-

1042 2561 1146 2601 fessio,
1164 2561 1194 2593 in
1215 2561 1339 2605 scriptis
1357 2562 1480 2594 redacta
1498 2567 1527 2593 et
1544 2571 1639 2594 manu
1657 2562 1784 2605 publiea

1043 2615 1180 2658 signata,
1205 2625 1266 2648 non
1287 2615 1394 2655 aliter,
1418 2626 1476 2648 nec
1500 2615 1560 2649 alio
1587 2615 1680 2649 modo
1705 2616 1785 2648 reei—

274 2668 442 2710 eorrigent,
460 2669 537 2701 nihil
554 2673 662 2702 contra
686 2668 909 2701 conscientiam
923 2678 1009 2702 suam
1043 2669 1155 2711 pietur,
1167 2669 1225 2701 nisi
1241 2669 1418 2701 conditione
1432 2675 1459 2702 et
1473 2670 1618 2703 instantia
1633 2680 1786 2713 personae
1801 2670 1803 2672 ’

1684 268 1746 301 65³7
1794 277 1842 302 Αη,
1859 277 1885 302 (1.
1913 277 1972 303 teet
