2293 3231
903 263 1079 287 <maeonius
1105 265 1144 287 xv
1171 265 1217 287 rr.
1706 254 1770 289 593
1816 265 1863 291 An.
1881 265 1909 291 c.
1934 266 1994 291 ¹621

290 308 484 366 proindeque
517 309 555 341 ab
587 309 697 342 eodem
723 309 868 354 Philippo
894 310 932 343 lll
957 321 1081 354 rege¹a
1102 311 1280 355 quingentis
1305 317 1333 344 et
1359 311 1494 355 amplius
1519 311 1714 345 scholaribus
1731 322 1802 345 con—

292 360 322 393 in
346 360 470 394 civitate
490 361 691 406 Pampilonae
708 372 801 395 unam
823 363 915 395 studii
937 373 1031 406 gene·
1046 352 1048 370 ⁵
1064 364 1152 397 tinuo
1172 365 1419 407 frequentatum
1440 370 1533 408 atque
1553 365 1697 398 relationi
1715 375 1802 423 prae-

290 413 364 446 ralis
389 413 622 448 unixetsitatem
648 415 766 448 institui
798 416 954 459 supplices
977 426 1047 471 pe·
1046 435 1047 440 ι
1064 418 1142 450 senti
1166 429 1280 461 prorex
1301 423 1329 451 et
1356 417 1525 451 consiliarii
1550 417 1703 461 quaedam
1721 418 1802 461 capi-

95 262 147 288 An.
164 262 193 289 C.
210 261 274 289 1621

291 466 427 507 tiissent;
1045 459 1126 503 tula
1151 482 1205 503 seu
1229 476 1342 504 statuta
1368 476 1394 503 et
1421 471 1659 504 constitutiones
1686 471 1725 503 ab
1757 471 1801 504 cis

135 535 176 564 ιιιι
191 519 501 561 „nm-,21dem
519 521 681 565 Philippus
699 521 737 554 ΙΙΙ
753 532 817 561 rex,
835 521 890 554 etsi
904 522 1047 554 honori·
1044 529 1197 563 exarata,
1222 535 1302 568 quae
1327 525 1358 556 in
1382 524 1450 567 ipso
1474 523 1676 557 institutionis
1699 524 1800 557 dictae

92 561 274 635 liss²u'.ll'¹'2“p¹;3:<'›“rilit
290 573 357 606 [icis
380 574 440 606 illis
461 574 658 606 subditorum
687 586 815 607 suorum
841 575 920 607 votis
941 575 1028 617 regio
1044 582 1045 616 ζ
1062 576 1271 609 universitatis
1295 577 1481 619 primordie,
1498 587 1605 609 rerum
1630 581 1659 611 et
1684 582 1801 621 tempo-

91 620 140 636 num
155 620 165 635 e
176 620 208 640 *ga
220 631 224 635 .

289 626 393 659 animo
407 627 635 669 gratulabatur,
648 628 757 671 atque¹
773 629 807 660 ea
827 627 858 660 iu
876 638 919 667 re,
934 639 1026 671 quam
1044 633 1045 641 ¹
1062 640 1130 661 rum
1145 635 1236 672 atque
1251 630 1343 662 etiam
1361 630 1420 662 loci
1434 630 1635 673 qualitatibus
1652 630 1799 674 pensatis,

289 684 319 711 et
343 679 408 737 ipse
433 679 512 723 (pro
536 690 574 712 co
598 680 682 723 quod
714 691 812 723 nomi
836 686 863 713 ιι
890 681 1027 713 dominia
1043 676 1045 719 l
1061 682 1265 725 proponendi
1289 688 1316 714 et
1342 682 1537 715 obserxanda
1569 683 1799 723 iudieav,eiant

289 732 392 765 omnia
409 733 575 776 temporali
593 744 650 766 suo
667 734 806 766 dominio
824 739 853 766 ct
873 734 1026 776 ξηιὼιιιιιιο
1042 722 1044 788 i
1061 735 1188 768 modum
1206 735 1340 778 legendi,
1358 735 1501 775 docendi
1519 736 1641 769 scholas
1659 736 1685 769 f1
1688 747 1801 780 equen-

289 788 412 819 sumina
429 788 499 819 e'um
517 791 670 830 potestate
688 787 835 827 subiecta,
853 798 1026 830 coiumque
1042 774 1155 828 tandi,
1173 788 1289 831 gradus
1310 789 1501 828 (Uonfeiendi,
1519 794 1548 821 et
1568 789 1740 832 ieeipiendi
1757 800 1800 823 sa-

289 839 427 879 incolas,
451 849 558 872 amore
591 839 861 883 prosequebatur)
890 850 1027 873 summo-
1042 842 1147 884 latia
1165 846 1192 875 et
1208 842 1439 882 ιιιιιι5οἰιιιιι1ι
1452 842 1553 875 etalia
1568 843 1638 875 felix
1657 843 1798 885 regimen

288 902 363 936 pere
386 892 593 932 desideiabat,
614 893 703 926 facile
727 893 851 925 exorati
875 903 1042 943 passinus
1060 899 1117 928 et⁰
1102 895 1202 937 ubet
1205 905 1290 927 mum
1309 896 1431 928 fututae
1448 895 1659 929 univeisitatis
1673 906 1799 929 concer-

288 950 378 986 esset,
395 945 599 978 nihilominus
618 951 730 985 tamen,
748 945 831 989 quia,
848 946 884 977 ad
902 946 1043 979 selieeml
1041 948 1172 1009 nentia,
1197 948 1429 988 adiunxissent,
1450 949 1564 992 illaque
1587 949 1626 981 ad
1653 950 1797 983 eumdem

287 999 380 1031 huius
403 999 449 1031 rei
474 1008 671 1038 successum,
698 998 757 1031 loei
787 999 937 1031 selectum
963 1009 1025 1032 non
1041 981 1237 1044 Philippum
1263 1002 1301 1034 ΙΙΙ
1327 1013 1434 1045 regem
1459 1003 1716 1043 t1ansmisissent3

285 1062 397 1096 parum
422 1052 598 1085 conducere
623 1052 845 1091 albitrabatur,
871 1063 927 1085 suo
952 1058 1043 1085 tunc
1148 1054 1158 1071 s
1203 1055 1383 1088 Piaedictus
1408 1056 1570 1099 Philippus
1595 1066 1650 1089 lex
1668 1056 1717 1096 ΙΙΙ,
1738 1056 1799 1089 illis

1102 1057 1117 1097 ,ξ
1141 1066 1170 1086 4.

286 1105 318 1138 in
334 1105 418 1139 dicto
437 1116 536 1148 regno
556 1105 685 1149 proi-egi
703 1109 732 1138 et
752 1105 914 1148 capitaneo
934 1116 1041 1148 gene·
1058 1113 1202 1140 aeeu1ate
1232 1109 1423 1152 perspectis,
1449 1113 1476 1142 et
1503 1109 1635 1152 pioinde
1660 1109 1829 1143 conside-11

287 1158 343 1191 rali
367 1163 460 1203 atque
485 1158 671 1192 consiliariis
696 1158 868 1199 commisit,
892 1164 926 1191 ut
951 1169 1042 1195 eum:

1840 1066 1951 1096 Philippus
1963 1073 1996 1087 rex

1813 1099 1857 1138 §qis
1878 1099 1997 1114 commissa·

1834 1120 1998 1144 amandandu-

125 1437 203 1458 l'rorcx
213 1437 272 1458 Paui-

90 1463 181 1489 pilunam
192 1463 256 1489 eligit.

1040 1160 1147 1193 r¹ato
1165 1167 1314 1210 quantum
1329 1172 1365 1193 ex
1380 1161 1556 1194 litterarum
1571 1162 1682 1195 studiis
1695 1163 1799 1196 catho-
1814 1146 1870 1166 ‘¹¹⁰⁰'
1899 1148 1996 1172 mmm

285 1211 461 1245 assistentia
481 1211 529 1245 sui
548 1212 765 1256 procuratoris
789 1212 904 1245 fiscalis
925 1217 956 1245 et
974 1223 1025 1256 pa-

1814 1172 1843 1193 ihi
1856 1174 1944 1198 erigant.

287 1264 473 1298 trimonialis
490 1265 629 1298 eiusdem
644 1265 744 1308 regni,
756 1265 813 1298 ιιιίΞ
827 1276 898 1298 eum
912 1266 950 1299 de
963 1267 1023 1299 loci
1040 1277 1042 1290 ι

287 1318 531 1362 opportunitate,
555 1318 685 1362 aliisque
705 1318 744 1350 ad
764 1323 879 1351 statum
903 1319 1025 1352 univer-

288 1371 385 1406 sitatis
408 1372 627 1405 stabiliendum
651 1372 819 1415 requisitis,
840 1373 1012 1405 referrent:

332 1425 347 1468 ἕ
368 1423 397 1458 3.
415 1424 555 1464 Quorum
571 1424 722 1457 relatione
739 1435 809 1457 cum
824 1425 995 1468 accepisset
1003 1425 1024 1465 ³,

288 1477 444 1511 civitatem
468 1478 748 1522 Pampilonensem,
770 1482 876 1522 utpote
896 1479 1024 1522 amplis-

287 1531 399 1564 simam
424 1536 452 1564 et
474 1530 506 1563 in
525 1531 629 1564 medio
646 1531 735 1574 regni
756 1531 857 1572 sitam,
874 1538 1026 1576 opportu-

287 1584 453 1617 nissimum
470 1584 586 1625 locum,
603 1584 657 1617 ubi
674 1584 742 1617 talis
758 1585 945 1618 universitas
958 1585 1025 1618 fun-

287 1638 354 1671 dari
370 1642 485 1682 posset,
502 1638 628 1682 iamque
644 1648 704 1681 pro
724 1638 808 1670 illius
832 1638 1023 1679 fundatione,

288 1697 352 1724 tum
372 1690 410 1723 ab
432 1691 579 1724 universo
599 1701 710 1734 regno,
728 1695 793 1725 tum
813 1702 830 1724 a
854 1691 1025 1734 particura-

287 1744 374 1778 ribus
404 1744 564 1788 personis,
590 1744 756 1777 duodecim
780 1745 866 1776 mille
895 1744 1024 1777 ducatos

287 1797 381 1830 huius
411 1797 602 1831 fundationis
630 1797 787 1841 principio
818 1797 1024 1830 inservituros

287 1850 408 1885 oblatos
431 1850 538 1892 fuisse,
558 1856 588 1884 et
611 1851 768 1894 quondam
793 1851 960 1884 Martinum
986 1851 1041 1894 de]

287 1904 449 1937 Abaurrea
472 1914 529 1936 suo
555 1908 743 1937 testamento
772 1904 938 1936 conventui
965 1905 1041 1946 fra-t

289 1962 370 1989 trum
394 1956 518 1990 Ordinis
538 1956 635 1989 sancti
659 1956 813 1989 Dominici
836 1956 935 1990 dictae
953 1957 1025 1990 civi-

289 2010 359 2042 tatis
382 2019 435 2042 sex
458 2009 543 2047 mille
567 2009 696 2043 ducatos
719 2012 756 2042 ea.
780 2010 958 2044 conditione
978 2007 1041 2044 rc-j

289 2063 425 2107 liquisse,
440 2068 485 2103 ut,
502 2063 526 2096 si
543 2063 575 2095 in
591 2063 673 2096 dicta
690 2063 813 2096 civitate
838 2064 1024 2097 universitas
1040 2070 1041 2096 l

290 2116 513 2156 institueretur,
526 2116 603 2149 duas
615 2116 779 2149 cathedras
792 2127 847 2150 seu
864 2118 1024 2159 lectiones,

288 2169 401 2203 artium
426 2179 539 2213 nempe
563 2179 674 2210 unam,
699 2175 727 2202 et
753 2170 928 2213 theologiae
954 2171 1025 2204 alte-

290 2233 365 2263 ram,
389 2223 492 2255 facere
516 2228 712 2261 tenerentur,
738 2223 900 2266 ipsamque
925 2223 1026 2257 civita-

288 2283 351 2309 tem
376 2287 412 2309 eo
437 2276 698 2319 opportuniorem
724 2286 806 2313 esse,
824 2276 908 2319 quod
932 2277 963 2309 in
988 2279 1042 2309 eat

290 2330 349 2361 iam
366 2329 487 2361 adesset
500 2339 598 2361 unum
615 2328 783 2371 collegium
801 2329 1024 2371 religiosorum
1040 2350 1043 2370 3

288 2382 450 2416 Societatis
467 2383 547 2422 Iesu,
566 2382 597 2415 in
612 2393 674 2426 quo
694 2382 788 2415 iidem
808 2382 947 2425 religiosi
967 2387 1043 2426 pro*

289 2435 437 2468 laudabili
462 2446 572 2469 eorum
597 2436 738 2470 instituto
759 2436 950 2469 iuventutem
972 2434 1043 2479 huy}

291 2489 446 2523 inaniores
465 2489 584 2522 litteras
602 2494 629 2522 et
648 2489 827 2534 disciplinas
843 2489 1025 2531 edocebant,
1042 2484 1044 2512 ἶ

327 2569 336 2594 t
350 2567 466 2596 Pessime
475 2569 538 2596 edit.
546 2568 624 2596 nain.
636 2568 697 2604 legit
708 2572 788 2604 leque
797 2577 843 2603 pro
851 2569 1026 2604 alquefflsnl-

324 2612 340 2639 2
357 2612 466 2640 Praeter
480 2622 538 2640 rem
554 2613 655 2640 ibidem
670 2614 767 2649 legitur
781 2617 806 2641 et
820 2623 867 2649 pro
879 2615 917 2641 ad
931 2615 965 2649 (R.
979 2615 1025 2646 T.).

1040 1344 1041 1358 ι
1058 1321 1265 1364 protendatur
1276 1348 1283 1361 ,

1040 1364 1041 1376 ¹
1058 1374 1189 1414 colatur,
1213 1374 1416 1417 reliquaeque
1442 1373 1572 1407 virtutes
1589 1373 1797 1408 illustrentur.

1057 1213 1116 1246 lica
1140 1213 1227 1254 fides,
1253 1214 1421 1246 tenebrosa
1446 1214 1642 1256 ignorantiae
1665 1215 1798 1258 caligine

1057 1267 1195 1311 expulsa,
1220 1272 1391 1310 augeatur,
1413 1266 1509 1299 divini
1534 1267 1672 1300 numinis
1696 1268 1799 1300 cultus

1311 1320 1426 1354 veritas
1451 1325 1658 1362 agnoscatur,
1682 1321 1796 1355 iustitia

1058 1437 1093 1460 ac
1111 1427 1192 1460 hene
1210 1427 1364 1470 beateque
1388 1427 1512 1459 vivendi
1537 1427 1587 1460 via
1609 1432 1748 1471 paretur,
1765 1433 1796 1461 ut

1056 1479 1207 1523 praedicti
1234 1480 1282 1512 sui
1312 1479 1403 1523 regni
1427 1479 1660 1521 adolescentes,
1685 1480 1797 1525 adepta

1040 1534 1041 1575 J
1058 1533 1266 1565 humanarum
1287 1533 1464 1565 litterarum
1484 1533 1676 1575 cognitione,
1693 1533 1731 1566 ad
1751 1544 1800 1567 ex-

1040 1608 1041 1634 ,
1057 1586 1176 1619 celsum
1199 1586 1360 1619 doctrinae
1383 1586 1543 1628 fastigium
1560 1586 1744 1630 aspirantes,
1762 1597 1799 1620 co

1058 1639 1180 1672 facilins
1199 1639 1275 1671 illud
1295 1639 1449 1682 attingere
1474 1644 1612 1682 possent,
1629 1651 1693 1683 quo
1712 1650 1800 1684 prae-

1058 1692 1226 1725 sentiorem
1252 1692 1408 1724 haberent
1431 1691 1575 1724 studendi
1595 1692 1801 1726 commodita-

1058 1750 1130 1783 tem,
1144 1745 1313 1789 praedictis
1334 1745 1491 1788 deputatis
1503 1750 1531 1777 et
1551 1745 1687 1789 syndicis
1703 1756 1796 1779 unam

1039 1832 1041 1837 ,
1057 1799 1293 1832 universitatem
1310 1798 1404 1831 studii
1422 1797 1589 1841 generalis,
1607 1798 1639 1830 in
1656 1809 1719 1842 quo
1734 1799 1800 1843 phi-

1057 1851 1211 1895 losophia,
1225 1851 1273 1884 ius
1289 1851 1379 1884 cix-ile
1393 1857 1421 1884 et
1439 1851 1638 1892 canonicum,
1652 1862 1687 1884 ac
1704 1852 1801 1885 medi—

1057 1905 1127 1938 cina
1151 1910 1179 1937 et
1204 1904 1363 1947 theologia
1395 1904 1603 1945 docerentur,
1629 1910 1658 1937 et
1682 1905 1714 1937 in
1738 1907 1800 1949 qua

1058 1958 1204 2002 capitula,
1215 1963 1328 1991 statuta
1341 1962 1370 1992 et
1384 1958 1621 1992 constitutiones
1634 1958 1799 1997 antedicta,

1057 2022 1137 2055 quae
1159 2012 1253 2044 etiam
1273 2011 1339 2055 ipse
1360 2012 1567 2052 confirmavit,
1593 2012 1797 2045 observaren-

1058 2070 1119 2105 tur,
1134 2065 1165 2097 in
1181 2065 1264 2098 dicta
1283 2065 1405 2098 civitate
1422 2065 1604 2099 instituendi
1620 2066 1797 2098 facultatem

1059 2118 1221 2158 concessit,
1248 2127 1342 2161 seque
1368 2128 1402 2151 ac
1420 2128 1619 2151 successores
1638 2129 1711 2151 suos
1728 2118 1798 2151 His-

1059 2171 1225 2215 paniarum
1244 2181 1336 2214 reges
1356 2171 1528 2204 catholicos
1548 2171 1631 2204 illius
1647 2177 1798 2215 patronos

1059 2228 1087 2258 et
1100 2230 1297 2268 protectores
1310 2224 1480 2264 constituit,
1493 2223 1659 2267 illamque⁹
1672 2224 1730 2257 sub
1744 2227 1799 2257 sua

1059 2282 1085 2309 et
1112 2288 1225 2310 eorum
1249 2277 1336 2319 regia
1365 2277 1561 2320 protectione
1585 2277 1742 2320 suscepit¹3
1767 2277 1799 2310 in

1060 2331 1143 2364 illius
1163 2341 1238 2364 vero
1263 2331 1486 2363 cancellarium
1511 2331 1694 2374 episcopum
1713 2330 1799 2364 Parn-

1059 2384 1254 2427 pilonensem
1281 2389 1354 2416 tunc
1375 2388 1402 2416 et
1423 2394 1481 2427 pro
1502 2388 1646 2427 tempore
1670 2383 1800 2417 existen-

1060 2442 1122 2470 tem
1147 2436 1326 2480 deputavit;

1105 2491 1119 2534 ξ
1143 2491 1172 2523 5.
1198 2491 1323 2534 Ipsique
1340 2491 1546 2532 universitati,
1565 2491 1710 2536 illiusque
1727 2501 1799 2524 can-

1098 2573 1107 2596 1
1127 2570 1169 2597 Sic
1183 2570 1307 2597 duximus
1322 2570 1466 2604 legendum
1481 2570 1569 2606 aptius
1579 2579 1659 2606 quam
1673 2571 1801 2599 comide-

1044 2615 1045 2647 ζ
1062 2615 1133 2642 ralis
1149 2618 1229 2650 prout
1244 2615 1308 2650 legit
1323 2614 1386 2641 edit.
1404 2614 1482 2641 Main.
1497 2619 1535 2649 (n.
1548 2615 1596 2650 r).

325 2658 341 2685 3
351 2657 470 2686 Erronee
480 2667 588 2695 quoque
598 2667 630 2686 ea
641 2659 684 2687 ed.
695 2659 756 2686 hab.
769 2660 922 2687 accessisset
933 2660 1027 2693 (R.T.).
1043 2659 1045 2693 j
1096 2659 1113 2685 2
1129 2659 1198 2685 Edit.
1213 2658 1296 2687 Μαίη.
1311 2659 1376 2694 legit
1392 2659 1500 2694 illaque
1515 2662 1552 2693 (a.
1568 2659 1614 2694 Τ.).

370 2711 448 2738 Bun.
468 2713 543 2740 Rom.
564 2728 597 2731 —-
620 2713 680 2739 Vol.
696 2712 760 2739 XII.
889 2712 921 2738 75

1855 2506 1999 2532 Nunuullaque
