2293 3231
281 288 331 315 An.
352 286 380 314 C.
404 286 471 314 16¹2

323 614 466 635 Secretarinm

283 642 377 662 eiusdem
416 647 467 660 cvn-

283 668 411 694 gregationis
436 668 456 687 Ιυ

281 701 358 715 annetn
367 694 466 715 Iacobum

282 721 418 747 Butgarinum
429 721 466 741 eli-

282 748 318 774 git.

322 1517 471 1544 congregatiu-

287 1546 320 1566 nis
342 1544 472 1565 iurisdietio-

288 1577 334 1592 nem
347 1574 368 1592 et
384 1571 470 1591 faculta-

287 1601 318 1619 tes
335 1598 470 1624 praescribit.

516 275 580 310 ’188
1062 282 1239 306 arimanni
1263 281 1417 306 nomnen
2010 277 2060 304 An.
2075 277 2107 305 c,
2127 275 2215 306 mse
2259 259 2261 262 ¹

482 334 727 378 praelectionem
751 337 819 376 post
846 331 944 375 ipsius
969 330 1135 363 cardinalis
1159 330 1223 362 obi·
1237 332 1240 374 J
1256 333 1320 362 tuta
1337 327 1502 365 condendi,
1519 337 1618 371 eaque
1642 327 1794 367 mutandi,
1807 325 1998 370 corrigendi,

483 394 547 421 tum
573 387 663 420 alteri
688 386 818 419 concedi
843 384 1066 429 prohibentes.
1091 383 1146 416 sed
1170 393 1223 416 eas
1238 413 1239 417 ,
1255 381 1415 421 variandi,
1440 387 1468 414 et
1501 381 1540 414 (le
1563 391 1646 414 novo
1670 380 1821 421 faciendi,
1846 390 1881 413 ac
1906 379 1944 412 de
1969 385 1997 412 et

482 445 550 484 post
575 441 696 472 obitum
717 438 912 482 praedictum
929 448 1064 477 cessare,
1081 441 1108 469 et
1128 438 1223 480 penes
1256 446 1352 479 snper
1375 434 1492 467 eisdem
1516 433 1708 478 praemissis,
1729 439 1886 466 eteorum
1911 442 2000 466 occa-

482 495 597 527 dietam
619 492 897 535 congregationem
916 500 1080 523 remanere
1097 489 1223 529 debere,
1239 499 1241 529 2
1257 488 1354 526 sione,
1372 488 1453 522 inter
1477 493 1504 520 et
1531 491 1641 521 contra
1661 497 1876 530 quascumque
1893 496 2000 530 perso-

482 547 687 579 decernentes
712 551 741 578 et
766 544 971 577 declarantes.
1239 531 1330 585 luas,
1352 541 1490 574 cuiusvis
1515 546 1630 580 status,
1656 540 1789 583 gradus,
1814 539 1945 580 ordinis,
1969 542 2001 572 et

527 603 541 640 ,ξ
558 602 587 632 ι’».
608 600 772 633 Praeterea
788 599 938 631 dilectum
954 598 1055 630 filium
1075 598 1223 630 loannem
1240 590 1241 623 ἶ
1257 595 1464 635 conditionis,
1489 605 1524 627 ac
1555 593 1665 638 quavis
1696 598 1758 626 tam
1788 593 1999 626 ecclesiastica

460 653 632 685 -lacobtult
657 651 875 694 Butgarinun„
892 661 987 694 quem
1012 651 1088 683 alias
1112 649 1149 682 ad
1175 651 1352 692 eii-³quam
1388 647 1553 691 temporali
1585 646 1755 690 dignitate,
1780 646 1870 680 tituto
1893 651 1921 679 et
1948 646 2002 679 ho-

483 717 550 738 ram
577 705 808 749 scripturarum
834 704 927 737 liuius
951 703 1074 747 negocii
1099 703 1226 746 deputa·
1241 746 1243 750 Ι
1258 712 1336 735 nore
1362 702 1526 745 fulgentes,
1551 700 1740 741 summarie,
1764 700 1948 744 simpliciter
1972 703 2002 733 et

483 757 594 799 vinius,
608 759 646 791 ad
660 759 726 792 eius
741 759 833 791 etiam
847 758 1037 799 vitam,cum
1051 757 1225 790 honoribus
1242 793 1243 796 Ἴ
1259 756 1296 789 de
1322 756 1430 800 plano,
1455 765 1613 799 manuque
1644 754 1748 797 regia,
1772 759 1802 787 et
1832 754 1899 787 sola
1930 753 2000 787 sacti

484 819 511 846 et
539 813 705 852 oneribus,
734 812 918 855 inribusque
948 815 976 845 et
1003 810 1226 844 emolumentis
1261 809 1388 841 veritate
1407 809 1546 852 inspecta
1564 807 1786 851 cognoscendi,
1799 806 2001 851 procedendi,

483 867 583 900 solitis
614 872 641 899 et
674 866 848 902 consuetis.
873 865 966 899 etiam
992 865 1023 897 in
1047 873 1227 896 remunera·
1242 879 1243 882 ¹
1260 862 1417 895 iudicandi
1442 866 1471 894 et
1503 861 1696 900 definiendi,
1720 870 1843 894 necnon
1867 859 2001 899 citandi,

485 921 601 953 tionem
627 920 771 953 laborum
796 930 853 963 per
877 929 961 959 eum,
985 924 1049 950 tarn
1075 918 1106 950 in
1131 927 1227 961 opere
1260 926 1294 948 ac
1321 915 1388 955 ubi,
1419 915 1544 958 quando
1577 925 1613 947 ac.
1644 914 1767 957 quoties
1798 924 1879 957 opus
1910 912 2004 946 fuerit

485 974 665 1007 huiusmodi
691 983 785 1016 quain
811 984 870 1016 pro
895 972 1023 1005 servitio
1047 977 1076 1003 et
1095 971 1226 1004 utilitate
1243 963 1245 1004 f
1260 968 1432 1007 inhibendi,
1457 978 1492 1000 ae
1518 967 1727 1011 pecuniarias,
1752 971 1792 1007 et,
1817 966 1870 999 ubi
1898 976 2004 1010 perso-

485 1038 630 1060 camerae
654 1032 780 1060 nostrae
816 1026 1054 1069 impensorum,
1085 1023 1226 1058 eiusdem
1242 1022 1245 1057 j
1260 1032 1373 1055 narum
1397 1026 1425 1054 et
1452 1031 1582 1054 casuum
1603 1020 1783 1064 qualitatem
1808 1020 1853 1053 sic
1877 1019 2003 1062 exigere

485 1080 742 1123 congregationis
767 1079 989 1119 secretarium,
1015 1078 1064 1111 c-ui
1090 1077 1227 1117 castella,
1242 1090 1245 1120 2
1261 1075 1464 1118 congregatio
1489 1075 1556 1118 ipsa
1584 1073 1786 1113 iudicaverit,
1811 1073 1904 1106 etiam
1937 1083 2005 1106 cor-

485 1138 515 1168 et
539 1134 746 1177 receptacula,
771 1133 962 1176 illorumque
993 1132 1096 1164 ιΝΙιιιθε
1127 1132 1245 1163 custo·
1244 1129 1348 1173 poiis
1372 1128 1533 1162 atllietivas
1558 1137 1676 1172 poenas
1700 1131 1809 1161 contra
1833 1131 2004 1168 transgres-

485 1186 600 1226 (fiendi,
618 1191 647 1219 et
671 1197 709 1219 ne
735 1196 752 1218 a
776 1195 935 1229 quoquam
961 1184 1096 1228 amplius
1120 1190 1172 1217 ant
1188 1184 1229 1216 la·
1243 1193 1349 1215 ‘Soles
1372 1186 1559 1216 statutorum
1585 1180 1837 1225 praedictor‚nm
1862 1185 1893 1213 et
1915 1179 2004 1220 alios,

486 1240 557 1273 tiori
583 1240 723 1279 modulo,
748 1250 802 1272 seu
827 1240 947 1277 fistula
972 1239 1019 1272 vel
1040 1239 1116 1271 alias
1133 1249 1227 1282 quun
1243 1246 1245 1272 t
1261 1240 1372 1269 contra
1395 1246 1476 1278 quos
1500 1245 1580 1278 opus
1605 1235 1710 1274 suerit,
1735 1244 1846 1267 eorum
1872 1233 2004 1266 arbitiio

486 1293 580 1327 sueiit
615 1294 817 1337 impetiatinn
853 1293 898 1325 vel
930 1303 1115 1326 concessum
1148 1288 1454 1336 aqualimponendi‚
1480 1293 1511 1321 et
1534 1288 1573 1321 ad
1599 1288 1736 1327 illarum,
1761 1296 1884 1320 necnon
1909 1286 2003 1320 etiam

485 1347 674 1390 accipiatur,
699 1346 969 1378 animadvertendi
994 1356 1069 1377 cura
1094 1350 1122 1377 ct
1149 1355 1229 1378 onus
1244 1349 1246 1386 ζ
1262 1353 1382 1381 earum,
1401 1352 1481 1385 quae
1504 1341 1542 1374 dc
1567 1341 1636 1373 inre
1661 1341 1833 1381 communi,
1850 1350 1886 1373 ac
1902 1340 2004 1373 dictae

487 1399 644 1432 incumbat
660 1427 667 1440 ,
699 1399 941 1439 constituimus,
973 1398 1161 1442 deputamus
1194 1409 1228 1430 ae
1245 1408 1247 1427 z
1264 1396 1355 1429 [vbis
1379 1395 1502 1428 statutis
1514 1395 1551 1428 de
1569 1394 1774 1428 custodiendo
1797 1394 2005 1438 aquaeductu,

487 1452 696 1492 declaramus,
721 1457 750 1484 et
775 1462 842 1484 esse
866 1452 1021 1484 volumus.

532 1506 546 1548 ἓ
572 1506 599 1539 7.
618 1505 784 1548 Dietaeque
799 1505 1037 1548 congregationi
1051 1505 1228 1537 universam

487 1559 661 1593 custodiam
684 1564 711 1591 et
733 1569 841 1591 cinam
858 1569 956 1602 aquae
971 1564 997 1591 et
1017 1558 1230 1602 aquaeduetus

488 1721 604 1764 putatis
617 1719 786 1764 praedictis
803 1719 900 1751 semel
911 1718 1044 1761 singulis
1060 1719 1230 1758 mensibus,

488 1779 516 1806 et
542 1774 664 1818 quoties
691 1783 772 1817 opus
803 1772 916 1812 suerit,
942 1783 974 1804 se
999 1772 1232 1815 congregandi,

489 1832 520 1859 et
533 1837 647 1870 aquam
663 1825 859 1869 praedictam
872 1836 931 1870 pro
945 1836 1003 1858 usn
1017 1830 1045 1857 et
1064 1825 1232 1858 commodo
1248 1862 1250 1875 k

490 1884 552 1913 tarn
576 1879 704 1923 publico
728 1889 822 1923 quam
848 1879 970 1922 privato
985 1905 992 1918 ,
1015 1883 1046 1910 et
1075 1888 1092 1910 a
1123 1878 1233 1921 quavis

490 1939 580 1977 parte
610 1932 842 1976 aquaeductus,
867 1936 897 1966 et
920 1931 1046 1975 quasvis
1072 1931 1164 1964 Urbis
1188 1941 1234 1963 re-

491 1998 506 2012 ‹
490 1987 601 2029 „tonos
625 1991 652 2018 ct
679 1986 747 2019 lora
772 1985 998 2025 deducendam,
1023 1984 1232 2017 distribuendi

491 2045 521 2072 et
545 2050 621 2082 erog,
614 2039 720 2079 andi,
745 2045 796 2078 et,
821 2044 990 2083 postquam
1014 2037 1107 2070 suerit
1133 2037 1235 2070 distri-

1245 1445 1312 1481 iant
1347 1449 1423 1481 alias
1455 1449 1485 1481 in
1514 1448 1672 1481 similibus
1699 1448 1888 1481 constitutae
1915 1452 2005 1484 sunt,

1265 1503 1409 1535 incursus
1433 1502 1678 1535 declarationem
1696 1505 1727 1535 et
1750 1500 2005 1544 exequutionem,

1246 1556 1348 1608 komni
1379 1561 1409 1588 et
1433 1566 1632 1600 quacumque
1662 1555 1892 1599 appellatione,
1913 1547 2020 1588 reclass

487 1624 523 1646 ac
555 1613 662 1657 operis
694 1612 930 1656 praedictorum
960 1622 1018 1656 per
1047 1613 1249 1655 praesentest

488 1666 716 1700 committimus
741 1670 770 1698 et
795 1665 993 1705 mandamus,
1018 1665 1164 1709 illiusque
1182 1665 1249 1697 (ιιι-Δ

1264 1609 1411 1649 litatione,
1437 1609 1592 1642 revisione
1617 1613 1647 1641 et
1671 1618 1803 1641 recursu
1828 1608 1953 1652 penitus
1977 1612 2007 1641 et

1265 1663 1394 1696 omnino
1418 1662 1559 1702 remotis,
1583 1661 1778 1703 deveniendi,
1803 1672 1838 1694 ac
1867 1661 2006 1694 deveniri

1266 1715 1433 1749 mandandi
1455 1720 1486 1748 et
1509 1714 1662 1756 faciendi,
1683 1715 1805 1758 aliaque
1829 1714 2008 1748 necessaria

1265 1775 1295 1802 et
1319 1773 1497 1813 opportuna
1518 1768 1648 1811 gerendi
1667 1773 1697 1801 et
1713 1767 1888 1811 exequendi
1913 1767 2007 1800 etiam

1265 1822 1417 1866 privative
1442 1821 1546 1865 quoad
1566 1831 1677 1855 omnes
1697 1821 1817 1854 iudices
1846 1825 1874 1853 et
1895 1820 2010 1854 officia-

1267 1876 1312 1908 les
1344 1885 1495 1908 romanae
1527 1875 1634 1908 curiae
1659 1874 1721 1917 (ita
1745 1880 1862 1913 tamen,
1886 1879 1930 1914 ut,
1954 1873 2008 1907 ubi

1266 1928 1348 1961 dicta
1373 1928 1578 1971 congregatio
1611 1927 1648 1961 ad
1681 1927 1923 1971 exequutionem
1955 1927 2010 1960 ali-

1267 1983 1357 2015 cuius
1386 1992 1506 2040 poenm
1537 1982 1682 2025 cor·poiis
1717 1980 1882 2014 affiictivae
1913 1990 2010 2024 super

1250 2035 1448 2093 praemissis
1471 2035 1701 2068 deveniendum
1726 2034 1860 2075 duxerit,
1877 2044 2011 2078 exequu-

492 2093 565 2127 buta
590 2099 620 2125 ιι
644 2098 784 2135 erogata,
809 2102 867 2136 pei
892 2091 1066 2124 cessionem
1092 2091 1138 2123 vel
1166 2101 1236 2124 eon-
1250 2077 1386 2134 itionem
1411 2088 1590 2121 huiusmodi
1627 2088 1742 2121 dilecto
1766 2087 1831 2121 lilio
1857 2086 2010 2120 moderno

493 2157 620 2179 sensum
637 2146 857 2185 obtinentium,
867 2145 898 2178 in
914 2145 974 2178 alia
990 2145 1083 2177 etiam
1110 2150 1137 2177 tr
1139 2145 1237 2177 {insse-

493 2199 593 2239 rendi,
619 2200 800 2242 litterasque
825 2198 991 2242 patentes¹‚
1006 2198 1064 2231 sub
1081 2197 1236 2241 Scipionis

493 2253 672 2293 cardinalis,
696 2253 799 2296 quoad
824 2253 890 2296 ipse
915 2253 1036 2292 vixerit,
1062 2257 1091 2284 et
1117 2262 1238 2285 succes-

1269 2146 1299 2176 et
1317 2153 1376 2186 pio
1399 2147 1525 2186 tempor
1528 2152 1544 2174 e
1561 2141 1704 2174 existenti
1724 2141 1825 2175 dictae
1848 2140 1941 2174 Urbis
1957 2150 2012 2184 gu-

1269 2195 1440 2235 bernatori,
1454 2195 1507 2238 qui
1525 2195 1563 2227 ad
1589 2195 1673 2227 illam
1699 2194 1785 2228 omni
1810 2198 1840 2227 et
1863 2203 2012 2237 quacum-

1270 2259 1330 2292 que
1355 2248 1565 2292 appellatione
1582 2248 1701 2292 pariter
1712 2249 1834 2280 remota
1850 2245 2010 2289 procedat,

494 2307 558 2339 sive
572 2306 630 2339 sub
644 2306 831 2340 thesaurarii
848 2316 905 2350 pro
920 2311 1061 2349 tempore
1074 2305 1237 2338 existentis
1271 2301 1468 2335 committere
1492 2307 1584 2345 atque
1606 2300 1795 2334 demandare
1820 2299 1949 2342 debeat)
1974 2299 2012 2332 si-

495 2360 708 2404 prael'atorum
732 2359 837 2402 sigillo
861 2365 892 2392 et
914 2359 1042 2392 nomine
1066 2358 1236 2401 expeditas,
1271 2355 1387 2388 militer
1411 2360 1563 2399 perpetuo
1595 2354 1781 2394 tribuimus,
1806 2352 2012 2387 concedimus

495 2412 631 2456 desuper
656 2412 868 2453 concedendi,
893 2422 1015 2445 necnon
1046 2422 1105 2456 pro
1138 2411 1237 2455 ipsius
1271 2413 1301 2442 et
1325 2409 1526 2453 impertimur
1547 2408 1722 2452 plenariam
1741 2410 1772 2440 et
1795 2406 2011 2440 omnimodam

495 2467 708 2509 aquaeductus
732 2472 761 2499 et
786 2466 892 2510 operis
918 2465 1155 2499 conservatione
1179 2475 1236 2505 ea,

496 2530 577 2564 quae
603 2520 760 2558 iacienda,
785 2530 864 2562 quae
890 2519 1014 2552 vitanda
1038 2518 1164 2559 suerint,
1189 2517 1238 2551 de·

1270 2461 1660 2506 potestat«ni,lacultite1n
1685 2465 1716 2493 et
1738 2460 1966 2494 auctoritatem.

1316 2515 1384 2555 §8
1409 2515 1549 2558 Insupm,
1570 2519 1607 2547 nt
1630 2513 1803 2557 praemissa
1831 2512 1938 2546 omnia
1960 2522 2012 2546 ac·
2053 2530 2226 2555 mmmm„

2043 2557 2212 2581 uaeductmon·

497 2573 656 2614 cernendi,
680 2584 716 2606 ac
740 2584 836 2617 snper
859 2572 1041 2617 praemissis
1065 2572 1158 2605 etiam
1180 2576 1238 2604 sta·
1271 2569 1410 2603 curatius
1440 2567 1664 2612 perficiantur,
1689 2566 1769 2599 duos
1799 2566 2012 2611 aquaeductus
2027 2563 2095 2610 ffuo,
2109 2583 2242 2616 ⁶2⁸!an-

534 2646 545 2672 1
568 2645 667 2672 Vocem
692 2645 810 2680 desuper
830 2643 890 2672 heic
913 2644 1045 2677 delemus,
1066 2643 1129 2679 quia
1143 2646 1238 2679 postea

498 2691 596 2718 iterum
611 2690 734 2726 sequitur
747 2690 787 2724 (n.
797 2691 844 2725 τ.).

1270 2627 1301 2655 et
1324 2622 1430 2666 operis
1453 2619 1633 2654 huiusmodi
1658 2620 1833 2654 visitatores
1858 2620 2013 2663 (quorum
2027 2607 2247 2668 ‘⁸¹¹⁹‘³⁸⁶¹¹”⁸·{⁷
2279 2622 2282 2658 j

1269 2676 1475 2720 praecipuum
1499 2674 1580 2707 inter
1601 2673 1662 2707 alia
1685 2674 1916 2718 aquaeductum
1937 2673 2017 2707 invi-
2236 2666 2239 2672 ⁴
