2293 3231
63 303 118 332 -Αη,
135 303 163 331 C.
186 301 252 330 1622

100 1374 174 1400 Eique,
183 1372 256 1394 utEc-

73 1401 151 1422 etesiae
186 1400 257 1420 claves

74 1432 120 1448 curu
141 1426 188 1447 aliis
208 1426 256 1446 insi-

75 1453 148 1480 gnibus
173 1455 257 1478 gestare

75 1481 146 1508 possit,
154 1479 257 1501 concedit.

106 2010 174 2037 Eique
189 2015 264 2037 paren-

81 2037 130 2058 dum
145 2037 247 2058 decernit.

861 300 1036 326 GREGORIUS
1060 301 1102 325 XV
1127 300 1174 325 PP.

263 349 393 383 scientia
408 350 527 389 nostra,
543 349 737 393 praedictum
756 348 933 383 Odoardum
949 349 1002 382 du—

264 412 342 442 cem,
354 402 504 445 quamdiu
517 402 638 443 vixerit,
655 408 798 435 nostrum
817 406 846 436 et
862 402 1000 435 eiusdem

264 455 419 488 Ecclesiae
428 455 685 495 confalonerium,
697 466 766 488 cum
777 455 1002 492 iurisdictione,

264 508 528 552 praeeminentiis,
541 508 724 547 honoribus,
739 508 896 548 oneribus,
910 508 1004 541 liber-

265 561 390 601 tatibus,
408 561 673 601 immunitatibus,
694 561 866 604 stipendiis,
884 561 1004 593 iuribus

265 619 295 647 ct
310 613 530 647 emolumentis
547 614 658 648 debitis
675 619 705 646 et
718 613 885 654 consuetis,
902 618 1005 646 aucto-

265 667 358 700 ritate
374 667 556 710 apostolica,
573 672 683 700 tenore
696 667 918 712 praesentium,
930 677 1004 700 con-

267 719 424 753 stituimus
439 724 469 753 et
482 720 688 761 declaramus,
698 731 734 753 ac
751 720 888 753 officium
902 720 1006 752 huius-

268 773 353 806 modi
378 773 406 806 ei
426 777 491 807 toto
516 773 595 806 vitae
613 783 687 806 suae
705 776 845 817 tempore
863 773 956 806 modo
977 778 1006 806 et

267 827 369 860 forma
389 826 570 870 praemissis
589 826 790 860 concedimus
813 832 843 859 et
867 827 1006 869 assigna-

268 890 355 913 mus:
376 880 600 924 praedietoque
614 880 758 914 Odoardo
774 879 845 912 duci
870 890 906 912 ea
926 890 1006 923 quae

269 934 307 967 ad
332 933 512 967 huiusmodi
542 933 680 966 officium
704 937 860 977 spectant,
884 943 1007 966 necnon

269 987 373 1022 omnia
386 990 415 1021 et
439 987 571 1030 singula,
588 997 667 1030 quae
690 989 829 1020 nostram
854 990 884 1018 et
907 986 1007 1018 dictae

270 1041 425 1074 Ecclesiae
449 1041 631 1083 dignitatem
657 1044 686 1074 et
707 1040 873 1073 utilitatem
898 1039 1008 1083 quovis

270 1094 365 1128 modo
390 1094 457 1138 ipse
480 1094 639 1138 pertinere
668 1098 698 1125 et
730 1094 798 1126 sore
829 1098 1008 1136 opportuna

270 1147 463 1191 cognoverit,
484 1157 626 1190 quaeque
650 1146 702 1178 alii
725 1145 883 1189 quondam
909 1146 1008 1178 dictae

270 1200 427 1234 Ecclesiae
451 1199 655 1232 confalonerii
683 1200 785 1232 facere
817 1204 1005 1242 potuerunt,

270 1254 447 1287 debuerunt
459 1263 514 1285 seu
524 1255 763 1293 consueverunt,
773 1251 916 1292 faciendi,
925 1262 1011 1284 exer-

272 1307 362 1341 cendi
382 1310 411 1341 et
431 1306 603 1346 statuend13

316 1362 331 1405 ἓ
346 1360 376 1393 02.
394 1361 456 1394 Nec
473 1370 537 1393 non
553 1360 584 1392 in
602 1359 816 1393 testimonium
830 1358 1010 1398 huiusmodi

270 1419 397 1448 nostrae
408 1414 638 1448 constitutionis
649 1418 679 1446 et
688 1413 908 1446 declarationis
918 1424 1012 1457 super

272 1467 411 1514 propriis
428 1467 605 1510 insignibus
629 1467 677 1499 vel
701 1466 769 1499 aliis
786 1466 947 1510 quibusvis
967 1476 1013 1499 re-

272 1522 341 1564 bus,
358 1531 480 1554 necnon
496 1520 686 1563 ubicumque
711 1525 741 1552 et
765 1519 1014 1563 quomodocum-

274 1585 335 1619 que
351 1574 384 1607 id
400 1574 458 1606 sibi
475 1573 589 1607 honori
614 1578 644 1606 et
669 1578 855 1606 ornamento
872 1573 1012 1605 futurum

274 1627 508 1667 existimaverit,
517 1631 570 1659 aut
579 1637 777 1670 quacumque
787 1627 879 1659 etiam
893 1626 1014 1659 ratione

274 1680 411 1721 libuerit,
436 1680 593 1713 Ecclesiae
618 1680 720 1712 claves
744 1690 816 1712 cum
840 1679 961 1712 vexillis
985 1685 1015 1712 et

275 1733 467 1768 ornamentis
484 1744 540 1777 per
557 1733 634 1766 alios
651 1732 882 1766 confalonerios
899 1733 1014 1776 gestari

276 1788 393 1828 solitas,
418 1787 577 1831 gestandi,
603 1790 632 1821 et
656 1786 717 1819 illis
742 1786 866 1829 utendi,
891 1787 1014 1830 plenam

277 1847 308 1876 et
326 1842 469 1883 liberam,
494 1840 681 1874 auctoritate
705 1844 735 1874 et
758 1845 867 1873 tenore
891 1841 1016 1884 praedi-

278 1896 345 1937 ctis,
362 1895 465 1929 eidem
489 1895 667 1928 facultatem
692 1893 894 1926 concedimus
914 1898 943 1926 et
962 1894 1018 1926 im-

278 1948 443 1993 pertimui:

323 2002 338 2045 ἓ
354 2001 384 2034 3.
401 2000 560 2035 Universis
575 2005 680 2034 autem
697 2005 727 2033 et
743 2000 874 2043 singulis
890 2000 1017 2044 provin-

280 2054 410 2095 ciarum,
435 2054 610 2094 civitatum,
635 2059 803 2095 terrarum,
830 2058 859 2088 et
883 2054 1017 2087 aliorum

280 2108 421 2141 locorum
438 2106 538 2140 dictae
557 2107 716 2140 Romanae
740 2106 897 2140 Ecclesiae
914 2107 1018 2140 subie-

281 2164 404 2195 ctorum
423 2160 683 2204 praesidentibus,
700 2171 822 2193 necnon
846 2160 1018 2193 baronibus

281 2220 311 2248 et
345 2214 609 2258 gubernatoribus
623 2241 630 2254 ,
662 2224 861 2258 quocumque
892 2214 1019 2247 nomine

280 2267 480 2312 nuncupatis,
501 2268 705 2311 ipsorumque
722 2268 865 2300 locorum
883 2278 1020 2300 commu-

281 2321 440 2361 nitatibus,
466 2320 729 2359 universitatibus,
754 2330 876 2353 necnon
904 2321 1019 2353 nostris

282 2379 312 2408 et
335 2374 436 2408 dictae
460 2374 617 2407 Ecclesiae
634 2373 795 2417 stipendiis
816 2373 1020 2406 militantibus

282 2429 424 2469 ducibus,
441 2434 471 2461 et
495 2428 628 2462 militum
646 2427 789 2467 tribunis,
806 2438 841 2459 ac
858 2427 1020 2470 copiarum

281 2483 457 2529 praesectis,
482 2493 518 2516 ac
541 2481 709 2527 praedictis
732 2481 914 2522 baronibus,
929 2486 1022 2524 atque

283 2537 370 2578 aliis,
395 2537 434 2569 ad
457 2547 536 2580 quos
567 2536 596 2568 id
629 2534 738 2578 quovis
770 2534 863 2567 modo
887 2539 1022 2577 spectat,

285 2590 424 2623 districte
434 2589 655 2634 praecipiendo
666 2588 860 2628 mandamus,
878 2593 910 2620 ut
921 2589 1021 2631 ipsum

286 2642 464 2677 Odoardum
488 2643 600 2676 ducem
617 2642 655 2674 ad
676 2641 855 2674 huiusmodi
873 2641 1021 2680 officium,

287 2696 372 2731 omni
395 2699 485 2731 mora
508 2700 539 2731 et
561 2695 756 2730 recusatione
775 2695 959 2740 postposita,
976 2704 1023 2727 re-

1681 287 1744 322 703
1790 297 1837 325 An.
1851 297 1879 324 c.
1904 296 1970 324 1622

1035 349 1150 393 cipiunt
1169 354 1198 381 et
1222 348 1396 389 admittant,
1412 348 1503 391 eique
1529 347 1557 380 in
1575 346 1622 387 iis,
1639 357 1718 390 quae
1735 346 1773 378 ad

1036 402 1117 435 idem
1135 412 1248 434 munus
1262 401 1427 444 pertinent,
1446 405 1575 444 pareant
1592 404 1684 442 atque
1704 399 1775 432 obc-

1036 455 1131 494 diant,
1145 465 1179 487 ac
1201 454 1231 486 in
1252 454 1397 487 omnibus
1414 454 1536 486 faveant
1552 458 1582 485 et
1599 452 1750 486 assistant.

1081 508 1095 549 ξ
1120 507 1148 539 4.
1175 508 1325 539 Volumus
1349 511 1464 547 autem,
1493 510 1526 539 ut
1550 506 1631 538 idem
1656 505 1775 539 Odoar-
1833 519 1973 548 tui-amentum

1037 560 1095 593 dus
1108 560 1179 601 dux,
1190 560 1375 604 priusquam
1390 558 1774 601 officiotmiusmodifungi
1789 546 1897 593 bifflffiff
1913 545 1974 598 prfo'ff

1038 613 1176 656 incipiat,
1194 613 1231 645 dc
1252 613 1304 645 illo
1331 612 1464 645 fideliter
1488 612 1671 652 exercendo,
1689 621 1724 645 ac
1738 611 1776 644 de
1790 599 1894 620 ⁵¹³¹¹d⁰¹¹²⁸

1039 665 1215 698 obedientia
1233 671 1263 698 et
1282 665 1342 698 side
1360 666 1464 698 debita
1482 676 1556 708 erga
1579 675 1635 698 nos
1656 669 1686 697 et
1707 675 1777 698 suc-

1039 730 1180 753 cessores
1195 723 1319 753 nostros
1333 721 1489 753 Romanos
1500 718 1667 752 Pontifices
1684 723 1778 761 atque

1040 773 1210 806 Ecclesiam
1236 773 1429 816 praedictam
1455 771 1617 811 servanda,
1636 772 1667 804 in
1684 771 1779 804 mani-

1039 826 1098 858 bus
1114 826 1241 866 nostris,
1263 837 1318 858 seu
1338 825 1441 858 dilecti
1459 825 1514 857 filii
1533 824 1682 857 Ludovici
1700 823 1779 857 tituli

1040 885 1164 912 sanctae
1188 879 1302 912 Mariae
1332 877 1576 922 Transpontinae
1606 876 1781 921 presbyteri

1041 933 1208 966 cardinalis
1233 933 1391 965 Ludovisii
1415 931 1596 976 nuncupati,
1614 931 1713 965 nostri
1738 941 1782 964 se-

1042 988 1177 1020 cundum
1208 997 1333 1020 carnem
1363 997 1398 1019 ex
1431 987 1527 1018 fratre
1552 995 1703 1028 germano
1727 995 1781 1018 ne-

1042 1040 1134 1084 potis,
1152 1040 1180 1073 S.
1199 1041 1232 1073 R.
1249 1040 1281 1072 E.
1300 1039 1476 1080 camerarii,
1490 1039 1554 1071 sive
1566 1038 1694 1071 alterius
1710 1049 1782 1081 per-

1043 1105 1135 1127 sonae
1160 1094 1198 1126 ab
1223 1105 1260 1126 eo
1285 1093 1490 1137 deputandae,
1516 1093 1548 1125 in
1571 1094 1673 1125 forma
1691 1092 1781 1125 solita

1042 1152 1179 1190 praestet
1192 1147 1412 1179 iuramentum.

1088 1200 1102 1243 ξ
1127 1199 1156 1233 5.
1181 1200 1326 1232 Ceterum
1351 1199 1495 1231 eumdem
1521 1198 1700 1232 Odoardum
1725 1198 1782 1231 du-
1863 1210 1980 1231 Admonuit·

1044 1263 1111 1285 cem
1125 1264 1181 1296 per
1201 1258 1381 1296 praesentes
1395 1263 1571 1292 monemus,
1588 1258 1617 1285 et
1634 1252 1665 1284 in
1682 1251 1784 1285 Domi·
1798 1237 1982 1286 ffiussssffiss‘ffl'd‘*

1044 1317 1084 1339 no
1098 1307 1273 1346 hortamur,
1284 1311 1316 1338 ut
1335 1307 1394 1339 hoc
1412 1316 1526 1339 munus
1539 1306 1577 1338 ad
1591 1306 1645 1338 Dei
1660 1305 1783 1338 laudem

1045 1365 1075 1393 et
1091 1360 1234 1402 gloriam,
1252 1370 1288 1392 ac
1308 1365 1448 1392 nostram
1466 1365 1495 1391 et
1520 1359 1660 1392 ciusdem
1684 1360 1787 1392 Eccle-

1046 1415 1109 1447 siae
1134 1414 1318 1457 dignitatem
1335 1419 1365 1446 et
1391 1413 1555 1447 utilitatem
1580 1418 1665 1445 tanto
1684 1412 1786 1445 studio

1046 1467 1259 1507 administret,
1285 1472 1319 1500 ut
1348 1477 1405 1500 nos
1435 1467 1528 1499 huius
1552 1466 1788 1500 deliberationis

1046 1531 1206 1564 nunquam
1227 1520 1395 1564 poeniteat,
1409 1523 1439 1553 et
1451 1525 1635 1564 conceptam
1650 1520 1688 1552 de
1705 1519 1788 1552 illius

1046 1575 1160 1606 virtute
1181 1573 1431 1617 expectationem
1453 1573 1551 1616 optati
1572 1573 1693 1606 fructus
1718 1583 1788 1606 con-

1047 1632 1227 1671 sequantur.

1092 1682 1107 1724 {3
1131 1680 1159 1713 6.
1185 1680 1268 1713 Nulli
1292 1690 1369 1722 ergo
1399 1679 1527 1712 omnino
1557 1679 1722 1712 hominum
1752 1680 1787 1712 li-

1049 1740 1115 1768 ceat
1129 1735 1209 1767 lianc
1234 1733 1379 1777 paginam
1398 1737 1579 1767 nostrorum
1597 1733 1790 1767 constitutio-

1048 1788 1107 1828 nis,
1121 1786 1352 1827 declarationis,
1370 1786 1599 1829 assignationis,
1617 1786 1791 1819 concessio-

1049 1841 1108 1881 nis,
1134 1840 1366 1883 impartitionis,
1391 1839 1544 1879 mandati,
1570 1844 1600 1871 et
1624 1839 1791 1872 voluntatis

1050 1895 1232 1938 infringere,
1245 1894 1293 1926 vel
1307 1894 1335 1926 ei
1349 1904 1426 1926 ausu
1440 1892 1609 1926 temerario
1623 1893 1790 1933 contraire3

1051 1949 1075 1982 si
1100 1949 1169 1992 quis
1194 1953 1298 1980 autem
1319 1948 1379 1980 hoc
1404 1950 1556 1980 attentare
1573 1957 1792 1991 praesumpse-

1050 2002 1108 2043 rit,
1139 2001 1386 2044 indignationem
1418 2000 1643 2044 omnipotentis
1674 2000 1728 2033 Dei
1755 2011 1791 2033 ac

1050 2057 1214 2090 beatorum
1232 2055 1315 2088 Petri
1340 2061 1369 2088 et
1384 2055 1470 2088 Pauli
1493 2055 1708 2099 apostolorum
1726 2055 1791 2088 eius

1052 2121 1083 2143 se
1100 2109 1222 2143 noverit
1235 2109 1446 2142 incursurum.

1096 2164 1207 2197 Datum
1232 2164 1366 2203 Romae,
1392 2161 1475 2206 apud
1500 2166 1638 2195 sanctam
1664 2161 1791 2194 Mariam

1052 2218 1222 2259 Maiorem,
1247 2227 1328 2250 anno
1358 2216 1585 2249 lnearnationis
1610 2216 1792 2249 Dominicae

1052 2281 1193 2311 nnexxn,
1208 2271 1316 2314 quinto
1336 2270 1485 2303 kalendas
1502 2270 1579 2313 iulii,
1593 2268 1793 2313 pontificatus

1052 2325 1152 2358 nostri
1176 2334 1257 2357 anno
1282 2334 1313 2356 11.

1089 2388 1147 2414 Dat.
1165 2387 1209 2413 die
1224 2387 1256 2412 27
1278 2385 1342 2412 iunii
1362 2385 1441 2419 16⁹22,
1459 2384 1553 2420 pontif.
1573 2392 1617 2411 an.
1635 2390 1664 2411 11.

1857 2471 1928 2498 Papae
1943 2470 1991 2492 sub-

1200 2455 1250 2506 ᾖ
1275 2456 1360 2492 EGO
1388 2455 1639 2492 GREGORIUS
1807 2498 1896 2524 “ripun

1055 2529 1292 2554 CATHOLlCAE
1327 2528 1536 2552 ECCLESIAE
1571 2527 1791 2551 EPISCOPUS.

1126 2579 1234 2612 Persice
1253 2586 1361 2612 yressus
1383 2585 1455 2604 meos
1476 2578 1504 2603 in
1524 2577 1635 2604 semitis
1655 2576 1720 2603 tuis.

1830 1691 1948 1713 fllausulaei

1054 2644 1077 2681 †
1102 2640 1167 2682 Ego
1191 2640 1342 2672 Antonius
1366 2639 1532 2672 cardinalis
1552 2639 1684 2678 Saulius,
1707 2638 1794 2671 deca-

1143 2704 1211 2727 nus.

1841 2655 1992 2675 -Cardinatium

1807 2682 1980 2708 subscriptiones.
