2293 3231
74 305 126 334 An.
143 305 170 333 C.
191 303 258 332 1622

143 367 258 388 Contrariis

75 395 169 422 derogat.

115 474 258 500 'transumptis

75 501 134 524 credi
148 501 213 523 iuuet.

108 1806 250 1828 Prooemium.

111 2288 191 2310 Eleetio
200 2288 221 2307 et
229 2285 268 2316 de-

85 2315 167 2342 putatio
206 2318 269 2341 miny-

67 2362 72 2365 ,
86 2341 124 2363 stri
164 2340 267 2369 generatis

65 2378 73 2386 ν
86 2392 91 2398 ,
150 2370 212 2389 atuor
221 2371 268 2387 cius

63 2406 73 2422 χ
82 2399 124 2416 »mc
133 2400 191 2416 orum
229 2398 266 2419 pro

76 2421 186 2448 'regimine
217 2420 268 2440 Con-

77 2448 213 2475 agragantinis
227 2447 269 2467 cle-

58 2495 62 2497 *
76 2474 177 2496 ¹riom-um
189 2479 269 2503 paupef

87 2507 132 2522 rum
143 2501 215 2522 matris
230 2500 268 2521 Dei

68 2551 70 2556 ,
87 2527 211 2550 scholarum
220 2527 269 2548 Pia-

88 2559 140 2576 rum.

854 304 1036 329 caecemus
1061 305 1102 328 xv
1128 305 1174 328 1‘1‘.

316 352 331 396 ἓ
355 351 384 385 3.
403 351 435 384 In
452 353 644 385 contrarium
663 352 846 386 facientibus
870 364 931 386 non
956 353 1011 386 ob·
1029 355 1031 360 ‘

274 406 425 440 stantibus
449 406 709 450 quibuscumque.

319 459 334 502 §
358 458 387 491 4.
414 459 563 492 Volumus
595 465 715 500 autem,
740 465 773 492 ut
798 459 1010 504 praesentium

275 513 488 556 transumptis,
512 513 604 545 etiam
630 513 809 557 impressis,
834 524 927 545 manu
956 512 1012 545 ali-

275 565 363 598 cuius
380 566 493 599 notarii
514 566 633 610 publici
650 567 846 610 subscriptis,
864 571 891 600 el
910 566 1011 609 sigillo

273 629 426 662 personae
443 619 474 651 in
498 619 647 661 dignitate
667 619 876 652 ecclesiastica
897 619 1012 652 cousti-

277 676 380 712 tutae,
405 671 553 712 munitis‚
578 672 686 704 eadem
717 683 847 716 prorsus
878 671 955 704 tides
983 671 1012 703 iu

276 724 392 758 iudicio
409 729 438 757 et
454 729 541 757 extra
558 725 752 765 adhibeatur,
770 736 848 768 quae
870 735 1014 768 praesen-

278 778 360 812 tibus
384 778 598 819 adhiberetur,
623 779 647 811 si
669 779 769 811 forent
793 778 949 811 exhibitae
967 780 1013 811 rel

276 837 427 866 ostensae.

310 886 421 920 Datum
442 886 576 926 Rornae,
601 886 683 930 apud
707 890 848 918 sanetum
870 886 1013 925 Petrum,

277 939 334 973 suh
370 940 485 972 annulo
513 939 695 979 Piscatoris,
719 939 769 971 die
798 948 875 971 xxm
908 938 1015 982 aprilis

277 1003 418 1033 nmxxn,
434 992 634 1036 pontificatus
658 992 758 1025 nostri
775 1003 856 1025 anno
873 1002 904 1024 11.

312 1055 369 1083 Dat.
391 1055 434 1083 die
450 1055 484 1082 23
499 1055 593 1090 aprilis
609 1055 686 1087 1622,
704 1055 798 1090 pontif.
814 1063 858 1082 an.
875 1061 902 1081 ιι.

596 1171 695 1203 LVIII.

277 1243 398 1276 Electio
415 1246 444 1275 et
469 1242 635 1286 deputatio
651 1242 783 1286 Iosephi
799 1252 818 1274 a
836 1242 940 1275 Matre
956 1242 1016 1274 Dei

321 1297 355 1330 in
369 1296 561 1330 ministrum
575 1296 757 1340 yeneralem
773 1296 869 1328 totius
884 1296 1018 1338 Conqre-

320 1350 464 1395 qatiom’s
489 1350 687 1384 Clericorum
711 1349 916 1392 reyttlctrinm
934 1359 1017 1391 pctu-

320 1415 435 1449 perum
451 1404 568 1437 Matris
584 1404 641 1436 Dei
653 1403 847 1436 Selzolarum
865 1403 1016 1438 Piorum,

321 1456 380 1499 qui
396 1456 464 1488 unci
479 1465 552 1487 cum
568 1459 709 1498 quatuor
721 1453 771 1486 liic
784 1454 952 1496 descriptis
969 1464 1017 1485 so-

320 1509 379 1542 ciis
392 1519 496 1541 vocem
513 1509 628 1541 habeat
646 1508 785 1540 activam
799 1511 826 1540 et
838 1507 1013 1550 passivum,

323 1566 487 1606 totumque
512 1572 625 1605 corpus
642 1561 811 1604 reliqe'onis
836 1560 879 1592 cut
902 1571 1018 1593 noven-

322 1616 414 1649 nium
436 1619 527 1658 reqat
540 1614 560 1647 ¹.

484 1686 641 1721 Gregorius
661 1686 739 1719 Papa
758 1686 813 1719 XV,

399 1732 436 1760 ad
455 1735 630 1766 perpetuam
647 1732 692 1759 rei
711 1730 896 1758 memoriam.

325 1794 494 1839 Apostolici
524 1794 665 1827 muneris
697 1793 889 1833 sollicitudo,
914 1793 1018 1825 divina

282 1847 530 1893 dispensatione,
556 1847 642 1880 nullo
666 1847 737 1879 licet
763 1846 875 1879 merito
899 1851 1017 1885 nostro,

282 1901 373 1935 nohis
397 1901 553 1945 imposita,
577 1901 723 1944 postulat,
740 1905 775 1933 ut
795 1900 878 1933 circa
903 1904 1017 1932 statum

282 1955 502 1998 religiosarum
526 1965 733 1999 personarum
750 1954 962 1998 quarumlibet
975 1953 1019 1986 in-

283 2007 457 2050 vigilantes,
473 2008 512 2040 ad
535 2019 581 2049 ea,
597 2019 655 2052 per
673 2018 753 2051 quae
769 2007 935 2050 religiosae
952 2017 1019 2050 per-

283 2071 375 2095 sonae
393 2061 573 2094 huiusmodi
604 2061 636 2094 in
663 2061 812 2094 laudabili
837 2071 945 2093 earum
972 2060 1019 2093 in-

283 2115 389 2149 stituto
412 2126 614 2160 perseverare
638 2115 769 2155 valeant,
793 2114 901 2147 sedulo
924 2114 1020 2147 inten—

283 2169 415 2209 damus,
450 2173 545 2212 prout
575 2168 786 2212 conspicimus
822 2169 853 2201 in
885 2168 1019 2201 Domino

283 2222 450 2255 salubriter
475 2221 632 2265 expedire.

327 2277 342 2320 ἕ
366 2276 396 2309 sl.
424 2275 503 2309 llinc
523 2280 570 2308 est
587 2275 670 2319 quod
689 2285 756 2316 nos,
775 2285 938 2319 prospero,
956 2274 1021 2307 feli-

283 2329 375 2374 cique
399 2329 586 2362 dilectorum
610 2329 749 2362 filiorum
769 2328 957 2361 clericorum
974 2338 1021 2361 re-

282 2383 440 2427 gularium
452 2383 706 2426 congregationis
723 2383 900 2426 Pauperum
916 2382 1021 2414 Matris

282 2438 337 2471 Dei
361 2437 546 2472 Scholarum
564 2437 689 2469 Piarum
707 2436 744 2469 de
762 2436 844 2469 Urbe
864 2435 1020 2478 regimini,

283 2495 435 2535 quantum
459 2501 531 2524 cum
555 2490 687 2524 Domino
711 2500 888 2534 possumus,
913 2499 1023 2522 consu-

284 2545 360 2586 lere,
384 2544 574 2588 eosdemque
589 2545 720 2578 clericos
740 2544 927 2588 specialibus
941 2544 1023 2576 favo-

319 2625 333 2651 1
350 2625 390 2651 De
404 2624 456 2651 ista
466 2624 691 2660 Congregatfflne,
705 2627 731 2651 et
745 2627 799 2651 toto
811 2624 868 2651 eius
879 2627 949 2650 statu
963 2623 1023 2650 vide

284 2669 312 2696 in
327 2670 418 2696 Const.
433 2675 498 2705 xm,
513 2669 548 2696 In
563 2678 706 2705 supremo,
723 2678 783 2706 sup.
800 2678 861 2705 pag.
877 2669 928 2696 6⁰27
945 2669 1024 2696 huius

285 2715 359 2742 tomi.

1688 291 1750 325 687
1799 301 1892 328 Amo.
1913 301 1979 329 ¹622

1046 353 1131 385 ribus
1164 357 1192 386 et
1228 352 1337 394 gratiis
1373 350 1520 395 prosequi
1560 350 1720 389 volentes,
1753 354 1783 382 et

1045 418 1153 439 ‹1¹0ruiu
1191 406 1365 448 singulares
1403 414 1551 448 personas
1579 415 1595 436 a
1623 403 1783 447 quibusvis

1029 459 1388 499 =excommunicationis,
1414 457 1627 501 suspensionis
1647 462 1675 489 ct
1693 457 1784 489 inter-

1045 514 1129 553 dicti,
1145 514 1275 556 aliisque
1293 512 1510 545 ecclesiasticis
1529 511 1700 551 sententiis,
1715 521 1784 543 cen-

1047 567 1127 599 suris
1151 572 1181 598 et
1210 566 1338 609 poenis,
1363 577 1380 598 a
1411 566 1479 598 iure
1512 565 1558 597 vel
1583 565 1621 597 ab
1647 564 1783 604 homine,

1046 620 1155 663 quaris
1171 619 1335 652 occasione
1355 620 1400 651 rel
1422 621 1514 651 causa
1529 618 1608 657 latis,
1626 618 1651 650 si
1671 618 1784 661 quibus

1047 673 1283 716 quomodolibet
1310 672 1474 705 innodatae
1495 672 1640 711 cxfflunt,
1658 671 1695 703 ad
1716 671 1785 704 elle-

1047 731 1130 759 ctum
1155 727 1367 770 praesentium
1401 726 1559 758 duu‘itaxat
1591 735 1785 768 consequen-

1047 780 1132 821 dum,
1146 780 1258 812 haruin
1273 779 1352 812 serie
1365 779 1561 811 absolventes
1581 781 1610 811 ct
1629 778 1786 810 absolutas

1047 833 1113 865 fore
1143 837 1321 873 censentes,
1347 830 1627 875 supplicationibus
1660 831 1786 863 illorum

1048 886 1174 918 nomine
1199 886 1289 918 uobis
1314 896 1410 929 super
1435 886 1494 918 hoc
1524 884 1683 916 humiliter
1711 894 1786 927 por-

1048 939 1142 971 rectis
1169 939 1316 979 inclinati,
1337 939 1375 971 de
1400 938 1627 971 venerabilium
1652 938 1786 970 fratrum

1049 999 1230 1026 nostrorum
1255 993 1283 1025 S.
1302 994 1335 1025 R.
1358 993 1391 1025 E.
1416 992 1622 1025 cardinalium
1648 991 1787 1033 negociis

1049 1047 1242 1089 regularium
1266 1046 1521 1090 praepositorum
1547 1045 1688 1085 consilio,
1713 1045 1788 1077 dile-

1049 1105 1133 1132 ctum
1158 1100 1258 1132 tilium
1284 1100 1450 1142 Iosephum
1476 1110 1493 1131 a
1515 1100 1611 1132 Matre
1627 1099 1691 1135 Dei,
1709 1098 1788 1130 eius-

1050 1152 1121 1184 dem
1145 1152 1402 1195 Cougregationis
1426 1152 1587 1191 clericum,
1609 1151 1788 1183 ministrum

1050 1206 1228 1247 generalem
1254 1205 1350 1248 Ipsius
1375 1205 1632 1247 Congregatiouis
1664 1204 1702 1237 ad
1732 1215 1788 1237 no-

1051 1258 1199 1291 vennium
1223 1263 1355 1297 tantum,
1381 1259 1434 1301 qui
1460 1269 1532 1290 cum
1557 1258 1678 1290 dilectis
1696 1258 1788 1290 etiam

1050 1312 1122 1344 liliis
1153 1313 1244 1345 Petro
1269 1324 1287 1344 a
1310 1312 1492 1352 Nativitate‚
1519 1312 1647 1344 Yiviano
1673 1312 1710 1344 ab
1739 1313 1791 1344 As-

1050 1367 1238 1410 sumptioue,
1264 1367 1284 1398 F
1288 1367 1431 1399 rancisco
1455 1377 1473 1398 a
1497 1366 1727 1405 Purificatione
1755 1377 1790 1399 ac

1051 1421 1145 1453 Paulo
1171 1422 1209 1453 ab
1234 1421 1467 1464 Assumptione,
1491 1420 1591 1453 dictae
1615 1420 1792 1463 Congrega-

1052 1475 1143 1508 tionis
1166 1475 1284 1518 pariter
1309 1474 1431 1507 clericis
1460 1474 1553 1506 sociis
1579 1474 1654 1514 suis,
1682 1485 1791 1507 vocem

1050 1528 1181 1561 actii-am
1215 1533 1244 1560 ct
1273 1527 1428 1571 passivam
1460 1527 1593 1567 habeat,
1619 1537 1655 1559 ac
1675 1537 1791 1570 corpus

1051 1581 1214 1623 religionis
1233 1585 1465 1624 repraesentet,
1490 1580 1663 1624 apostolica
1687 1585 1792 1613 aucto-

1051 1634 1152 1674 ritate,
1178 1639 1286 1665 tenore
1309 1633 1534 1676 praesentium,
1559 1633 1700 1673 facimus,
1721 1643 1792 1665 con-

1051 1688 1209 1720 stituimus
1230 1693 1259 1719 et
1283 1687 1479 1730 deputamus.

1096 1741 1110 1783 g
1134 1740 1163 1772 02.
1189 1741 1251 1773 Nee
1276 1737 1337 1772 nbn
1365 1740 1466 1772 eidem
1492 1739 1645 1783 Iosepho,
1671 1744 1704 1771 ut
1730 1745 1791 1771 tam
1841 1763 1870 1782 Ac
1885 1762 1992 1783 saeuum

1052 1794 1119 1837 ipse
1140 1804 1234 1837 quam
1259 1793 1305 1825 sui
1331 1793 1406 1826 socii
1436 1792 1588 1836 praedicti
1618 1797 1686 1825 rota
1714 1792 1791 1825 sole·
1806 1789 1991 1840 ᾗῖζξῇῗῇζῗόωᾞῗ

1052 1848 1136 1880 mnia
1157 1847 1188 1879 in
1215 1847 1358 1879 manibus
1382 1847 1513 1879 alicuius
1540 1846 1669 1890 praelati
1697 1846 1792 1879 eccle·
1808 1842 1869 1889 {522}ss
1894 1843 1992 1889 ᾝξξωζζ

1052 1901 1181 1940 siastici⁷
1199 1912 1310 1933 eorum
1331 1900 1461 1933 arbitrio
1479 1900 1624 1942 eligendi,
1649 1900 1792 1932 emittere
1807 1894 1904 1921 ¹³¹³³¹³²³·

1052 1955 1150 1987 libere
1179 1959 1209 1986 et
1233 1954 1317 1986 licite
1340 1954 1471 1994 valeant,
1489 1953 1673 1986 auctoritate
1697 1957 1726 1987 et
1750 1958 1792 1985 te-

1052 2016 1129 2039 nore
1164 2004 1350 2049 praedictis,
1377 2004 1535 2037 licentiam
1559 2009 1589 2037 et
1613 2004 1792 2037 facultatem

1053 2059 1255 2093 concedimus
1273 2062 1302 2092 ct
1319 2057 1526 2102 impertimur.

1096 2114 1111 2157 ξ
1136 2112 1164 2146 3.
1183 2113 1392 2145 Decernentes
1408 2116 1588 2156 praesentes
1604 2111 1725 2145 litteras
1746 2122 1793 2144 ra·
1881 2134 1992 2155 eumue

1054 2167 1141 2207 lidas,
1165 2167 1272 2199 firmas
1297 2171 1327 2198 et
1349 2166 1490 2199 efficaces
1515 2166 1647 2199 existere
1664 2171 1694 2198 et
1714 2166 1792 2206 fore,
1807 2162 1990 2188 9¹²⁰⁵²“‘³¹¹¹'³²·

1053 2232 1189 2265 suosque
1205 2220 1362 2265 plenarios
1378 2226 1407 2253 et
1425 2220 1564 2263 integros
1580 2220 1709 2253 effectus
1727 2231 1792 2253 sor-

1055 2275 1104 2308 tiri
1128 2279 1158 2308 et
1183 2275 1335 2314 obtinere,
1360 2284 1396 2307 ac
1421 2274 1553 2317 Iosepho
1570 2278 1598 2306 et
1620 2273 1688 2305 aliis
1705 2283 1792 2316 prae-

1053 2328 1142 2362 dictis
1173 2327 1204 2359 in
1232 2327 1379 2360 omnibus
1410 2332 1441 2359 et
1471 2337 1529 2371 per
1553 2326 1658 2359 onmia
1682 2325 1795 2370 plenis-

1054 2382 1131 2415 sime
1150 2381 1327 2423 suffragari3

1098 2436 1113 2478 ἓ
1136 2435 1165 2467 4.
1191 2435 1382 2477 Irritumque
1407 2438 1437 2466 et
1460 2433 1561 2474 inane,
1587 2434 1612 2466 si
1638 2443 1727 2466 secus
1747 2444 1795 2466 su·
1836 2454 1947 2475 „mmm
1966 2454 1994 2474 if,

1054 2500 1110 2533 per
1135 2489 1183 2521 his
1208 2498 1225 2520 a
1249 2498 1405 2531 quoquam
1420 2514 1427 2527 ‚
1458 2487 1565 2531 quavis
1598 2487 1793 2528 auctoritate,
1808 2481 1882 2503 'um'

1055 2543 1189 2576 scienter
1213 2542 1261 2575 vel
1285 2542 1477 2584 ignoranter,
1506 2541 1673 2583 contigerit
1696 2544 1794 2574 atten-

1056 2597 1124 2629 tari.

1100 2651 1114 2693 §
1138 2649 1167 2682 5.
1192 2649 1261 2682 Non
1285 2648 1480 2682 obstantibus
1497 2647 1688 2691 apostolicis,
1707 2658 1742 2680 ac
1761 2647 1792 2679 in

1055 2702 1293 2743 imiveisalibus,
1317 2701 1624 2747 provincialibusque
1648 2707 1678 2734 et
1703 2711 1794 2746 syno-

1840 2665 1845 2668 '
1878 2667 1993 2697 Derogatio

1809 2696 1971 2715 contrariorum.
