2293 3231
845 260 942 287 mnu
968 260 1164 287 nenmcmuu
1661 250 1720 284 871

328 316 531 362 presbyteros
557 314 720 349 seculares
741 314 772 347 in
798 314 914 358 oppido
939 314 977 348 de

329 369 493 404 Vlllanova
519 371 761 409 commorantes,
787 367 860 401 4523.

240 421 412 457 cccxxii.
430 421 625 456 Beatincauo
643 419 835 454 xeuerabilis
854 419 978 453 Franci-

329 476 374 508 sci
389 474 517 508 Xaverii
533 472 706 506 sacerdotis
720 472 884 504 societatis
899 470 978 512 lesu,

329 537 400 561 eum
425 528 573 561 facultate
603 525 757 559 recitandi
784 526 922 557 osticium
943 533 979 557 ae

331 580 513 614 celebrandi
532 576 658 613 missam
674 579 712 611 de
730 579 888 611 communi
902 576 980 610 Con-

332 634 458 666 sessoris
483 643 544 666 non
562 632 722 665 Pontiticis
740 632 907 675 quotannis
928 630 979 663 die

331 687 472 720 secunda
489 685 678 726 decembris,
710 685 777 718 454.

244 739 424 773 CCCXXIII.
437 739 655 773 Ferdiuandus
670 741 839 782 imperator
847 746 981 770 accnsu-

331 795 373 826 ris
405 793 443 826 ad
483 793 637 826 cautelam
672 801 743 824 cum
775 789 981 833 complicibus

332 845 506 879 absolvitur
531 845 570 878 ob
596 844 785 878 amotionem
813 842 982 876 cardinalis

335 899 458 933 Cleselii
485 899 524 933 ab
549 901 619 932 aula
644 907 802 936 caesarea,
832 897 904 930 455.

247 952 427 986 (ICCXXIV.
446 953 567 987 Nuncio
590 951 759 995 apostolico
786 953 814 983 in
836 950 982 984 Poloniae

336 1016 433 1049 regno
455 1005 659 1040 committitur
675 1003 911 1037 dismembratio
929 1003 983 1036 de-

334 1061 487 1093 eimarum
506 1059 749 1102 manipularium
766 1057 983 1100 praefecturae

335 1113 514 1146 Lomzensis
540 1121 557 1145 a
582 1109 689 1144 mensa
721 1109 895 1153 episcopali
913 1108 983 1141 Plo-

335 1165 433 1206 eensi‚
452 1173 625 1207 earumque
653 1165 725 1196 unio
746 1171 874 1196 mensae
897 1163 984 1205 capi-

335 1217 426 1250 tulari
457 1227 513 1261 pro
545 1216 802 1249 distributionum
828 1215 984 1259 quotidia-

336 1279 447 1304 narum
472 1273 652 1313 augmento,
682 1270 754 1302 456.

245 1323 411 1357 CCCXXV.
423 1323 573 1357 Decimae
589 1334 645 1356 sex
660 1333 756 1366 super
770 1321 915 1356 omuibus
930 1323 987 1355 t‘ru-

334 1376 436 1411 etibus
468 1381 498 1410 et
528 1375 734 1421 pensionibus
765 1377 987 1409 ecclesiasticis

335 1430 444 1465 ltaliae
471 1432 685 1474 imponuntur,
714 1431 786 1463 4359.

247 1483 600 1527 CCCXXVIExemptio
611 1483 794 1517 monasterii
805 1482 988 1516 monialium

334 1537 603 1572 Discaleeatarum
628 1536 758 1572 Ordinis
783 1537 896 1570 Beatae
920 1536 985 1570 Ma-

337 1592 403 1625 riae
433 1591 473 1624 de
500 1590 603 1624 Monte
633 1590 775 1624 Car-melo
804 1590 985 1623 Bisuntinae

337 1645 492 1679 dioecesis
518 1644 627 1688 oppidi
648 1645 687 1677 dc.
710 1644 804 1688 Licge
821 1653 838 1677 a
862 1653 936 1677 eura
957 1648 987 1677 et

337 1700 368 1732 et
390 1697 546 1742 gubernio
564 1697 796 1741 archiepIseopi
821 1697 985 1739 Bisuntini‚

339 1761 375 1786 ae
399 1752 606 1795 superiorum,
633 1755 663 1784 et
688 1751 817 1785 fratrum
843 1750 989 1784 Carmeli-

337 1809 449 1847 tarum‚
462 1808 492 1838 et
504 1804 658 1839 subiectio
673 1813 767 1838 curae
779 1804 988 1849 quorumdam

340 1858 600 1903 presbyterorum
624 1858 664 1892 ad
689 1857 868 1892 huiusmodi
886 1867 990 1891 mona-

339 1914 506 1946 steriorum
521 1913 663 1956 regimen
678 1921 694 1945 a
713 1911 794 1945 Sede
809 1910 988 1955 Apostoliea

341 1966 572 2010 deputatorum,
600 1966 674 1999 464.

252 2019 445 2054 cccxxvll.
470 2019 622 2053 Extensio
642 2019 857 2052 concessionis
877 2016 989 2051 indulti

341 2083 402 2117 quo
427 2074 619 2117 permittitur
642 2073 768 2106 recitari
796 2071 935 2104 oftieium
960 2072 991 2103 et

342 2126 497 2161 celebrari
511 2128 639 2160 missam
658 2126 689 2159 B.
708 2124 844 2159 Pascalis
861 2124 989 2167 Baylon,

343 2191 398 2225 pro
439 2182 596 2214 universis
631 2179 789 2223 religiosis
826 2180 990 2221 utriusque

344 2245 440 2268 sexus
465 2233 610 2268 eiusdem
630 2233 760 2268 Ordinis
778 2234 808 2265 iu
828 2231 992 2274 Hispania-

343 2299 413 2322 rum
443 2290 550 2331 regnis
579 2291 610 2321 et
634 2297 690 2330 pro
715 2289 826 2320 cuncto
852 2285 936 2318 clero
960 2286 990 2318 iu

343 2341 479 2386 oppidi&
502 2340 556 2374 ubi
581 2340 692 2373 beatus
717 2338 876 2373 Pasclialis
903 2343 993 2372 natus

344 2395 422 2437 suit,
456 2395 506 2428 vel
531 2394 585 2429 ubi
619 2396 687 2428 eius
720 2402 836 2437 corpus
868 2394 993 2436 requie-

343 2451 418 2490 seit,
445 2449 519 2482 466.

256 2502 465 2538 CCCXXVIII.
500 2500 702 2535 Confirmatio
731 2499 894 2532 electionis
921 2497 994 2531 Fer-

345 2556 477 2590 dinandi
499 2555 524 2588 Ii
546 2557 576 2588 in
599 2556 822 2598 imperatorem
843 2552 995 2586 Romano-

346 2619 431 2652 rum,
458 2610 530 2643 467.

257 2661 433 2698 cccxxix.
447 2663 647 2697 Confirmatio
664 2660 919 2695 constitutionum
936 2659 993 2692 sra-

1116 318 1197 349 trum
1218 312 1429 348 Eremitarum
1449 311 1580 349 Ordinis
1592 315 1692 347 sancti
1706 313 1768 348 Au-

1115 367 1231 411 gustini
1244 365 1505 410 Congregationis
1516 365 1768 400 Dicaleeatorum

1119 420 1238 460 ltaliae,
1266 420 1339 453 470.

1030 473 1194 508 CCCXXX.
1213 472 1394 506 Mandatum
1411 472 1652 516 archiepiscopo
1670 471 1768 506 Mexi-

1117 536 1194 560 eano
1208 526 1438 559 caeremoniale
1453 535 1617 559 romanum
1630 524 1769 559 introdu-

1117 578 1209 612 cendi
1234 578 1264 612 in
1289 578 1462 612 cathedrali
1487 581 1518 612 et
1542 578 1681 612 diooeesi
1703 577 1767 612 Me-

1120 632 1242 672 xieanzi,
1272 632 1344 665 471.

1031 686 1215 721 CCCXXXI.
1225 685 1426 719 Fcrdiuando
1441 687 1472 719 in
1486 685 1699 720 Romanorum
1712 687 1769 720 Im-

1120 744 1297 784 peratorem
1322 742 1421 773 eleeto
1440 739 1610 783 primariae
1636 747 1767 784 proces,

1119 803 1176 826 seu
1200 792 1357 826 indultum
1377 792 1561 826 nominandi
1585 792 1624 826 ad
1649 792 1771 827 benefi-

1120 847 1167 879 eia
1182 847 1282 889 primo
1292 849 1451 886 vacatura,
1461 844 1768 885 conceduntur‚472.

1033 897 1236 932 cccxxxii.
1262 898 1415 931 Institutio
1433 898 1560 940 collegii
1584 898 1683 931 saneti
1709 897 1771 931 An-

1123 952 1198 984 tonii
1224 951 1263 984 de
1286 950 1415 984 I'atavio
1437 952 1467 983 in
1488 951 1588 984 insula
1613 950 1771 984 Melevita-

1124 1013 1161 1037 na
1182 1008 1211 1037 et
1225 1004 1317 1037 domo
1329 1004 1464 1047 regulari
1476 1004 1605 1037 fratrum
1617 1003 1772 1038 Minorurn

1123 1058 1379 1091 conventualium
1400 1056 1530 1092 Ordinis
1554 1059 1653 1091 saneti
1678 1057 1773 1092 Fran-

1124 1113 1198 1144 cisci
1216 1121 1272 1154 pro
1297 1110 1496 1144 studentibus
1513 1110 1655 1144 eiusdem
1671 1109 1769 1146 Ordi-

1125 1165 1183 1202 nis,
1203 1163 1274 1196 477.

1037 1216 1251 1250 CCCXXXIII.
1278 1216 1438 1260 impositio
1470 1216 1612 1249 decimae
1642 1218 1672 1249 in
1698 1215 1774 1250 Ger—

1126 1270 1229 1302 mania
1254 1280 1310 1312 pro
1335 1270 1498 1312 religionis
1524 1269 1706 1303 defensione
1736 1269 1774 1303 ab

1127 1322 1273 1355 omnibus
1307 1324 1529 1355 ecclesiasticis
1562 1332 1624 1356 uno
1656 1326 1774 1357 tantum

1129 1385 1210 1410 anno
1228 1376 1471 1420 persolvendae,
1495 1376 1566 1410 478.

1250 1463 1481 1498 GREGORIUS
1506 1464 1567 1496 XV.

1042 1535 1062 1567 l.
1097 1535 1210 1568 Beatus
1248 1534 1385 1568 Isidorus
1416 1535 1554 1578 agricola
1589 1534 1778 1569 Matritensis

1129 1588 1314 1622 Sanctorum
1339 1588 1553 1622 consessorum
1571 1586 1643 1620 albo
1664 1587 1779 1622 adscri-

1129 1640 1223 1681 bitur,
1254 1641 1326 1674 483.

1041 1694 1077 1727 ll.
1104 1693 1273 1737 Privilegia
1298 1698 1328 1728 ct
1352 1693 1473 1728 indulta
1496 1704 1552 1738 pro
1577 1694 1778 1728 conclavistis

1129 1749 1182 1792 qui
1216 1748 1427 1781 interfuerunt
1457 1748 1620 1787 conclavi,
1654 1749 1684 1781 in
1717 1757 1778 1792 quo

1128 1801 1300 1844 Gregorius
1325 1800 1375 1834 XV
1401 1800 1545 1835 Pontifex
1567 1802 1688 1834 electus
1708 1801 1775 1842 fuit,

1131 1855 1202 1888 492.

1041 1907 1092 1941 111.
1118 1907 1251 1941 Indietio
1278 1908 1467 1941 universalis
1492 1906 1621 1940 iubilaei
1642 1907 1681 1941 ad
1699 1907 1781 1940 divi-

1129 1971 1204 1994 num
1228 1960 1382 1994 auxilium
1399 1962 1488 1995 initio
1505 1962 1704 2004 pontificatus
1725 1962 1781 1995 im—

1133 2014 1331 2058 plorandum,
1361 2015 1433 2047 500.

1043 2068 1092 2102 tv.
1117 2068 1318 2102 Confirmatio
1334 2068 1509 2102 litterarum
1526 2068 1697 2102 Clementis
1711 2067 1780 2102 Vlll

1129 2126 1160 2155 et
1178 2122 1266 2155 Pauli
1283 2122 1305 2155 V
1321 2132 1416 2166 super
1430 2123 1596 2165 regimine,
1620 2125 1650 2155 et
1675 2123 1782 2156 visita-

1132 2177 1214 2208 tione
1232 2177 1495 2208 monasteriorum
1521 2176 1706 2208 monialium
1722 2174 1782 2210 Or-

1132 2228 1214 2261 dinis
1244 2228 1482 2262 Carmelitarum
1510 2227 1781 2262 Disealeeatarum

1132 2284 1163 2315 in
1189 2291 1286 2325 regno
1312 2282 1441 2322 Galliac,
1468 2282 1541 2315 303.

1048 2336 1081 2370 V.
1114 2337 1301 2371 Monasteria
1330 2336 1512 2368 monialium
1545 2335 1782 2368 reformatarum

1134 2389 1263 2424 Ordinis
1297 2390 1397 2422 sancti
1428 2387 1589 2422 Benedicti
1621 2389 1652 2421 in
1685 2397 1783 2430 regno

1135 2443 1285 2476 Franciae
1310 2442 1544 2475 committuntur
1568 2450 1663 2474 curae
1679 2441 1782 2475 cardi-

1138 2496 1215 2530 nalis
1233 2495 1272 2529 de
1289 2495 1361 2535 Rcz,
1379 2493 1610 2537 archiepiscopi
1624 2492 1784 2526 Senonen-

1135 2551 1187 2589 sis,
1216 2553 1247 2582 et
1275 2549 1449 2592 superioris
1479 2546 1704 2580 monachorum
1728 2555 1779 2580 re-

1135 2603 1335 2636 formatorum
1361 2601 1503 2634 eiusdem
1531 2599 1661 2636 Ordinis
1685 2602 1783 2634 saneti
1812 2620 1816 2622 -

1135 2655 1315 2696 Benedicti,
1346 2655 1420 2688 507.
