2293 3231
106 290 155 318 An.
172 290 202 318 G.
221 290 289 320 1613

112 1463 246 1486 Cardiualem
259 1465 283 1485 ti-

55 1510 58 1514 ,
99 1491 187 1512 tutat-ern
200 1496 284 1512 earum-

99 1517 146 1538 dem
168 1520 282 1544 exequuto-

25 1575 31 1583 .
46 1546 47 1549 ’
98 1550 142 1566 rom
152 1544 249 1571 deputat.

99 2325 210 2348 Obstantia
219 2326 282 2350 toltit.

945 293 1064 317 PAULUS
1089 293 1108 316 V
1132 293 1179 318 PP.

303 337 499 381 buscumque
524 339 686 372 tenoribus
710 345 739 372 et
765 340 894 379 formis,
922 349 1043 372 necnon

303 390 465 433 quibusvis
483 391 641 431 clausulis,
659 393 752 425 etiam
770 392 1043 435 derogatoriarum

303 443 523 486 derogatoriis,
545 445 675 488 aliisque
700 445 930 478 ‹‘=fficaci01·ibtis
956 451 982 477 ct
1003 445 1045 477 iu-

303 495 543 537 solitis,nccnon
565 498 762 531 irritantibus
779 503 807 530 et
825 497 893 530 aliis
911 497 1044 530 decretis

301 559 361 592 pro
385 554 528 592 tempore
553 550 714 590 emanatis,
735 549 970 592 comprehendi,
991 549 1044 581 sed

303 611 429 645 semper
453 607 483 635 et
503 603 588 635 omni
607 607 746 646 tempore
765 603 803 635 ab
822 602 881 635 illis
899 602 1044 634 omnibus

303 658 332 688 et
356 654 489 697 singulis
521 661 649 699 excepta
681 665 749 688 esse
780 661 810 688 ct.
839 655 978 694 censeri3
1004 659 1043 695 et,

302 707 426 751 quoties
460 708 580 751 aliquas
619 708 793 741 contrarias
822 707 1043 751 dispositiones

303 759 442 793 emanari
467 760 643 803 contigerit,
661 761 751 794 toties
776 760 806 792 in
831 759 996 803 pristinum
1014 765 1043 793 et

303 812 530 846 validissimum
561 817 675 845 statum
700 823 791 846 suum
816 812 965 845 adversus
990 813 1044 845 hu-

302 865 438 898 iusmodi
455 865 629 899 contrarias
646 865 868 909 dispositiones
884 865 1042 898 restitutas

302 924 330 952 et
355 919 496 962 plenarie
520 919 727 962 reintegratas
754 929 789 952 ac
813 919 851 952 de
874 929 955 952 novo
973 929 1044 952 con-

302 983 405 1006 cessas
430 983 499 1006 esse
520 978 547 1006 et
574 973 712 1013 censeri3
737 973 844 1016 sicque
873 983 929 1016 per
952 983 1043 1017 quos·

301 1037 436 1070 cumque
466 1026 586 1059 iudices
610 1026 786 1060 ordinarios
811 1031 839 1059 et
865 1026 1041 1069 delegatos,

301 1079 394 1113 etiam
416 1090 583 1113 causarum
606 1079 714 1124 palatii
737 1079 901 1123 apostolici
925 1079 1043 1112 audito—

300 1142 351 1164 res
375 1131 512 1175 (sublata
535 1132 580 1165 eis
604 1137 633 1165 et
655 1142 765 1165 eorum
790 1132 915 1165 cuilibet
933 1132 1041 1176 quavis

299 1184 390 1218 aliter
403 1184 560 1218 iudicandi
573 1190 603 1218 et
615 1185 843 1229 interpretandi
857 1186 1003 1219 facultate
1012 1191 1042 1219 et

299 1237 508 1281 auctoritate),
526 1237 655 1271 iudicari
676 1243 704 1271 et
720 1238 843 1271 definiri
861 1239 986 1280 debere,
1006 1249 1042 1271 ac

299 1290 424 1323 irritum
442 1295 472 1324 et
488 1291 589 1332 inane,
608 1291 633 1324 si
650 1302 739 1325 secus
756 1303 852 1336 super
868 1292 916 1325 his
933 1303 950 1325 a
966 1304 1043 1336 quo-

298 1353 404 1387 quam,
417 1344 527 1388 quavis
540 1344 735 1385 auctoritate,
746 1345 881 1378 scienter
895 1346 942 1378 rel
956 1345 1041 1388 igno-

298 1401 414 1439 ranter,
435 1398 600 1441 contigerit
627 1399 782 1440 attentari,
801 1399 1007 1433 decernimus.

343 1452 358 1494 ἓ
381 1451 409 1484 7.
434 1451 588 1491 Quocirca
617 1452 719 1485 eidem
743 1453 918 1486 Alexandro
943 1454 1041 1487 cardi-

298 1504 371 1546 nali,
390 1515 426 1538 ac
447 1515 505 1549 pro
528 1510 670 1550 tempore
691 1506 834 1539 existenti
852 1507 949 1540 sancti
966 1508 1040 1541 Lau-

298 1558 390 1591 rentii
416 1558 447 1591 in
471 1558 604 1592 Damaso
628 1559 812 1604 presbytero
836 1561 883 1594 vel
908 1561 1038 1595 diacono

298 1611 458 1652 cardinali,
474 1622 532 1656 per
550 1616 730 1656 praesentes
755 1614 985 1647 committimus
1009 1620 1036 1647 et

297 1664 494 1706 mandamus,
508 1670 662 1709 quatenus
679 1677 736 1710 per
749 1677 780 1699 se
794 1667 841 1700 vel
860 1667 936 1700 alios
953 1679 1040 1712 prae-

297 1723 400 1751 sentes
416 1718 536 1752 litteras
554 1722 583 1753 et
600 1719 632 1752 in
649 1719 693 1752 eis
710 1724 856 1753 contenta
873 1731 1040 1764 quaecum-

297 1782 368 1816 que,
381 1772 435 1805 ubi
453 1778 483 1806 et
499 1773 624 1817 quando
640 1784 720 1817 opus
737 1774 841 1815 fuerit,
856 1775 1038 1808 solemniter

296 1825 470 1870 publicans,
488 1827 614 1860 easdem
631 1827 755 1860 debitae
771 1829 972 1872 exequutioni
989 1829 1039 1863 de-

297 1879 440 1912 mandari
461 1890 496 1913 ac
512 1884 666 1925 perpetuo
683 1881 834 1914 custodiri
852 1883 1038 1917 auctoritate

297 1934 405 1966 nostra
418 1936 506 1967 cruet
522 1937 552 1967 et
567 1933 674 1967 saciat:
689 1934 937 1969 contradictores
947 1947 1038 1981 quos-

297 1985 390 2026 libet,
415 1986 522 2031 eisque
551 1987 703 2020 auxilium
733 1993 763 2021 et
787 1989 964 2031 consilium,
989 1991 1037 2024 vel

297 2039 464 2080 favorem',
487 2040 613 2084 publice
630 2042 677 2074 vel
698 2042 828 2082 occulte,
853 2042 971 2076 directe
988 2044 1035 2077 vel

298 2091 460 2133 indirecte,
484 2094 722 2137 quomodolibet
749 2100 953 2139 praestantes,
979 2107 1036 2141 per

298 2155 447 2179 censuras
463 2146 699 2187 ecclesiasticas,
717 2148 839 2192 aliaque
858 2155 1036 2193 opportuna

297 2199 376 2232 iuris
399 2204 430 2232 et
453 2200 525 2232 facti
550 2200 699 2241 remedia,
724 2202 933 2245 appellatione
956 2209 1037 2248 post-

296 2252 409 2297 posita,
427 2253 666 2296 compescendo.

342 2307 357 2350 g
381 2304 410 2339 8.
428 2307 496 2339 Non
513 2306 709 2339 obstantibus
727 2308 846 2350 regulis
865 2309 981 2342 nostris
997 2309 1036 2342 de

296 2358 466 2392 unionibus
490 2359 723 2392 committendis
747 2359 785 2392 ad
808 2365 924 2403 partes,
944 2372 1035 2395 voca-

296 2411 336 2445 tis
359 2422 496 2456 quorum
520 2412 697 2453 interesset,
714 2423 749 2445 ac
773 2413 811 2445 de
831 2413 1036 2457 exprimendo

297 2465 404 2499 valore
428 2465 521 2499 etiam
546 2466 676 2500 alterius
701 2467 856 2508 beneficii,
874 2468 923 2500 cui
951 2468 1035 2501 aliud

296 2519 380 2553 uniri
403 2525 580 2564 peteretur,
604 2530 639 2553 ac
670 2521 887 2555 Lateranensis
911 2523 1035 2555 concilii

296 2572 465 2606 novissime
476 2573 624 2605 celebrati
637 2573 770 2607 uniones
784 2580 963 2618 perpetuas,
976 2576 1035 2609 nisi

297 2625 330 2658 in
353 2625 476 2659 casibus
499 2636 517 2658 a
540 2626 609 2659 iure
637 2627 809 2670 permissis,
834 2628 903 2661 fieri
927 2630 1035 2672 prohi-

334 2689 345 2714 1
367 2686 439 2714 Edit.
459 2687 540 2715 Main.
561 2688 627 2724 legit
645 2689 742 2723 favore
762 2691 804 2725 (R.
822 2694 858 2724 T).

382 2741 462 2771 Butl.
482 2742 566 2770 Rom.
587 2758 620 2763 -
639 2743 697 2770 Vol.
713 2743 779 2772 XII.
959 2745 994 2773 28

1077 339 1217 379 hentis¹;
1243 340 1374 384 aliisque
1392 341 1669 374 constitutionibus
1686 346 1715 373 et
1738 341 1819 374 ordi-

1077 393 1256 425 nationibus·
1281 393 1469 436 apostolicis,
1494 404 1528 426 ac
1554 394 1693 426 eiusdem
1719 394 1817 427 eccle-

1078 444 1140 477 siae
1158 445 1255 477 sancti
1276 446 1444 486 Laurentii,
1462 451 1489 478 ct
1509 446 1642 479 aliarum
1667 457 1818 490 quarum-

1077 509 1212 541 cumque
1226 499 1441 539 ecclesiarum,
1451 510 1485 532 ac
1504 500 1597 532 ctiam
1612 500 1712 532 almae
1727 500 1818 533 Urbis

1077 555 1203 583 nostrae
1229 552 1335 587 (etiam
1362 552 1553 592 iuramento,
1579 552 1818 586 confirmatione

1078 604 1260 646 apostolica,
1278 605 1325 637 vel
1342 606 1450 648 quavis
1466 606 1614 639 firmitate
1639 606 1699 639 alia
1724 607 1818 640 robo-

1078 655 1167 699 ratis)
1185 657 1307 689 statutis
1320 662 1345 689 ct
1366 658 1655 699 consuetudinibus,
1672 669 1708 692 ac
1724 659 1819 703 privi-

1078 709 1177 751 legiis,
1196 710 1333 749 indultis,
1351 715 1380 742 et
1406 710 1517 744 litteris
1541 712 1732 755 apostolicis,
1753 713 1818 756 qui-

1077 761 1184 795 busvis
1208 763 1363 806 personis,
1382 764 1521 797 ecclesiis
1546 770 1575 798 et
1599 765 1677 798 locis
1694 765 1763 809 piis,
1780 776 1816 798 ac

1077 814 1171 847 etiam
1197 815 1317 848 dilectis
1344 816 1416 849 filiis
1448 817 1567 860 Populo
1598 818 1760 858 Romano,
1785 819 1817 851 in

1077 869 1272 901 contrarium
1305 870 1555 913 praemissorum
1580 871 1817 914 quomodolibet

1076 921 1233 954 concessis
1257 926 1287 954 ct
1308 921 1511 955 confirmatis,
1535 922 1654 962 Quibus
1671 923 1816 957 omnibus

1076 979 1106 1006 et
1131 974 1274 1017 singulis,
1291 975 1413 1008 etiamsi
1430 986 1489 1020 pro
1504 976 1632 1009 illorum
1649 977 1815 1010 sufficienti

1076 1026 1280 1070 derogatione
1305 1028 1342 1061 de
1359 1028 1420 1061 illis
1438 1039 1611 1073 eorumque
1635 1029 1708 1063 totis
1732 1035 1818 1063 teno-

1076 1079 1164 1113 ribus
1178 1081 1332 1125 specialis,
1353 1081 1499 1125 specifica
1515 1088 1545 1115 et
1561 1082 1600 1115 ad
1620 1082 1752 1116 verbum
1769 1093 1817 1116 ex-

1075 1144 1183 1177 pressa
1206 1135 1324 1168 mentio
1348 1136 1491 1169 habenda
1515 1140 1606 1177 esset,
1631 1146 1742 1169 eorum
1770 1141 1816 1169 te-

1075 1197 1169 1221 nores
1182 1189 1399 1232 praesentibus
1410 1200 1467 1233 pro
1481 1189 1637 1233 expressis
1653 1189 1816 1230 habentes,

1075 1240 1136 1274 illis
1152 1241 1227 1273 alias
1252 1241 1284 1274 in
1309 1253 1365 1275 suo
1382 1242 1497 1275 robore
1514 1242 1740 1286 permansuris,
1757 1243 1815 1276 hac

1075 1294 1142 1327 vice
1166 1294 1325 1330 dumtaxat
1343 1295 1519 1339 specialiter
1543 1301 1573 1328 et
1597 1306 1744 1340 expresse
1761 1296 1815 1329 de-

1074 1358 1240 1390 rogamus,
1274 1348 1450 1392 eetcrisque
1484 1349 1650 1382 contrariis
1684 1349 1814 1392 quibus-

1074 1412 1226 1446 cumque:
1249 1407 1299 1435 aut
1321 1403 1346 1435 si
1363 1403 1519 1447 aliquibus
1539 1403 1750 1437 communiter
1766 1404 1815 1436 vel

1073 1453 1197 1487 divisim
1221 1456 1259 1488 ab
1276 1456 1454 1500 Apostolica
1479 1457 1517 1489 sit
1541 1456 1619 1490 Sede
1647 1456 1813 1497 indultum,

1073 1509 1156 1551 quod
1182 1509 1337 1551 interdici,
1355 1510 1512 1554 suspendi,
1533 1511 1581 1543 vel
1602 1510 1815 1544 excommuni-

1073 1561 1137 1594 cari
1161 1572 1223 1595 non
1248 1563 1369 1607 possint
1392 1575 1448 1607 per
1471 1564 1591 1597 litteras
1615 1564 1812 1608 apostolicas,

1072 1625 1135 1647 non
1159 1616 1306 1649 facientes
1322 1617 1447 1660 plenam
1465 1622 1495 1650 et
1515 1628 1696 1662 expressam
1721 1628 1756 1650 ac
1774 1618 1813 1651 de

1072 1668 1169 1701 verbo
1193 1668 1232 1701 ad
1256 1669 1388 1702 verbum
1421 1670 1459 1703 de
1484 1670 1604 1704 indulto
1630 1671 1811 1705 huiusmodi

1072 1722 1274 1755 mentionem.

1115 1775 1227 1809 Datum
1251 1777 1369 1810 Romae
1397 1777 1480 1821 apud
1509 1777 1538 1811 S.
1563 1778 1692 1811 Mariam
1716 1778 1812 1812 Maio-

1072 1840 1150 1870 rem,
1168 1830 1225 1863 sub
1250 1831 1366 1864 annulo
1390 1831 1568 1873 piscatoris,
1586 1831 1635 1865 die
1651 1842 1731 1866 xxm
1744 1833 1812 1866 iulii

1072 1893 1203 1925 iincxln,
1220 1884 1421 1928 pontificatus
1437 1886 1537 1920 nostri
1554 1896 1636 1920 anno
1657 1896 1699 1920 ix.

1107 1945 1166 1973 Dat.
1183 1945 1227 1974 die
1242 1946 1276 1974 23
1295 1946 1352 1974 iulii
1369 1947 1450 1982 1613,
1467 1951 1543 1984 pont.
1563 1956 1606 1976 an.
1624 1955 1659 1976 ix.

1071 2125 1280 2167 Confirmatio
1310 2127 1498 2160 concordia-e
1533 2128 1620 2160 inter
1649 2128 1811 2161 universi-

1115 2183 1193 2212 tates
1221 2180 1363 2212 locorum
1389 2181 1514 2224 Roffeni
1533 2185 1562 2214 et
1587 2182 1810 2215 Montisturtu-

1113 2232 1178 2271 ris,
1198 2233 1414 2266 Bononiensis
1436 2238 1464 2266 et
1486 2234 1682 2267 Mutinensis
1700 2245 1806 2278 respe-

1114 2286 1194 2318 ctive
1218 2286 1406 2327 dioecesum,
1442 2298 1538 2330 super
1561 2288 1753 2330 differentiis
1775 2292 1804 2320 et

1113 2340 1335 2372 controversiis
1351 2340 1438 2372 circa
1453 2340 1534 2382 fines
1550 2341 1679 2373 exortis.

1299 2410 1410 2436 Paulus
1439 2410 1519 2444 Papa
1545 2411 1578 2443 V,

1193 2463 1228 2488 ad
1248 2465 1424 2495 perpetuam
1442 2462 1487 2490 rei
1507 2462 1687 2490 memoriam.

1114 2523 1157 2555 Ex
1182 2523 1322 2556 iniuncto
1347 2523 1437 2557 nobis
1461 2524 1596 2568 desuper
1620 2526 1808 2569 apostolicae

1070 2577 1227 2610 servitutis
1252 2577 1365 2618 officio,
1379 2578 1631 2612 christifidelium
1655 2591 1808 2624 quorum-

1069 2629 1160 2670 libet,
1186 2635 1215 2662 et
1238 2630 1425 2674 praesertim
1454 2631 1652 2665 subditorum
1682 2638 1808 2667 nostro-

1106 2695 1117 2720 1
1140 2691 1211 2719 Edit.
1233 2692 1312 2720 Μαίη.
1333 2693 1398 2729 legit
1414 2694 1572 2728 prohibens
1590 2696 1630 2730 (n.
1651 2695 1699 2730 T.).

1723 285 1787 318 217
1834 295 1885 320 An.
1903 295 1930 320 c.
1950 295 2016 323 1613

1850 2543 1972 2566 Exordium.
