2293 3231
93 300 184 330 An.C.
207 297 273 328 1012

108 1950 282 1977 Vendiunnisqne

98 1981 229 2000 contractum
245 1983 282 2004 ap-

99 2005 182 2032 probat.

931 296 1050 321 muris
1075 297 1093 320 v
1119 284 1169 320 rr]

293 346 404 386 tionis,
428 345 642 389 suspensionis
658 351 685 377 et
705 344 876 385 interdicti,
901 345 1033 388 aliisque

293 399 512 432 ecclesiasticis
526 399 696 439 sententiis,
710 399 851 431 censuris
868 404 897 431 et
914 399 1033 441 poeuis,

293 463 310 485 a
336 453 403 485 iure
428 452 474 484 vel
499 452 538 484 ab
564 452 713 491 homine,
739 451 847 494 quavis
871 450 1034 483 occasione

294 506 341 538 vel
366 506 460 538 causa
491 505 577 545 latis,
603 505 627 537 si
652 505 766 548 quibus
798 503 1035 548 quomodolibet

293 558 440 591 innodata
466 557 579 597 existit,
597 558 634 589 ad
660 558 803 590 etl'ectum
822 555 1033 600 praesentium

293 611 453 644 dumtaxat
469 611 736 654 consequemlmn,
754 611 864 643 barum
887 609 967 642 serie
984 609 1036 641 ab-

294 665 468 704 solventes,
493 669 523 698 et
550 665 723 698 absolutam
756 666 820 697 t'ore
852 669 1033 704 censentes,

294 722 379 752 motu
397 718 529 762 proprio
553 730 588 751 ac
606 730 641 751 ex
660 720 743 752 certa
762 718 890 751 scientia
908 717 1034 757 nostris,

293 771 394 816 deque
426 772 615 815 apostolicae
647 771 807 815 potestatis
832 770 1033 814 plenitudine,

293 825 355 858 litis
387 830 415 859 et
447 836 559 858 causae
591 825 822 869 praedictarum
858 829 973 857 statmn
1005 829 1033 856 et

293 878 405 911 merita
429 889 464 911 ac
488 878 638 922 praedicti
663 877 862 910 instrumenti
891 882 1033 910 tenorem

293 932 508 976 praesentibus
525 943 583 975 pro
598 932 755 975 expressis
772 931 930 969 habentes,
948 931 1033 963 litem

294 988 323 1018 et
347 995 474 1017 causam
498 984 690 1027 praedictas,
715 983 818 1027 quoad
843 983 1033 1016 laudemium

293 1036 482 1075 huiusmodi,
500 1036 531 1068 in
548 1040 628 1070 statu
650 1042 679 1069 et
696 1037 856 1077 terminis,
874 1037 905 1069 in
921 1036 1035 1080 quibus

294 1100 400 1123 coram
425 1090 677 1134 quibuscumque
700 1090 854 1123 iudicibus
874 1090 1036 1133 reperiun-

294 1148 344 1176 tur
368 1143 406 1176 ad
431 1154 487 1176 nos
504 1154 671 1177 avocamus
696 1147 725 1177 et
749 1154 919 1183 cassamus,
940 1143 1036 1175 extin-

294 1196 420 1239 guimus
452 1207 487 1229 ac
520 1196 645 1240 penitus
672 1197 887 1234 annullamus,
913 1196 1036 1229 moder-

294 1260 397 1293 noque
422 1254 451 1283 et
475 1260 533 1293 pro
558 1255 700 1293 tempore
720 1250 865 1282 existenti
885 1249 1035 1293 episcopo

295 1302 493 1337 Cavallicensi
509 1308 695 1346 perpetuum
709 1313 805 1346 super
816 1302 1034 1346 praetensione

295 1355 475 1388 huiusmodi
492 1355 639 1388 laudemii
657 1356 815 1388 silentium
832 1355 1034 1399 imponimus,

296 1418 354 1441 nee
377 1419 439 1441 non
464 1409 660 1451 septingenta
684 1413 770 1441 scuta
795 1408 952 1452 praedicta
977 1419 1035 1451 pro

295 1461 381 1494 omni
406 1467 433 1494 ct
460 1466 524 1495 toto
549 1472 604 1502 eo,
629 1462 712 1505 quod
737 1461 858 1494 ratione
887 1461 1034 1494 laudemii

296 1514 474 1547 huiusmodi
500 1514 582 1557 exigi
607 1515 731 1548 solitum
758 1518 824 1548 erat
851 1520 881 1547 et
903 1526 919 1547 a
944 1515 1036 1547 nobis

297 1572 357 1602 tani
384 1567 502 1601 ratione
530 1567 621 1611 spolii
646 1578 739 1611 quam
760 1568 820 1600 alio
836 1578 1035 1611 quocumque

296 1621 364 1653 iure
389 1620 550 1664 praetendi
575 1624 714 1664 poterat,
741 1621 911 1664 recipinms
935 1626 965 1653 et
988 1620 1036 1653 ad-

297 1674 463 1713 mittimus,
488 1684 524 1706 ac
554 1674 592 1706 ab
624 1674 811 1707 officialibus
835 1674 966 1714 nostris,
998 1674 1036 1706 ad

296 1739 375 1772 quos
399 1732 529 1772 spectat,
556 1728 651 1771 recipi
681 1734 709 1760 et
734 1728 855 1760 admitti
886 1728 1038 1772 praeeipi-

296 1792 367 1814 mus
398 1786 427 1814 et
456 1781 660 1821 mandamus,
685 1792 720 1814 ac
745 1782 905 1814 residuum
936 1782 1036 1814 eidem

296 1835 403 1869 Clarae
439 1836 575 1878 gratiose
618 1836 808 1870 remittimus
848 1841 877 1868 et
920 1836 1032 1869 condo-

297 1899 418 1923 narnus.

341 1943 356 1986 ξ
380 1942 408 1975 5.
435 1943 470 1976 Et
495 1943 622 1986 insuper
646 1948 734 1976 motu
758 1948 788 1975 et
812 1942 941 1976 scicntia
958 1942 1038 1986 pari-

297 1995 364 2036 bus,
390 2006 426 2028 ac
450 1995 487 2028 de
511 1995 705 2039 plenitudine
729 1996 889 2039 potestatis
912 2002 1037 2029 nostrae

297 2049 505 2092 apostolieae,
530 2050 761 2093 beneplacitum
792 2055 822 2082 et
851 2060 1037 2083 eonsensum

297 2101 493 2145 praedictum
509 2106 713 2145 praestamus,
732 2113 788 2135 nec
808 2113 871 2136 non
890 2103 1040 2147 praemis-

297 2165 346 2187 sas
363 2154 572 2187 venditionem
589 2161 618 2187 et
634 2156 826 2199 emptionem
848 2156 922 2189 dicti
946 2156 1038 2189 castri

298 2207 508 2247 Vallisclusae,
522 2212 552 2239 et
578 2207 820 2241 instrumentum
833 2208 1038 2251 praedictum,

298 2270 333 2293 ac
349 2260 454 2293 omnia
478 2266 505 2293 et
530 2260 652 2302 singula
670 2260 700 2292 in
717 2271 754 2293 eo
771 2266 933 2301 contenta,
955 2261 1039 2294 licita

299 2317 402 2347 tamen
426 2319 456 2346 et
479 2314 619 2353 honesta,
642 2313 813 2357 apostolica
838 2315 1038 2355 auctoritate,

299 2371 406 2400 tenore
430 2367 653 2410 praesentium,
679 2367 890 2410 approbamus
915 2372 945 2400 et
968 2378 1041 2400 con-

299 2419 472 2461 firmamus,
489 2431 524 2453 ac
548 2421 609 2453 illis
633 2420 790 2453 firmitatis
813 2420 912 2453 robur
936 2420 1041 2453 adiici-

299 2483 379 2514 muS,
392 2484 564 2517 omnesque
577 2479 605 2506 et
619 2474 769 2516 singulos,
784 2478 844 2505 tam
858 2473 935 2505 iuris
945 2484 1039 2516 quam

299 2527 370 2559 sacti
395 2532 426 2560 et
449 2527 682 2560 solemnitatum
717 2528 821 2559 forsan
851 2526 1039 2559 omissarum

300 2590 336 2612 ac.
349 2580 426 2613 alios
441 2581 639 2624 quantumvis
656 2580 873 2613 substantiales
891 2580 1039 2620 desectus,

301 2633 394 2666 etiam
409 2633 447 2666 de
461 2634 538 2678 stylo
555 2633 629 2666 dicti
647 2634 822 2674 comitatus,
839 2644 875 2666 ac
893 2633 986 2667 etiam
1003 2644 1040 2666 ex

302 2686 504 2730 dispositione
521 2687 778 2721 constitutionum
799 2686 1041 2730 apostolicarum

1709 284 1766 318 lb'l

1068 344 1307 388 quomodolibet
1331 347 1360 377 et
1386 343 1655 387 qualitercumcpie
1681 342 1810 386 requisi-

1069 401 1125 436 tos,
1139 397 1280 438 cognitos
1297 399 1324 429 et
1342 395 1527 438 incognitos,
1545 395 1569 427 si
1587 395 1639 438 qui
1658 395 1810 438 principa-

1069 450 1138 482 liter
1149 450 1195 482 vel
1210 449 1382 482 aecessoric
1398 448 1618 482 intervenerint
1634 448 1666 480 iu
1680 448 1809 487 eisdem,

1069 502 1190 536 etiamsi
1206 502 1243 534 de
1261 502 1330 541 illis,
1345 502 1382 533 ad
1401 503 1459 534 boc.
1473 506 1504 535 ut
1520 501 1658 544 suppleri
1673 506 1809 544 possent,

1069 556 1212 599 specialis
1231 555 1347 587 mentio
1364 555 1503 587 facienda
1523 558 1612 595 esset,
1629 553 1810 598 plenissime

1069 609 1271 652 supplemus;
1304 613 1333 640 ct
1365 608 1438 641 dieti
1480 608 1572 642 castri
1611 607 1810 640 Yalliselusae

1069 662 1330 701 inleiidatioiwiii,
1356 662 1440 693 nulla
1468 665 1570 695 tamen
1601 661 1698 704 ipsius
1728 660 1810 692 feudi

1069 715 1229 759 primaeva
1254 717 1364 747 natura
1391 715 1575 753 imnmtatst,
1602 725 1637 747 ac
1663 714 1757 747 modo
1782 717 1812 747 et

1069 768 1180 808 forma,
1196 768 1311 812 quibus
1335 767 1481 811 primitus
1506 778 1652 800 concessa
1673 767 1730 801 suit
1747 768 1811 810 (cu-

1069 822 1117 854 ius
1150 826 1289 855 tenorem
1316 821 1408 853 etiam
1438 821 1654 864 praesentibus
1679 831 1736 863 pro
1762 832 1811 854 cx-

1069 886 1178 918 prcsso
1201 875 1308 907 haberi
1327 875 1495 915 volturius),
1514 874 1579 906 sine
1597 880 1699 906 tamen
1717 874 1746 906 in
1765 885 1811 906 re-

1070 928 1164 971 liquis
1181 928 1373 972 praeiudicio
1395 927 1510 959 iurium
1538 927 1686 959 ecclcsiae
1706 933 1733 959 et
1752 938 1810 970 pro

1072 987 1211 1026 tempore
1237 981 1394 1015 existentis
1418 981 1556 1024 episcopi
1576 981 1809 1020 Cavallicensis‚

1070 1046 1105 1067 ac.
1128 1035 1312 1078 praesertim
1342 1045 1437 1078 super
1465 1034 1584 1066 directo
1607 1034 1747 1067 dominio
1771 1034 1810 1066 ab

1070 1099 1107 1121 eo
1132 1094 1297 1132 praetenso
1312 1116 1319 1128 ,
1345 1088 1522 1132 praedictae
1546 1088 1673 1128 Clarae,
1695 1098 1752 1131 pro
1777 1099 1810 1120 se

1070 1142 1198 1185 suisque
1223 1142 1411 1174 haeredibus
1435 1145 1464 1175 et
1489 1141 1734 1181 successoribus,
1760 1152 1811 1174 au-

1070 1195 1212 1229 ctoritate
1252 1200 1282 1227 et
1321 1200 1428 1228 tenore
1467 1194 1655 1238 praedietis,
1696 1205 1809 1227 conce-

1070 1248 1182 1280 dimus.

1114 1303 1128 1345 ξ
1149 1301 1177 1334 6.
1196 1302 1404 1334 Decernentes
1422 1307 1509 1334 motu
1526 1307 1555 1333 et
1572 1301 1732 1345 potestatis
1749 1303 1811 1346 ple-

1070 1356 1208 1388 nitudine
1233 1356 1397 1395 similibus,
1423 1355 1517 1399 quod,
1538 1355 1563 1388 si
1580 1367 1675 1399 super
1692 1356 1810 1389 directo

1070 1409 1210 1442 dominio
1236 1409 1406 1452 praedicto,
1423 1415 1450 1441 et
1469 1409 1536 1441 iure
1554 1409 1745 1442 concedendi
1770 1409 1812 1441 in·
1842 1446 1845 1448 ,
1974 1452 1977 1454 ⁴

1070 1463 1252 1495 vestituram
1278 1462 1398 1495 ratione
1416 1462 1526 1494 directi
1551 1462 1682 1495 dominii
1708 1462 1812 1494 huius-
1827 1448 2011 1502 llssssl'.-1.2?ll}'.?¹5{‡

1070 1516 1165 1555 modi,
1190 1515 1228 1548 ad
1253 1517 1391 1548 savorem
1420 1515 1493 1548 dicti
1518 1515 1656 1559 episcopi
1682 1516 1811 1548 t'Iavalli-
1826 1499 2010 1554 §ftsst'sstss'ss'sstlt'tff

1071 1569 1171 1601 censis
1196 1569 1339 1602 moderni
1358 1574 1387 1601 et
1408 1580 1464 1612 pro
1483 1573 1623 1612 tempore
1640 1569 1810 1610 existentis,
1826 1552 2011 1606 iiiiiiiidii‘ii'mei

1070 1623 1135 1655 ullo
1160 1633 1309 1665 umquam
1342 1626 1484 1666 tempore
1512 1622 1548 1654 lis
1573 1622 1758 1663 terminari,
1783 1628 1813 1655 et

1071 1676 1182 1715 decidi,
1200 1687 1235 1708 ac
1254 1676 1395 1715 iudicari,
1408 1681 1434 1707 et
1454 1676 1608 1709 directum
1626 1676 1812 1715 dominium,

1071 1740 1106 1761 ae
1123 1730 1170 1761 ius
1187 1729 1376 1762 concedendi
1394 1728 1607 1762 investituram
1622 1729 1813 1772 lzwacdictam

1071 1781 1171 1814 eidem
1189 1782 1348 1825 episcopo,
1363 1787 1522 1824 tamquam
1536 1781 1656 1814 directo
1674 1782 1813 1822 domino,

1072 1841 1251 1879 competere
1279 1835 1432 1867 declarari
1458 1835 1632 1877 contingat;
1659 1835 1814 1868 nihilomi-

1072 1899 1130 1920 nus
1146 1887 1304 1931 praedicta
1321 1888 1409 1921 Clara
1435 1898 1471 1920 ac
1487 1888 1561 1920 dicti
1579 1887 1646 1920 eius
1664 1888 1813 1921 haeredes

1072 1946 1102 1974 et.
1131 1952 1349 1981 successores,
1375 1951 1476 1985 neque
1508 1952 1602 1985 super
1633 1941 1812 1982 laudemio,

1072 2005 1172 2038 neque
1197 2005 1291 2038 super
1315 1995 1499 2028 investitura
1516 2006 1532 2027 a
1549 1995 1638 2028 nobis
1664 1997 1813 2028 concessa

1072 2047 1241 2091 praedictis
1265 2048 1420 2081 ullatenus
1444 2048 1604 2081 molestari
1629 2049 1757 2092 possint.

1117 2102 1131 2145 g
1147 2102 1175 2134 7.
1194 2102 1437 2145 Praesentesque
1454 2107 1577 2135 nostras
1592 2102 1710 2135 litteras
1726 2103 1813 2136 nullo
1851 2109 1962 2130 ‹itan-<ulae
1973 2114 2011 2134 vro

1795 2157 1801 2162 ,
1828 2138 1917 2158 huiusce
1931 2136 2013 2156 Consti·

1073 2166 1213 2199 unquam
1239 2161 1380 2199 tempore
1397 2155 1504 2199 <etiam
1524 2166 1561 2188 ex
1579 2166 1626 2195 eo,
1644 2156 1729 2199 quod
1748 2168 1815 2200 qm·
1829 2167 1915 2184 tuuoms
1950 2162 2013 2183 firmi·

1074 2219 1208 2252 cumque
1234 2209 1264 2240 in
1288 2208 1469 2252 praemissis
1486 2209 1636 2241 interesse
1653 2209 1813 2246 habentes,
1829 2193 1881 2211 ιη’

1074 2271 1128 2293 seu
1145 2261 1260 2294 babere
1274 2261 1525 2304 praetendentes,
1537 2261 1576 2293 ad
1593 2261 1623 2293 id
1638 2262 1737 2294 vocati
1750 2272 1814 2294 non

1073 2314 1199 2354 fuerint,
1212 2323 1314 2356 neque
1327 2314 1549 2353 solemnitates,
1564 2319 1593 2346 et
1611 2314 1739 2357 quaevis
1755 2314 1815 2346 alia

1074 2366 1225 2399 servanda
1249 2371 1279 2399 et
1303 2367 1517 2410 adimplenda,
1536 2371 1657 2401 servata
1674 2373 1704 2400 et
1720 2368 1816 2400 adim-

1073 2421 1155 2464 pleta
1179 2420 1312 2459 suerint,
1337 2430 1391 2452 seu
1416 2420 1526 2463 quovis
1547 2421 1609 2453 alio
1635 2425 1815 2463 praetextu,

1074 2475 1166 2505 causa
1197 2478 1227 2505 et
1258 2473 1442 2516 occasione)
1473 2473 1510 2505 de
1543 2473 1755 2517 subreptionis
1787 2480 1818 2508 et

1073 2525 1278 2569 obreptionis,
1303 2531 1355 2557 aut,
1379 2526 1530 2559 nullitatis
1548 2526 1631 2567 vitio,
1649 2537 1704 2559 seu
1721 2527 1817 2561 inten-

1074 2579 1167 2612 tionis
1191 2584 1316 2612 nostrae
1331 2606 1338 2619 ,
1364 2580 1410 2612 vel
1435 2579 1584 2623 quopiam
1608 2580 1669 2613 alio
1694 2580 1814 2613 defectu

1074 2632 1186 2672 notari,
1212 2632 1400 2676 impugnari,
1423 2633 1471 2664 vel
1498 2633 1661 2666 invalidari
1688 2634 1816 2668 nullate-

1075 2697 1132 2719 nus
1156 2697 1264 2730 posse;
1290 2686 1342 2718 sed
1369 2687 1482 2729 (etiam
1508 2686 1625 2731 absque
1653 2698 1706 2728 eo,
1732 2688 1816 2731 quod
1858 2678 1862 2680 ἡ

1818 295 1867 321 Αη.
1884 294 1911 322 C.
1936 294 2003 321 1612

1873 1312 1898 1332 Et
1913 1313 2008 1338 quamvis

1826 1341 1916 1359 castrum
1959 1339 2009 1359 illud

1826 1366 1852 1386 ad
1868 1366 1971 1385 directum
1989 1371 2010 1386 e-

1826 1392 1907 1417 piscopi
1934 1392 2009 1412 [laval-

1827 1419 1910 1439 licensis
1943 1418 2009 1438 ‹tumt-
