2293 3231
250 308 299 333 An.
317 308 346 334 C.
366 308 434 336 16¹6

260 1277 373 1301 nemesium
384 1281 430 1297 con-

246 1307 259 1324 ti
267 1311 285 1324 Δι
292 1311 318 1323 iot
326 1311 366 1324 uin.

479 300 543 334 37ss

1033 313 1212 336 mmmmm!
1237 314 1391 339 noMAxt'M

449 358 487 390 ab
514 359 573 391 illis
598 353 752 402 exa-eptas,
779 365 804 391 et
833 359 955 402 quotics
980 360 1166 393 emanalmnt
1184 389 1191 401 ,
1225 361 1284 394 alia
1307 362 1476 406 roboratis)
1491 365 1613 397 statutis
1629 371 1656 398 ct
1675 367 1965 409 consuetiulinilnis,

450 413 539 445 toties
566 412 593 444 in
620 413 798 456 pristinum,
819 419 845 445 et
873 424 956 451 eum,
983 414 1011 446 in
1033 425 1096 458 quo
1121 419 1191 449 :mle

449 465 619 508 prm-missa
639 466 873 509 quomodolibet
894 473 991 507 erant,
1013 473 1127 501 statum
1147 479 1192 501 re-

449 518 581 554 stitutas,
600 519 751 562 repositas
771 525 799 551 et
816 520 956 563 plenarie
976 521 1190 564 reintegralas,

448 582 482 604 ac
508 572 544 603 de
570 582 661 611 novo,
683 572 774 605 etiam
801 573 859 605 snb
883 573 952 607 data
985 585 1043 618 per
1074 574 1190 607 dietam

449 624 682 657 universitatem
719 625 884 668 eligenda,
909 638 1074 661 concessas
1106 639 1190 661 esse:

448 679 555 722 sicque
573 690 628 722 per
649 689 865 723 quoscumque
881 680 998 714 indices
1013 681 1190 715 ordinario>¹

448 732 494 763 vet
520 731 679 774 delegatos
713 733 822 776 quavis
853 735 1038 768 auctoritate
1063 736 1191 779 fungen-

449 791 512 825 tes,
541 785 633 819 ctiam
660 786 739 819 sacri
764 788 869 831 palatii
896 789 1059 832 apostolici
1087 800 1192 823 causa—

455 850 524 871 rum
558 838 736 880 auditores,
765 852 818 873 seu
844 841 872 874 S.
900 842 932 874 lt.
960 842 990 875 Ε.
1017 843 1191 877 cardinales

447 893 582 929 (sublata
596 893 641 926 eis
658 898 688 926 et
705 903 815 927 eornm
830 895 954 928 cuilibet
974 897 1083 940 quavis
1100 897 1192 930 aliter

449 947 602 980 indicandi
628 953 655 980 et
683 947 907 993 interpretandi
933 950 1075 984 facultate
1094 956 1119 983 et
1140 962 1191 985 au-

447 1000 604 1044 ctoritate)
622 1000 752 1034 iudicari
779 1007 806 1034 et
833 1002 955 1035 deliniri
977 1003 1190 1045 debere3i1·1·i—

447 1060 513 1087 tum
551 1066 677 1099 quoquc
717 1059 745 1089 et
782 1055 872 1089 inane
910 1057 1062 1101 quidquid
1100 1070 1189 1091 secus

447 1118 542 1152 super
568 1108 615 1140 liis
640 1119 656 1141 a
673 1120 844 1153 quoquam,
863 1110 970 1153 quavis
994 1112 1189 1150 auem-itate,

448 1161 582 1195 scienter
611 1163 657 1194 vel
684 1162 878 1205 ignoranter,
903 1164 1068 1208 contigerit
1095 1171 1190 1199 atten-

449 1215 517 1255 tari,
542 1215 751 1249 decernimus.

491 1271 506 1311 ς’
531 1269 582 1302 29.
602 1270 669 1303 Non
687 1270 829 1303 obstante
847 1271 944 1304 felicis
962 1273 1188 1307 recordationis

448 1323 595 1356 Bonit'acii
611 1324 709 1367 Papae
724 1324 798 1364 x'ltt,
814 1324 918 1357 itidem
937 1325 1188 1369 praedecessoris

448 1377 573 1418 nostris,
598 1389 658 1422 qua
677 1384 814 1419 caretur,
832 1389 869 1412 ne
894 1380 963 1423 quis
988 1385 1074 1413 extra
1099 1393 1187 1414 snam

447 1431 602 1464 civitatem
634 1432 679 1464 vel
712 1432 900 1473 dioecesim,
933 1434 991 1466 nisi
1028 1434 1057 1467 in
1095 1435 1188 1468 certis

447 1486 604 1530 expressis
629 1486 765 1527 casibus,
783 1492 808 1519 et
837 1497 866 1519 in
893 1487 962 1527 illis,
988 1488 1068 1521 ultra
1094 1499 1186 1522 unam

447 1539 573 1578 dietam,
591 1551 607 1571 a
625 1540 686 1572 tine
707 1551 780 1572 suae
797 1540 949 1574 dioecesis
974 1541 1012 1574 ad
1037 1542 1186 1575 iudicium

447 1599 606 1634 evocetur,
624 1605 677 1627 seu
702 1604 740 1627 ne
762 1594 879 1627 iudices
897 1605 913 1627 a
931 1595 1009 1627 Sede
1026 1596 1186 1639 praedicta

446 1647 585 1691 deputati
611 1653 697 1681 extra
722 1648 878 1681 cix-itatem
913 1649 958 1681 rel
996 1649 1186 1691 dioecesim,

447 1701 475 1733 in
502 1702 616 1746 quibus·
640 1702 778 1747 deputati
803 1703 940 1744 suerunt,
967 1709 1076 1737 contra
1098 1716 1189 1748 quos-

446 1767 580 1800 cumque
604 1757 786 1801 procedere,
804 1763 855 1790 aut
873 1757 924 1790 alii
943 1758 989 1790 vet
1018 1758 1087 1791 aliis
1105 1759 1187 1792 vices

446 1822 517 1843 suas
535 1811 731 1844 committere
759 1811 891 1844 audeant
909 1812 955 1844 rel
974 1820 1186 1856 praesumant,

445 1868 470 1897 et
500 1864 530 1897 in
554 1865 688 1898 concilio
721 1865 859 1908 generali
889 1865 971 1898 edita
1003 1865 1041 1898 de
1066 1866 1186 1900 duabus

445 1918 546 1960 dietis,
571 1918 701 1962 aliisque
726 1919 921 1963 apostolicis,
946 1931 981 1952 ac
1007 1919 1039 1952 in
1063 1920 1187 1964 provin-

445 1972 577 2005 cialibus
592 1978 618 2005 et
638 1972 838 2016 synodalibus
856 1973 997 2006 conciliis
1010 1973 1101 2007 editis
1118 1986 1186 2019 spe-

444 2025 575 2058 cialibus
606 2027 652 2059 vel
679 2027 879 2069 generalibus
910 2027 1185 2061 constitutionibus

443 2083 472 2110 et
497 2078 758 2120 ordinationibus,
776 2089 898 2113 necnon
927 2080 1090 2123 quibusvis
1107 2081 1186 2115 inhi-

443 2132 626 2173 bitionibus,
640 2133 733 2166 etiam
751 2133 790 2165 ab
810 2133 884 2177 ipsis
904 2133 1110 2175 auditoribus,
1131 2145 1184 2168 seu

443 2186 678 2227 cardinalibus,
704 2187 751 2219 vel
777 2197 887 2220 eorum
924 2187 1050 2231 aliquo,
1077 2188 1184 2231 vigore

443 2250 713 2283 quarumcumque
738 2239 1007 2281 commissionum,
1024 2251 1078 2274 seu
1107 2241 1185 2274 litte-

1225 414 1399 458 pririlegiis
1413 426 1549 460 quoqne,
1569 417 1695 451 indultis
1708 425 1735 451 et
1766 419 1876 453 litteris
1893 431 1965 465 apo-

1225 467 1354 507 stolicis,
1373 468 1443 509 illis,
1460 480 1501 502 ac.
1520 470 1683 513 quibusvis
1706 473 1964 518 archiepiscopis,

1225 521 1380 565 episeopis
1395 549 1402 562 ,
1427 522 1611 565 Ordinariis,
1636 525 1729 558 etiam
1755 526 1965 560 cardinalatus

1225 573 1346 607 honore
1364 574 1565 618 fulgentibus,
1583 581 1611 611 et
1627 577 1790 621 quibusvis
1806 578 1874 611 aliis
1893 590 1965 623 per-

1225 627 1320 668 sonis,
1335 639 1532 673 quacunn‘pn¹
1555 630 1705 673 dignitate
1725 631 1884 675 praeditis,
1897 642 1965 665 nee-

1225 690 1286 713 non
1311 681 1466 725 capitulis,
1484 683 1635 726 collegiis,
1652 684 1866 725 conventibus,
1883 695 1966 718 com-

1225 734 1440 776 munitatibus,
1458 742 1485 768 ct
1508 736 1764 771 universitatibus
1787 738 1963 771 studiorum

1225 787 1317 820 etiam
1343 789 1551 831 generalium,
1576 800 1697 824 necnon
1718 791 1805 831 locis,
1822 791 1880 824 suh
1896 791 1966 835 qui-

1224 840 1421 886 buscumque
1451 842 1611 876 tenoribus
1635 849 1661 876 et
1689 844 1809 884 t'ormis,
1833 854 1868 877 ac
1892 855 1964 877 cum

1224 894 1388 937 qrdbusris
1413 895 1506 928 etiam
1532 896 1805 940 derogatoriarum
1829 897 1964 941 deroga-

1225 947 1333 988 tortis,
1359 948 1490 994 aliisque
1524 950 1753 984 efficacioribus
1777 956 1806 984 et
1831 951 1964 985 insolitis

1224 1001 1382 1043 clausulis,
1405 1013 1526 1036 necnon
1548 1004 1744 1038 irritantibus
1769 1010 1796 1038 et
1822 1005 1890 1039 aliis
1913 1005 1966 1039 de-

1224 1055 1328 1095 cretis,
1346 1067 1402 1099 per
1422 1067 1479 1090 nos
1499 1068 1554 1091 seu
1570 1069 1787 1103 quoscumque
1806 1060 1964 1093 Romanos

1225 1109 1399 1157 Pontifices,
1420 1117 1469 1144 aut
1495 1112 1606 1145 Sedem
1631 1113 1834 1156 praedictam,
1859 1114 1891 1147 in
1915 1124 1966 1157 ge-

1223 1173 1297 1196 nere
1320 1165 1364 1197 vet
1385 1165 1414 1197 in
1432 1166 1545 1209 specie,
1569 1166 1662 1199 etiam
1687 1167 1724 1199 ad
1750 1167 1963 1211 imperatoris,

1224 1228 1344 1261 regum,
1371 1219 1564 1262 reginarum,
1589 1220 1812 1261 arcliiducum,
1835 1221 1963 1262 ducum,

1224 1272 1269 1304 vel
1295 1273 1430 1306 alioruin
1465 1273 1642 1318 principum
1679 1275 1879 1315 instantiam,
1908 1287 1963 1310 seu

1223 1325 1315 1358 etiam
1342 1332 1428 1359 motu
1456 1327 1596 1371 proprio,
1615 1333 1642 1360 et
1660 1338 1696 1360 ex
1714 1330 1798 1361 certa
1821 1329 1962 1369 scientia,

1222 1390 1257 1411 ac
1283 1379 1320 1412 de
1351 1380 1540 1423 apostolicae
1566 1381 1730 1425 potestatis
1754 1381 1962 1426 plenitudine,

1223 1433 1268 1465 vet
1295 1433 1369 1465 alias
1394 1434 1642 1477 quomodolibet,
1662 1435 1754 1469 etiam
1780 1435 1899 1469 iteratis
1922 1436 1963 1469 vi-

1222 1486 1319 1527 cibus,
1339 1488 1507 1528 concessis,
1532 1488 1714 1532 approbatis
1737 1493 1767 1523 et.
1790 1489 1960 1524 innovatis:

1221 1540 1336 1584 quilius
1355 1541 1515 1583 omnibus,
1533 1543 1653 1575 etiamsi
1679 1554 1738 1587 pro
1763 1553 1873 1576 eorum
1899 1545 1961 1578 sus-

1222 1594 1337 1627 tlcicnti
1352 1595 1556 1639 derogatione
1570 1596 1607 1630 de
1621 1596 1691 1638 illis,
1702 1608 1876 1641 eorumque
1890 1599 1962 1631 totis

1222 1649 1385 1682 tenoribus
1410 1650 1564 1694 specialis,
1588 1651 1734 1695 specitica
1760 1657 1787 1684 et
1814 1662 1962 1697 expressa

1221 1708 1247 1735 et
1268 1703 1427 1736 individua
1447 1715 1482 1737 ac
1502 1704 1541 1737 de
1565 1704 1662 1737 verbo
1685 1705 1723 1737 ad
1742 1705 1884 1746 verbum,
1900 1716 1962 1740 non

1220 1761 1323 1789 autem
1337 1767 1394 1801 per
1406 1758 1561 1791 clausulas
1574 1759 1738 1801 generales
1751 1759 1832 1792 idem
1848 1760 1963 1804 impor-

1221 1814 1329 1851 tantes,
1347 1811 1464 1846 mentio
1489 1823 1543 1845 seu
1569 1813 1696 1856 quaevis
1720 1813 1779 1846 alia
1800 1814 1961 1858 expressio

1220 1865 1362 1899 habenda
1389 1871 1438 1898 aut
1465 1866 1568 1910 aliqua
1593 1866 1653 1899 alia
1677 1867 1830 1912 exquisita
1858 1869 1959 1901 forma

1219 1919 1257 1951 ad
1275 1919 1333 1952 lioe
1351 1919 1502 1953 servanda
1520 1925 1611 1961 esset,
1626 1926 1751 1953 tenores
1768 1920 1959 1958 huiusmodi,

1219 1983 1254 2006 ae
1279 1973 1303 2005 si
1328 1973 1366 2006 de
1392 1974 1489 2006 verbo
1513 1973 1551 2006 ad
1577 1974 1718 2014 verbum,
1735 1975 1811 2007 niliil
1836 1975 1959 2018 penitus

1219 2027 1348 2067 omisso,
1362 2032 1388 2060 et
1409 2028 1509 2060 forma
1528 2027 1557 2059 in
1576 2027 1636 2060 illis
1653 2027 1766 2061 tradita
1782 2028 1959 2070 observata,

1219 2080 1327 2113 inserti
1345 2080 1470 2121 sorent,¹
1486 2081 1546 2113 illis
1559 2081 1634 2114 alias
1649 2081 1679 2114 in
1695 2092 1751 2115 suo
1764 2082 1879 2116 robore
1893 2092 1961 2126 per-

1219 2134 1386 2174 mansuris,
1411 2134 1468 2167 hac
1495 2134 1561 2167 vice
1586 2134 1758 2176 dumtaxat,
1782 2135 1960 2179 specialiter

1218 2192 1244 2219 et
1272 2197 1417 2231 expresse
1446 2187 1657 2231 derogamus,
1683 2188 1859 2232 ceterisque
1883 2199 1958 2222 con-

1219 2241 1322 2273 trariis
1346 2241 1606 2286 quibuscumque.

1982 321 2035 347 An.
2053 320 2166 349 C.1616

1261 2297 1276 2336 ς·
1299 2294 1350 2328 30.
1378 2295 1528 2329 Volumus
1560 2300 1663 2329 autem
1679 2323 1686 2336 ‚
1710 2295 1793 2340 quod
1828 2296 1955 2329 eaedem

299 2305 311 2319 ε
443 2304 550 2326 rarum
568 2294 824 2338 apostolicarum,
837 2294 940 2338 quoad
955 2294 1110 2328 beneficia
1126 2305 1184 2339 per
2011 2315 2157 2346 praesentium

443 2348 563 2380 obitum
590 2353 708 2380 tantum
737 2348 766 2380 in
793 2348 955 2381 mensibus
979 2348 1116 2382 facultati
1132 2360 1182 2382 ar·
1219 2354 1400 2392 praesentes
1424 2349 1544 2383 litterae
1575 2349 1669 2392 affigi,
1696 2355 1725 2382 et
1749 2360 1805 2393 per
1829 2350 1956 2393 aliquod
1971 2343 2156 2396 ffiffiffi'sffiffiq‘ssg

1217 2403 1369 2448 temporis
1386 2403 1520 2447 spatium
1535 2403 1649 2436 dimitti
1663 2403 1792 2436 debeant
1813 2403 1842 2436 in
1861 2404 1957 2437 valvis
1970 2395 2156 2445 ffiffiffipnsad-

1217 2457 1364 2490 ecclesiae
1391 2457 1519 2490 maioris
1543 2456 1732 2497 Leodiensis,
1749 2467 1785 2489 ac
1809 2457 1956 2491 ecclesia-

1216 2522 1286 2545 rum
1305 2511 1543 2555 collegiatarum
1562 2510 1768 2544 Traieetensis
1785 2511 1822 2543 ad
1840 2511 1955 2545 Mosam

1216 2571 1242 2597 et
1269 2565 1460 2609 Tongrensis
1481 2564 1681 2609 oppidorum,
1699 2564 1891 2609 dimissaque
1907 2566 1957 2599 de-

1216 2619 1288 2653 inde
1312 2619 1436 2652 illarum
1463 2618 1554 2662 copia
1571 2645 1578 2658 ,
1599 2628 1652 2651 seu
1678 2623 1874 2664 transumpto
1898 2630 1956 2663 per

443 2401 518 2433 tium
537 2401 703 2444 assignatis
728 2401 866 2435 vacantia
892 2402 1037 2445 superius
1055 2412 1116 2436 non
1135 2414 1183 2435 ex-

442 2457 540 2498 cepta,
558 2455 618 2487 iam
637 2455 740 2488 forsan
758 2455 909 2488 emanatis
925 2460 952 2488 et
972 2455 1002 2488 in
1020 2461 1182 2500 posterum

441 2508 634 2547 emanandis,
652 2518 773 2542 necnon
798 2509 1013 2550 eeclesiarum,
1030 2515 1183 2543 monaste-

441 2561 573 2601 riorum,
600 2562 848 2603 nnivcrsitatum,
873 2563 1120 2606 provinciarum,
1138 2574 1183 2597 re-

441 2615 581 2657 gionum,
599 2615 771 2655 civitatum,
789 2616 976 2660 oppidorum
992 2622 1019 2649 et
1039 2617 1181 2650 locorum

441 2679 715 2712 ‹piorumcumqne
740 2670 847 2709 <etiam
867 2671 1053 2710 iuramento,
1071 2671 1183 2703 confir·
1254 2693 1262 2718 ¹
1286 2689 1390 2718 Subdu:
1409 2690 1610 2725 praesentibus
1623 2698 1675 2725 pro
1691 2691 1955 2725 0³:127·essishaben-

442 2722 577 2755 mationc
603 2723 771 2766 apostolica
787 2750 794 2764 ,
825 2724 870 2756 vel
901 2724 1009 2767 quavis
1033 2724 1182 2758 firmitate
1216 2737 1265 2769 tes,
1281 2734 1320 2768 (n.
1336 2733 1385 2768 τ.).
