<?xml version="1.0" encoding="UTF-8"?>
<!DOCTYPE html PUBLIC "-//W3C//DTD XHTML 1.0 Transitional//EN"
    "http://www.w3.org/TR/xhtml1/DTD/xhtml1-transitional.dtd">
<html xmlns="http://www.w3.org/1999/xhtml" xml:lang="en" lang="en">
 <head>
  <title>
</title>
<meta http-equiv="Content-Type" content="text/html;charset=utf-8" />
  <meta name='ocr-system' content='tesseract 3.04.00' />
  <meta name='ocr-capabilities' content='ocr_page ocr_carea ocr_par ocr_line ocrx_word'/>
</head>
<body>
  <div class='ocr_page' id='page_1' title='image "./bullarumdiplomat12cath_0822.png"; bbox 0 0 2293 3231; ppageno 0'>
   <div class='ocr_carea' id='block_1_1' title="bbox 318 299 617 338">
    <p class='ocr_par' dir='ltr' id='par_1_1' title="bbox 318 299 617 338">
     <span class='ocr_line' id='line_1_1' title="bbox 318 299 617 338; baseline -0.007 -2"><span class='ocrx_word' id='word_1_1' title='bbox 318 309 369 336; x_wconf 71' lang='lat' dir='ltr'>An.</span> <span class='ocrx_word' id='word_1_2' title='bbox 390 308 420 338; x_wconf 87' lang='lat' dir='ltr'>c.</span> <span class='ocrx_word' id='word_1_3' title='bbox 437 307 506 336; x_wconf 74' lang='lat'>1623</span> <span class='ocrx_word' id='word_1_4' title='bbox 553 299 617 334; x_wconf 82' lang='grc'>784</span> 
     </span>
    </p>
   </div>
   <div class='ocr_carea' id='block_1_2' title="bbox 513 354 1266 2753">
    <p class='ocr_par' dir='ltr' id='par_1_2' title="bbox 513 354 1266 2753">
     <span class='ocr_line' id='line_1_2' title="bbox 515 354 1259 401; baseline -0.003 -11"><span class='ocrx_word' id='word_1_5' title='bbox 515 363 542 390; x_wconf 86' lang='lat' dir='ltr'>et</span> <span class='ocrx_word' id='word_1_6' title='bbox 569 356 746 401; x_wconf 84' lang='lat' dir='ltr'>appaltandi</span> <span class='ocrx_word' id='word_1_7' title='bbox 773 365 925 399; x_wconf 79' lang='lat' dir='ltr'>personae</span> <span class='ocrx_word' id='word_1_8' title='bbox 951 366 1005 387; x_wconf 84' lang='lat' dir='ltr'>seu</span> <span class='ocrx_word' id='word_1_9' title='bbox 1031 354 1197 399; x_wconf 87' lang='lat' dir='ltr'>personis,</span> <span class='ocrx_word' id='word_1_10' title='bbox 1222 365 1259 389; x_wconf 91' lang='lat' dir='ltr'>ac</span> 
     </span>
     <span class='ocr_line' id='line_1_3' title="bbox 516 409 1260 455; baseline -0.004 -11"><span class='ocrx_word' id='word_1_11' title='bbox 516 422 572 455; x_wconf 84' lang='lat' dir='ltr'>pro</span> <span class='ocrx_word' id='word_1_12' title='bbox 596 411 718 455; x_wconf 80' lang='lat' dir='ltr'>pretio,</span> <span class='ocrx_word' id='word_1_13' title='bbox 744 414 885 453; x_wconf 84' lang='lat' dir='ltr'>tempore</span> <span class='ocrx_word' id='word_1_14' title='bbox 917 414 947 442; x_wconf 91' lang='lat' dir='ltr'>et</span> <span class='ocrx_word' id='word_1_15' title='bbox 979 409 1182 453; x_wconf 77' lang='lat' dir='ltr'>responsione</span> <span class='ocrx_word' id='word_1_16' title='bbox 1207 418 1260 441; x_wconf 83' lang='lat' dir='ltr'>an-</span> 
     </span>
     <span class='ocr_line' id='line_1_4' title="bbox 515 462 1258 506; baseline -0.003 -10"><span class='ocrx_word' id='word_1_17' title='bbox 515 465 575 496; x_wconf 65' lang='lat' dir='ltr'>nus·</span> <span class='ocrx_word' id='word_1_18' title='bbox 603 462 813 506; x_wconf 69' lang='lat' dir='ltr'>reperienda,</span> <span class='ocrx_word' id='word_1_19' title='bbox 843 468 871 495; x_wconf 87' lang='lat' dir='ltr'>et</span> <span class='ocrx_word' id='word_1_20' title='bbox 897 473 934 495; x_wconf 91' lang='lat' dir='ltr'>eo</span> <span class='ocrx_word' id='word_1_21' title='bbox 970 462 1064 495; x_wconf 90' lang='lat' dir='ltr'>modo</span> <span class='ocrx_word' id='word_1_22' title='bbox 1094 467 1124 495; x_wconf 89' lang='lat' dir='ltr'>et</span> <span class='ocrx_word' id='word_1_23' title='bbox 1155 462 1258 495; x_wconf 73' lang='lat' dir='ltr'>forma</span> 
     </span>
     <span class='ocr_line' id='line_1_5' title="bbox 515 514 1259 559; baseline 0.001 -12"><span class='ocrx_word' id='word_1_24' title='bbox 515 515 630 559; x_wconf 83' lang='lat' dir='ltr'>quibus</span> <span class='ocrx_word' id='word_1_25' title='bbox 653 516 731 549; x_wconf 86' lang='lat' dir='ltr'>solet</span> <span class='ocrx_word' id='word_1_26' title='bbox 755 514 824 548; x_wconf 81' lang='lat' dir='ltr'>lieri</span> <span class='ocrx_word' id='word_1_27' title='bbox 849 515 932 549; x_wconf 88' lang='lat' dir='ltr'>circa</span> <span class='ocrx_word' id='word_1_28' title='bbox 956 515 1033 548; x_wconf 84' lang='lat' dir='ltr'>alias</span> <span class='ocrx_word' id='word_1_29' title='bbox 1057 515 1197 559; x_wconf 78' lang='lat' dir='ltr'>gabellas</span> <span class='ocrx_word' id='word_1_30' title='bbox 1214 515 1259 548; x_wconf 92' lang='lat' dir='ltr'>di-</span> 
     </span>
     <span class='ocr_line' id='line_1_6' title="bbox 514 569 1258 613; baseline 0 -11"><span class='ocrx_word' id='word_1_31' title='bbox 514 575 581 602; x_wconf 85' lang='lat' dir='ltr'>ctae</span> <span class='ocrx_word' id='word_1_32' title='bbox 606 569 736 602; x_wconf 85' lang='lat' dir='ltr'>illustris</span> <span class='ocrx_word' id='word_1_33' title='bbox 760 569 904 612; x_wconf 73' lang='lat' dir='ltr'>civitatis,</span> <span class='ocrx_word' id='word_1_34' title='bbox 929 569 1204 613; x_wconf 87' lang='lat' dir='ltr'>emolumentaque</span> <span class='ocrx_word' id='word_1_35' title='bbox 1228 574 1258 602; x_wconf 88' lang='lat' dir='ltr'>et</span> 
     </span>
     <span class='ocr_line' id='line_1_7' title="bbox 515 622 1257 667; baseline 0.003 -13"><span class='ocrx_word' id='word_1_36' title='bbox 515 623 751 666; x_wconf 69' lang='lat' dir='ltr'>responsionem</span> <span class='ocrx_word' id='word_1_37' title='bbox 776 634 813 655; x_wconf 79' lang='lat' dir='ltr'>ex</span> <span class='ocrx_word' id='word_1_38' title='bbox 839 623 1036 667; x_wconf 79' lang='lat' dir='ltr'>praescripta</span> <span class='ocrx_word' id='word_1_39' title='bbox 1061 622 1183 666; x_wconf 55' lang='lat' dir='ltr'>gabellii</span> <span class='ocrx_word' id='word_1_40' title='bbox 1208 633 1257 656; x_wconf 90' lang='lat' dir='ltr'>re-</span> 
     </span>
     <span class='ocr_line' id='line_1_8' title="bbox 513 675 1258 720; baseline 0.001 -12"><span class='ocrx_word' id='word_1_41' title='bbox 513 675 647 719; x_wconf 80' lang='lat' dir='ltr'>digenda</span> <span class='ocrx_word' id='word_1_42' title='bbox 664 681 693 709; x_wconf 85' lang='lat' dir='ltr'>et</span> <span class='ocrx_word' id='word_1_43' title='bbox 711 676 928 720; x_wconf 79' lang='lat' dir='ltr'>provenientia</span> <span class='ocrx_word' id='word_1_44' title='bbox 945 675 1163 709; x_wconf 76' lang='lat' dir='ltr'>communitati</span> <span class='ocrx_word' id='word_1_45' title='bbox 1179 676 1258 709; x_wconf 84' lang='lat' dir='ltr'>eius-</span> 
     </span>
     <span class='ocr_line' id='line_1_9' title="bbox 513 729 1257 774; baseline 0.001 -13"><span class='ocrx_word' id='word_1_46' title='bbox 513 730 584 762; x_wconf 83' lang='lat' dir='ltr'>dem</span> <span class='ocrx_word' id='word_1_47' title='bbox 609 729 742 763; x_wconf 78' lang='lat' dir='ltr'>civitatis</span> <span class='ocrx_word' id='word_1_48' title='bbox 759 740 817 774; x_wconf 88' lang='lat' dir='ltr'>pro</span> <span class='ocrx_word' id='word_1_49' title='bbox 833 730 990 763; x_wconf 87' lang='lat' dir='ltr'>solutione</span> <span class='ocrx_word' id='word_1_50' title='bbox 1013 735 1044 763; x_wconf 88' lang='lat' dir='ltr'>et</span> <span class='ocrx_word' id='word_1_51' title='bbox 1067 729 1257 763; x_wconf 74' lang='lat' dir='ltr'>extinctione</span> 
     </span>
     <span class='ocr_line' id='line_1_10' title="bbox 513 782 1257 828; baseline 0.001 -13"><span class='ocrx_word' id='word_1_52' title='bbox 513 783 594 816; x_wconf 80' lang='lat' dir='ltr'>aeris</span> <span class='ocrx_word' id='word_1_53' title='bbox 618 783 709 816; x_wconf 90' lang='lat' dir='ltr'>alieni</span> <span class='ocrx_word' id='word_1_54' title='bbox 742 788 773 816; x_wconf 90' lang='lat' dir='ltr'>et</span> <span class='ocrx_word' id='word_1_55' title='bbox 803 782 1005 824; x_wconf 89' lang='lat' dir='ltr'>debitorum,</span> <span class='ocrx_word' id='word_1_56' title='bbox 1033 793 1089 817; x_wconf 91' lang='lat' dir='ltr'>seu</span> <span class='ocrx_word' id='word_1_57' title='bbox 1113 793 1173 828; x_wconf 92' lang='lat' dir='ltr'>pro</span> <span class='ocrx_word' id='word_1_58' title='bbox 1197 782 1257 816; x_wconf 81' lang='lat' dir='ltr'>alia</span> 
     </span>
     <span class='ocr_line' id='line_1_11' title="bbox 514 835 1259 870; baseline 0.003 -2"><span class='ocrx_word' id='word_1_59' title='bbox 514 846 547 868; x_wconf 74' lang='lat' dir='ltr'>re</span> <span class='ocrx_word' id='word_1_60' title='bbox 560 835 628 868; x_wconf 87' lang='lat' dir='ltr'>utili</span> <span class='ocrx_word' id='word_1_61' title='bbox 646 841 676 869; x_wconf 92' lang='lat' dir='ltr'>et</span> <span class='ocrx_word' id='word_1_62' title='bbox 692 837 871 870; x_wconf 78' lang='lat' dir='ltr'>necessaria</span> <span class='ocrx_word' id='word_1_63' title='bbox 883 836 985 870; x_wconf 88' lang='lat' dir='ltr'>dictae</span> <span class='ocrx_word' id='word_1_64' title='bbox 999 836 1116 870; x_wconf 75' lang='lat' dir='ltr'>civitati</span> <span class='ocrx_word' id='word_1_65' title='bbox 1129 841 1160 869; x_wconf 89' lang='lat' dir='ltr'>et</span> <span class='ocrx_word' id='word_1_66' title='bbox 1173 837 1259 870; x_wconf 89' lang='lat' dir='ltr'>iuxta</span> 
     </span>
     <span class='ocr_line' id='line_1_12' title="bbox 515 889 1259 933; baseline 0.003 -12"><span class='ocrx_word' id='word_1_67' title='bbox 515 889 589 922; x_wconf 90' lang='lat' dir='ltr'>illud</span> <span class='ocrx_word' id='word_1_68' title='bbox 614 889 698 933; x_wconf 88' lang='lat' dir='ltr'>quod</span> <span class='ocrx_word' id='word_1_69' title='bbox 720 890 758 922; x_wconf 92' lang='lat' dir='ltr'>ab</span> <span class='ocrx_word' id='word_1_70' title='bbox 783 889 995 924; x_wconf 88' lang='lat' dir='ltr'>illustrissimo</span> <span class='ocrx_word' id='word_1_71' title='bbox 1012 889 1140 924; x_wconf 89' lang='lat' dir='ltr'>domino</span> <span class='ocrx_word' id='word_1_72' title='bbox 1161 890 1259 923; x_wconf 86' lang='lat' dir='ltr'>cardi-</span> 
     </span>
     <span class='ocr_line' id='line_1_13' title="bbox 514 942 1259 988; baseline 0.001 -13"><span class='ocrx_word' id='word_1_73' title='bbox 514 942 575 975; x_wconf 85' lang='lat' dir='ltr'>nali</span> <span class='ocrx_word' id='word_1_74' title='bbox 600 943 704 986; x_wconf 82' lang='lat' dir='ltr'>lcgato</span> <span class='ocrx_word' id='word_1_75' title='bbox 721 953 804 976; x_wconf 91' lang='lat' dir='ltr'>nunc</span> <span class='ocrx_word' id='word_1_76' title='bbox 824 948 855 976; x_wconf 88' lang='lat' dir='ltr'>et</span> <span class='ocrx_word' id='word_1_77' title='bbox 873 954 933 988; x_wconf 89' lang='lat' dir='ltr'>pro</span> <span class='ocrx_word' id='word_1_78' title='bbox 950 948 1093 988; x_wconf 90' lang='lat' dir='ltr'>tempore</span> <span class='ocrx_word' id='word_1_79' title='bbox 1113 943 1259 977; x_wconf 78' lang='lat' dir='ltr'>existenti</span> 
     </span>
     <span class='ocr_line' id='line_1_14' title="bbox 515 997 1259 1041; baseline 0.001 -12"><span class='ocrx_word' id='word_1_80' title='bbox 515 1001 545 1029; x_wconf 90' lang='lat' dir='ltr'>et</span> <span class='ocrx_word' id='word_1_81' title='bbox 568 1007 586 1029; x_wconf 89' lang='lat' dir='ltr'>a</span> <span class='ocrx_word' id='word_1_82' title='bbox 611 997 699 1030; x_wconf 83' lang='lat' dir='ltr'>vobis</span> <span class='ocrx_word' id='word_1_83' title='bbox 726 997 962 1041; x_wconf 87' lang='lat' dir='ltr'>perillustribus</span> <span class='ocrx_word' id='word_1_84' title='bbox 991 997 1128 1031; x_wconf 89' lang='lat' dir='ltr'>dominis</span> <span class='ocrx_word' id='word_1_85' title='bbox 1156 997 1259 1031; x_wconf 89' lang='lat' dir='ltr'>iudice</span> 
     </span>
     <span class='ocr_line' id='line_1_15' title="bbox 515 1049 1259 1094; baseline 0.001 -12"><span class='ocrx_word' id='word_1_86' title='bbox 515 1060 551 1083; x_wconf 92' lang='lat' dir='ltr'>ac</span> <span class='ocrx_word' id='word_1_87' title='bbox 568 1049 754 1093; x_wconf 82' lang='lat' dir='ltr'>magistratu</span> <span class='ocrx_word' id='word_1_88' title='bbox 770 1049 952 1094; x_wconf 89' lang='lat' dir='ltr'>Sapientum</span> <span class='ocrx_word' id='word_1_89' title='bbox 970 1049 1070 1093; x_wconf 83' lang='lat' dir='ltr'>magis</span> <span class='ocrx_word' id='word_1_90' title='bbox 1090 1049 1259 1094; x_wconf 81' lang='lat' dir='ltr'>expediens</span> 
     </span>
     <span class='ocr_line' id='line_1_16' title="bbox 516 1103 1260 1148; baseline 0.001 -12"><span class='ocrx_word' id='word_1_91' title='bbox 516 1107 545 1138; x_wconf 88' lang='lat' dir='ltr'>et</span> <span class='ocrx_word' id='word_1_92' title='bbox 569 1109 785 1148; x_wconf 88' lang='lat' dir='ltr'>opportunum</span> <span class='ocrx_word' id='word_1_93' title='bbox 809 1103 982 1138; x_wconf 86' lang='lat' dir='ltr'>iudicatum</span> <span class='ocrx_word' id='word_1_94' title='bbox 1012 1103 1128 1145; x_wconf 89' lang='lat' dir='ltr'>fuerit,</span> <span class='ocrx_word' id='word_1_95' title='bbox 1150 1104 1260 1148; x_wconf 82' lang='lat' dir='ltr'>appli-</span> 
     </span>
     <span class='ocr_line' id='line_1_17' title="bbox 515 1154 1260 1196; baseline 0.001 -9"><span class='ocrx_word' id='word_1_96' title='bbox 515 1154 605 1187; x_wconf 85' lang='lat' dir='ltr'>candi</span> <span class='ocrx_word' id='word_1_97' title='bbox 638 1155 836 1196; x_wconf 81' lang='lat' dir='ltr'>facultatem,</span> <span class='ocrx_word' id='word_1_98' title='bbox 864 1154 1083 1189; x_wconf 87' lang='lat' dir='ltr'>auctoritatem</span> <span class='ocrx_word' id='word_1_99' title='bbox 1108 1159 1138 1188; x_wconf 86' lang='lat' dir='ltr'>et</span> <span class='ocrx_word' id='word_1_100' title='bbox 1162 1155 1260 1189; x_wconf 88' lang='lat' dir='ltr'>omni-</span> 
     </span>
     <span class='ocr_line' id='line_1_18' title="bbox 517 1208 1259 1253; baseline 0.001 -12"><span class='ocrx_word' id='word_1_101' title='bbox 517 1209 642 1242; x_wconf 86' lang='lat' dir='ltr'>modam</span> <span class='ocrx_word' id='word_1_102' title='bbox 667 1214 854 1253; x_wconf 82' lang='lat' dir='ltr'>potestatem</span> <span class='ocrx_word' id='word_1_103' title='bbox 887 1208 1024 1252; x_wconf 82' lang='lat' dir='ltr'>desuper</span> <span class='ocrx_word' id='word_1_104' title='bbox 1048 1209 1259 1242; x_wconf 83' lang='lat' dir='ltr'>necessariam</span> 
     </span>
     <span class='ocr_line' id='line_1_19' title="bbox 516 1261 1259 1307; baseline -0.001 -12"><span class='ocrx_word' id='word_1_105' title='bbox 516 1268 545 1296; x_wconf 90' lang='lat' dir='ltr'>et</span> <span class='ocrx_word' id='word_1_106' title='bbox 562 1268 774 1307; x_wconf 84' lang='lat' dir='ltr'>opportunam</span> <span class='ocrx_word' id='word_1_107' title='bbox 787 1262 992 1295; x_wconf 82' lang='lat' dir='ltr'>concedimus</span> <span class='ocrx_word' id='word_1_108' title='bbox 1005 1266 1036 1295; x_wconf 92' lang='lat' dir='ltr'>et</span> <span class='ocrx_word' id='word_1_109' title='bbox 1049 1261 1259 1306; x_wconf 88' lang='lat' dir='ltr'>impertimur,</span> 
     </span>
     <span class='ocr_line' id='line_1_20' title="bbox 516 1314 1260 1359; baseline -0.001 -11"><span class='ocrx_word' id='word_1_110' title='bbox 516 1315 598 1349; x_wconf 88' lang='lat' dir='ltr'>sicut</span> <span class='ocrx_word' id='word_1_111' title='bbox 613 1315 707 1348; x_wconf 88' lang='lat' dir='ltr'>etiam</span> <span class='ocrx_word' id='word_1_112' title='bbox 725 1315 809 1348; x_wconf 88' lang='lat' dir='ltr'>idem</span> <span class='ocrx_word' id='word_1_113' title='bbox 832 1315 862 1349; x_wconf 88' lang='lat' dir='ltr'>S.</span> <span class='ocrx_word' id='word_1_114' title='bbox 887 1315 921 1348; x_wconf 93' lang='lat' dir='ltr'>D.</span> <span class='ocrx_word' id='word_1_115' title='bbox 946 1315 981 1348; x_wconf 94' lang='lat' dir='ltr'>N.</span> <span class='ocrx_word' id='word_1_116' title='bbox 1007 1314 1039 1347; x_wconf 90' lang='lat' dir='ltr'>in</span> <span class='ocrx_word' id='word_1_117' title='bbox 1063 1314 1260 1359; x_wconf 88' lang='lat' dir='ltr'>praeinserto</span> 
     </span>
     <span class='ocr_line' id='line_1_21' title="bbox 517 1368 1259 1414; baseline -0.001 -12"><span class='ocrx_word' id='word_1_118' title='bbox 517 1369 730 1414; x_wconf 80' lang='lat' dir='ltr'>chirographo</span> <span class='ocrx_word' id='word_1_119' title='bbox 755 1369 921 1409; x_wconf 81' lang='lat' dir='ltr'>concessit,</span> <span class='ocrx_word' id='word_1_120' title='bbox 941 1373 971 1401; x_wconf 86' lang='lat' dir='ltr'>et</span> <span class='ocrx_word' id='word_1_121' title='bbox 991 1368 1170 1413; x_wconf 89' lang='lat' dir='ltr'>impertitus</span> <span class='ocrx_word' id='word_1_122' title='bbox 1192 1368 1259 1401; x_wconf 83' lang='lat' dir='ltr'>fuit.</span> 
     </span>
     <span class='ocr_line' id='line_1_22' title="bbox 515 1422 1262 1464; baseline -0.003 -7"><span class='ocrx_word' id='word_1_123' title='bbox 515 1423 669 1464; x_wconf 85' lang='lat' dir='ltr'>Quocirca</span> <span class='ocrx_word' id='word_1_124' title='bbox 693 1423 732 1456; x_wconf 91' lang='lat' dir='ltr'>de</span> <span class='ocrx_word' id='word_1_125' title='bbox 756 1423 903 1456; x_wconf 90' lang='lat' dir='ltr'>mandato</span> <span class='ocrx_word' id='word_1_126' title='bbox 920 1428 950 1456; x_wconf 90' lang='lat' dir='ltr'>et</span> <span class='ocrx_word' id='word_1_127' title='bbox 968 1422 1154 1456; x_wconf 89' lang='lat' dir='ltr'>auctoritate</span> <span class='ocrx_word' id='word_1_128' title='bbox 1178 1422 1262 1455; x_wconf 88' lang='lat' dir='ltr'>sirni-</span> 
     </span>
     <span class='ocr_line' id='line_1_23' title="bbox 517 1477 1260 1522; baseline -0.001 -11"><span class='ocrx_word' id='word_1_129' title='bbox 517 1478 610 1519; x_wconf 89' lang='lat' dir='ltr'>libus,</span> <span class='ocrx_word' id='word_1_130' title='bbox 638 1488 674 1511; x_wconf 89' lang='lat' dir='ltr'>ae</span> <span class='ocrx_word' id='word_1_131' title='bbox 698 1477 886 1522; x_wconf 88' lang='lat' dir='ltr'>praeinserti</span> <span class='ocrx_word' id='word_1_132' title='bbox 911 1477 1117 1521; x_wconf 82' lang='lat' dir='ltr'>chirographi</span> <span class='ocrx_word' id='word_1_133' title='bbox 1142 1477 1260 1520; x_wconf 79' lang='lat' dir='ltr'>vigore,</span> 
     </span>
     <span class='ocr_line' id='line_1_24' title="bbox 518 1531 1262 1566; baseline -0.003 0"><span class='ocrx_word' id='word_1_134' title='bbox 518 1532 776 1566; x_wconf 89' lang='lat' dir='ltr'>illiustrissimum</span> <span class='ocrx_word' id='word_1_135' title='bbox 801 1537 832 1564; x_wconf 85' lang='lat' dir='ltr'>et</span> <span class='ocrx_word' id='word_1_136' title='bbox 851 1531 1150 1564; x_wconf 70' lang='lat' dir='ltr'>reverendissimum</span> <span class='ocrx_word' id='word_1_137' title='bbox 1166 1531 1200 1564; x_wconf 94' lang='lat' dir='ltr'>D.</span> <span class='ocrx_word' id='word_1_138' title='bbox 1217 1531 1262 1564; x_wconf 85' lang='lat' dir='ltr'>la-</span> 
     </span>
     <span class='ocr_line' id='line_1_25' title="bbox 518 1585 1261 1630; baseline -0.001 -11"><span class='ocrx_word' id='word_1_139' title='bbox 518 1586 632 1620; x_wconf 86' lang='lat' dir='ltr'>cobum</span> <span class='ocrx_word' id='word_1_140' title='bbox 658 1586 686 1620; x_wconf 88' lang='lat' dir='ltr'>S.</span> <span class='ocrx_word' id='word_1_141' title='bbox 712 1587 746 1619; x_wconf 88' lang='lat' dir='ltr'>R.</span> <span class='ocrx_word' id='word_1_142' title='bbox 772 1586 804 1619; x_wconf 89' lang='lat' dir='ltr'>E.</span> <span class='ocrx_word' id='word_1_143' title='bbox 822 1586 1045 1630; x_wconf 61' lang='lat' dir='ltr'>presbyterum</span> <span class='ocrx_word' id='word_1_144' title='bbox 1069 1585 1261 1619; x_wconf 84' lang='lat' dir='ltr'>cardinalem</span> 
     </span>
     <span class='ocr_line' id='line_1_26' title="bbox 517 1638 1263 1684; baseline -0.003 -11"><span class='ocrx_word' id='word_1_145' title='bbox 517 1640 655 1681; x_wconf 87' lang='lat' dir='ltr'>Scrram,</span> <span class='ocrx_word' id='word_1_146' title='bbox 679 1650 740 1684; x_wconf 91' lang='lat' dir='ltr'>pro</span> <span class='ocrx_word' id='word_1_147' title='bbox 764 1639 875 1672; x_wconf 89' lang='lat' dir='ltr'>eodem</span> <span class='ocrx_word' id='word_1_148' title='bbox 900 1638 929 1672; x_wconf 88' lang='lat' dir='ltr'>S.</span> <span class='ocrx_word' id='word_1_149' title='bbox 956 1638 989 1671; x_wconf 92' lang='lat' dir='ltr'>D.</span> <span class='ocrx_word' id='word_1_150' title='bbox 1015 1639 1050 1672; x_wconf 88' lang='lat' dir='ltr'>N.</span> <span class='ocrx_word' id='word_1_151' title='bbox 1077 1639 1170 1682; x_wconf 88' lang='lat' dir='ltr'>Papa,</span> <span class='ocrx_word' id='word_1_152' title='bbox 1187 1638 1263 1671; x_wconf 89' lang='lat' dir='ltr'>San-</span> 
     </span>
     <span class='ocr_line' id='line_1_27' title="bbox 517 1692 1262 1737; baseline -0.003 -11"><span class='ocrx_word' id='word_1_153' title='bbox 517 1695 630 1737; x_wconf 80' lang='lat' dir='ltr'>ctaque</span> <span class='ocrx_word' id='word_1_154' title='bbox 660 1692 739 1726; x_wconf 88' lang='lat' dir='ltr'>Sede</span> <span class='ocrx_word' id='word_1_155' title='bbox 768 1692 960 1737; x_wconf 72' lang='lat' dir='ltr'>Apostolica,</span> <span class='ocrx_word' id='word_1_156' title='bbox 978 1692 1009 1725; x_wconf 90' lang='lat' dir='ltr'>in</span> <span class='ocrx_word' id='word_1_157' title='bbox 1029 1692 1114 1725; x_wconf 74' lang='lat' dir='ltr'>dicta</span> <span class='ocrx_word' id='word_1_158' title='bbox 1138 1692 1262 1725; x_wconf 83' lang='lat' dir='ltr'>civitate</span> 
     </span>
     <span class='ocr_line' id='line_1_28' title="bbox 518 1745 1262 1780; baseline -0.003 -1"><span class='ocrx_word' id='word_1_159' title='bbox 518 1746 682 1780; x_wconf 83' lang='lat' dir='ltr'>Ferrariae</span> <span class='ocrx_word' id='word_1_160' title='bbox 701 1751 732 1779; x_wconf 90' lang='lat' dir='ltr'>et</span> <span class='ocrx_word' id='word_1_161' title='bbox 755 1746 822 1778; x_wconf 90' lang='lat' dir='ltr'>eius</span> <span class='ocrx_word' id='word_1_162' title='bbox 841 1745 958 1778; x_wconf 87' lang='lat' dir='ltr'>ducatu</span> <span class='ocrx_word' id='word_1_163' title='bbox 977 1750 1007 1778; x_wconf 88' lang='lat' dir='ltr'>ct</span> <span class='ocrx_word' id='word_1_164' title='bbox 1028 1745 1116 1779; x_wconf 87' lang='lat' dir='ltr'>Statu</span> <span class='ocrx_word' id='word_1_165' title='bbox 1132 1750 1162 1778; x_wconf 90' lang='lat' dir='ltr'>et</span> <span class='ocrx_word' id='word_1_166' title='bbox 1178 1745 1262 1778; x_wconf 88' lang='lat' dir='ltr'>illius</span> 
     </span>
     <span class='ocr_line' id='line_1_29' title="bbox 519 1799 1263 1844; baseline -0.003 -10"><span class='ocrx_word' id='word_1_167' title='bbox 519 1802 583 1834; x_wconf 73' lang='lat' dir='ltr'>tota</span> <span class='ocrx_word' id='word_1_168' title='bbox 607 1800 771 1844; x_wconf 72' lang='lat' dir='ltr'>provincia</span> <span class='ocrx_word' id='word_1_169' title='bbox 795 1799 834 1833; x_wconf 89' lang='lat' dir='ltr'>de</span> <span class='ocrx_word' id='word_1_170' title='bbox 850 1800 948 1833; x_wconf 89' lang='lat' dir='ltr'>latere</span> <span class='ocrx_word' id='word_1_171' title='bbox 971 1799 1121 1843; x_wconf 80' lang='lat' dir='ltr'>legatum,</span> <span class='ocrx_word' id='word_1_172' title='bbox 1146 1804 1263 1832; x_wconf 83' lang='lat' dir='ltr'>attente</span> 
     </span>
     <span class='ocr_line' id='line_1_30' title="bbox 519 1852 1260 1897; baseline -0.003 -10"><span class='ocrx_word' id='word_1_173' title='bbox 519 1855 549 1888; x_wconf 89' lang='lat' dir='ltr'>in</span> <span class='ocrx_word' id='word_1_174' title='bbox 574 1854 706 1887; x_wconf 87' lang='lat' dir='ltr'>Domino</span> <span class='ocrx_word' id='word_1_175' title='bbox 730 1864 896 1897; x_wconf 80' lang='lat' dir='ltr'>rogamus3</span> <span class='ocrx_word' id='word_1_176' title='bbox 919 1853 988 1886; x_wconf 90' lang='lat' dir='ltr'>eius</span> <span class='ocrx_word' id='word_1_177' title='bbox 1012 1863 1086 1886; x_wconf 82' lang='lat' dir='ltr'>vero</span> <span class='ocrx_word' id='word_1_178' title='bbox 1110 1853 1144 1886; x_wconf 81' lang='lat' dir='ltr'>R.</span> <span class='ocrx_word' id='word_1_179' title='bbox 1170 1853 1202 1886; x_wconf 91' lang='lat' dir='ltr'>P.</span> <span class='ocrx_word' id='word_1_180' title='bbox 1227 1852 1260 1886; x_wconf 92' lang='lat' dir='ltr'>D.</span> 
     </span>
     <span class='ocr_line' id='line_1_31' title="bbox 519 1906 1263 1952; baseline -0.001 -12"><span class='ocrx_word' id='word_1_181' title='bbox 519 1909 702 1951; x_wconf 78' lang='lat' dir='ltr'>vicelegato,</span> <span class='ocrx_word' id='word_1_182' title='bbox 720 1907 898 1952; x_wconf 87' lang='lat' dir='ltr'>ceterisque</span> <span class='ocrx_word' id='word_1_183' title='bbox 915 1907 1103 1940; x_wconf 86' lang='lat' dir='ltr'>officialibus</span> <span class='ocrx_word' id='word_1_184' title='bbox 1123 1912 1154 1940; x_wconf 83' lang='lat' dir='ltr'>et</span> <span class='ocrx_word' id='word_1_185' title='bbox 1177 1906 1263 1940; x_wconf 88' lang='lat' dir='ltr'>iusti-</span> 
     </span>
     <span class='ocr_line' id='line_1_32' title="bbox 520 1960 1262 2005; baseline -0.003 -11"><span class='ocrx_word' id='word_1_186' title='bbox 520 1962 580 1995; x_wconf 89' lang='lat' dir='ltr'>tiae</span> <span class='ocrx_word' id='word_1_187' title='bbox 601 1961 752 1994; x_wconf 83' lang='lat' dir='ltr'>ministris</span> <span class='ocrx_word' id='word_1_188' title='bbox 769 1960 1022 2005; x_wconf 87' lang='lat' dir='ltr'>quibuscumque</span> <span class='ocrx_word' id='word_1_189' title='bbox 1035 1960 1262 1993; x_wconf 84' lang='lat' dir='ltr'>committimus</span> 
     </span>
     <span class='ocr_line' id='line_1_33' title="bbox 519 2013 1263 2059; baseline -0.001 -11"><span class='ocrx_word' id='word_1_190' title='bbox 519 2021 550 2049; x_wconf 91' lang='lat' dir='ltr'>et</span> <span class='ocrx_word' id='word_1_191' title='bbox 573 2015 769 2056; x_wconf 85' lang='lat' dir='ltr'>mandamus,</span> <span class='ocrx_word' id='word_1_192' title='bbox 795 2018 948 2059; x_wconf 87' lang='lat' dir='ltr'>quatenus</span> <span class='ocrx_word' id='word_1_193' title='bbox 971 2013 1071 2055; x_wconf 86' lang='lat' dir='ltr'>vobis,</span> <span class='ocrx_word' id='word_1_194' title='bbox 1099 2013 1263 2058; x_wconf 83' lang='lat' dir='ltr'>dictaeque</span> 
     </span>
     <span class='ocr_line' id='line_1_34' title="bbox 520 2067 1263 2111; baseline -0.003 -9"><span class='ocrx_word' id='word_1_195' title='bbox 520 2068 635 2102; x_wconf 85' lang='lat' dir='ltr'>civitati</span> <span class='ocrx_word' id='word_1_196' title='bbox 650 2073 680 2101; x_wconf 90' lang='lat' dir='ltr'>et</span> <span class='ocrx_word' id='word_1_197' title='bbox 697 2067 926 2108; x_wconf 86' lang='lat' dir='ltr'>communitati,</span> <span class='ocrx_word' id='word_1_198' title='bbox 942 2067 1106 2111; x_wconf 85' lang='lat' dir='ltr'>dictaeque</span> <span class='ocrx_word' id='word_1_199' title='bbox 1122 2067 1263 2111; x_wconf 81' lang='lat' dir='ltr'>gabellae</span> 
     </span>
     <span class='ocr_line' id='line_1_35' title="bbox 521 2120 1265 2165; baseline -0.001 -10"><span class='ocrx_word' id='word_1_200' title='bbox 521 2122 778 2155; x_wconf 87' lang='lat' dir='ltr'>arrendatoribus</span> <span class='ocrx_word' id='word_1_201' title='bbox 798 2126 827 2154; x_wconf 87' lang='lat' dir='ltr'>et</span> <span class='ocrx_word' id='word_1_202' title='bbox 844 2120 1094 2165; x_wconf 86' lang='lat' dir='ltr'>appaltatoribus</span> <span class='ocrx_word' id='word_1_203' title='bbox 1120 2121 1151 2153; x_wconf 90' lang='lat' dir='ltr'>in</span> <span class='ocrx_word' id='word_1_204' title='bbox 1175 2131 1265 2164; x_wconf 86' lang='lat' dir='ltr'>prae-</span> 
     </span>
     <span class='ocr_line' id='line_1_36' title="bbox 522 2173 1265 2218; baseline -0.003 -10"><span class='ocrx_word' id='word_1_205' title='bbox 522 2176 624 2209; x_wconf 82' lang='lat' dir='ltr'>missis</span> <span class='ocrx_word' id='word_1_206' title='bbox 644 2175 778 2208; x_wconf 85' lang='lat' dir='ltr'>efficacis</span> <span class='ocrx_word' id='word_1_207' title='bbox 803 2174 994 2208; x_wconf 77' lang='lat' dir='ltr'>detensionis</span> <span class='ocrx_word' id='word_1_208' title='bbox 1013 2173 1171 2218; x_wconf 87' lang='lat' dir='ltr'>praesidio</span> <span class='ocrx_word' id='word_1_209' title='bbox 1190 2174 1265 2207; x_wconf 89' lang='lat' dir='ltr'>assi-</span> 
     </span>
     <span class='ocr_line' id='line_1_37' title="bbox 522 2228 1264 2273; baseline -0.003 -11"><span class='ocrx_word' id='word_1_210' title='bbox 522 2235 611 2271; x_wconf 82' lang='lat' dir='ltr'>stant,</span> <span class='ocrx_word' id='word_1_211' title='bbox 632 2234 813 2273; x_wconf 83' lang='lat' dir='ltr'>praesentes</span> <span class='ocrx_word' id='word_1_212' title='bbox 836 2234 960 2262; x_wconf 86' lang='lat' dir='ltr'>nostras</span> <span class='ocrx_word' id='word_1_213' title='bbox 974 2255 981 2269; x_wconf 90' lang='lat'>‚</span> <span class='ocrx_word' id='word_1_214' title='bbox 1010 2233 1041 2261; x_wconf 87' lang='lat' dir='ltr'>et</span> <span class='ocrx_word' id='word_1_215' title='bbox 1064 2232 1209 2261; x_wconf 89' lang='lat' dir='ltr'>contenta</span> <span class='ocrx_word' id='word_1_216' title='bbox 1232 2228 1264 2260; x_wconf 91' lang='lat' dir='ltr'>in</span> 
     </span>
     <span class='ocr_line' id='line_1_38' title="bbox 522 2281 1266 2326; baseline -0.004 -10"><span class='ocrx_word' id='word_1_217' title='bbox 522 2283 605 2316; x_wconf 87' lang='lat' dir='ltr'>dicto</span> <span class='ocrx_word' id='word_1_218' title='bbox 629 2282 842 2326; x_wconf 85' lang='lat' dir='ltr'>chirographo</span> <span class='ocrx_word' id='word_1_219' title='bbox 866 2281 1034 2315; x_wconf 80' lang='lat' dir='ltr'>observent</span> <span class='ocrx_word' id='word_1_220' title='bbox 1057 2286 1088 2314; x_wconf 86' lang='lat' dir='ltr'>et</span> <span class='ocrx_word' id='word_1_221' title='bbox 1111 2290 1266 2324; x_wconf 87' lang='lat' dir='ltr'>exequan-</span> 
     </span>
     <span class='ocr_line' id='line_1_39' title="bbox 525 2334 1264 2380; baseline -0.004 -11"><span class='ocrx_word' id='word_1_222' title='bbox 525 2342 584 2377; x_wconf 86' lang='lat' dir='ltr'>tur,</span> <span class='ocrx_word' id='word_1_223' title='bbox 602 2341 632 2369; x_wconf 90' lang='lat' dir='ltr'>et</span> <span class='ocrx_word' id='word_1_224' title='bbox 647 2346 704 2380; x_wconf 89' lang='lat' dir='ltr'>per</span> <span class='ocrx_word' id='word_1_225' title='bbox 721 2346 785 2376; x_wconf 86' lang='lat' dir='ltr'>eos,</span> <span class='ocrx_word' id='word_1_226' title='bbox 803 2335 841 2368; x_wconf 90' lang='lat' dir='ltr'>ad</span> <span class='ocrx_word' id='word_1_227' title='bbox 858 2345 937 2379; x_wconf 89' lang='lat' dir='ltr'>quos</span> <span class='ocrx_word' id='word_1_228' title='bbox 954 2339 1084 2379; x_wconf 83' lang='lat' dir='ltr'>spectat,</span> <span class='ocrx_word' id='word_1_229' title='bbox 1101 2334 1264 2367; x_wconf 89' lang='lat' dir='ltr'>observari</span> 
     </span>
     <span class='ocr_line' id='line_1_40' title="bbox 523 2388 1264 2433; baseline -0.004 -10"><span class='ocrx_word' id='word_1_230' title='bbox 523 2395 554 2422; x_wconf 87' lang='lat' dir='ltr'>et</span> <span class='ocrx_word' id='word_1_231' title='bbox 569 2389 680 2433; x_wconf 81' lang='lat' dir='ltr'>exequi</span> <span class='ocrx_word' id='word_1_232' title='bbox 705 2388 862 2429; x_wconf 87' lang='lat' dir='ltr'>mandent,</span> <span class='ocrx_word' id='word_1_233' title='bbox 879 2394 989 2421; x_wconf 89' lang='lat' dir='ltr'>curent</span> <span class='ocrx_word' id='word_1_234' title='bbox 1006 2393 1036 2421; x_wconf 89' lang='lat' dir='ltr'>et</span> <span class='ocrx_word' id='word_1_235' title='bbox 1056 2388 1184 2428; x_wconf 87' lang='lat' dir='ltr'>saciant;</span> <span class='ocrx_word' id='word_1_236' title='bbox 1201 2398 1264 2421; x_wconf 91' lang='lat' dir='ltr'>non</span> 
     </span>
     <span class='ocr_line' id='line_1_41' title="bbox 525 2442 1265 2487; baseline -0.001 -12"><span class='ocrx_word' id='word_1_237' title='bbox 525 2443 739 2487; x_wconf 80' lang='lat' dir='ltr'>permittentes</span> <span class='ocrx_word' id='word_1_238' title='bbox 764 2447 873 2476; x_wconf 87' lang='lat' dir='ltr'>eontra</span> <span class='ocrx_word' id='word_1_239' title='bbox 893 2442 978 2475; x_wconf 89' lang='lat' dir='ltr'>illius</span> <span class='ocrx_word' id='word_1_240' title='bbox 1001 2446 1032 2475; x_wconf 92' lang='lat' dir='ltr'>et</span> <span class='ocrx_word' id='word_1_241' title='bbox 1055 2442 1181 2474; x_wconf 89' lang='lat' dir='ltr'>illarum</span> <span class='ocrx_word' id='word_1_242' title='bbox 1206 2442 1265 2474; x_wconf 86' lang='lat' dir='ltr'>sor-</span> 
     </span>
     <span class='ocr_line' id='line_1_42' title="bbox 525 2495 1264 2529; baseline 0 -1"><span class='ocrx_word' id='word_1_243' title='bbox 525 2507 606 2529; x_wconf 85' lang='lat' dir='ltr'>mam</span> <span class='ocrx_word' id='word_1_244' title='bbox 628 2502 658 2529; x_wconf 87' lang='lat' dir='ltr'>et</span> <span class='ocrx_word' id='word_1_245' title='bbox 676 2501 818 2529; x_wconf 85' lang='lat' dir='ltr'>tenorem</span> <span class='ocrx_word' id='word_1_246' title='bbox 835 2506 890 2529; x_wconf 85' lang='lat' dir='ltr'>vos</span> <span class='ocrx_word' id='word_1_247' title='bbox 915 2500 945 2528; x_wconf 89' lang='lat' dir='ltr'>et</span> <span class='ocrx_word' id='word_1_248' title='bbox 968 2495 1083 2528; x_wconf 86' lang='lat' dir='ltr'>dictam</span> <span class='ocrx_word' id='word_1_249' title='bbox 1108 2495 1264 2529; x_wconf 83' lang='lat' dir='ltr'>civitatem</span> 
     </span>
     <span class='ocr_line' id='line_1_43' title="bbox 524 2548 1266 2593; baseline 0.001 -12"><span class='ocrx_word' id='word_1_250' title='bbox 524 2554 551 2581; x_wconf 84' lang='lat' dir='ltr'>et</span> <span class='ocrx_word' id='word_1_251' title='bbox 573 2549 829 2582; x_wconf 78' lang='lat' dir='ltr'>communitatem</span> <span class='ocrx_word' id='word_1_252' title='bbox 841 2559 858 2581; x_wconf 90' lang='lat' dir='ltr'>a</span> <span class='ocrx_word' id='word_1_253' title='bbox 873 2559 1032 2593; x_wconf 86' lang='lat' dir='ltr'>quoquam</span> <span class='ocrx_word' id='word_1_254' title='bbox 1050 2548 1185 2592; x_wconf 84' lang='lat' dir='ltr'>desuper</span> <span class='ocrx_word' id='word_1_255' title='bbox 1201 2558 1266 2582; x_wconf 90' lang='lat' dir='ltr'>mo-</span> 
     </span>
     <span class='ocr_line' id='line_1_44' title="bbox 526 2601 1266 2646; baseline 0.001 -13"><span class='ocrx_word' id='word_1_256' title='bbox 526 2601 628 2633; x_wconf 83' lang='lat' dir='ltr'>lestari</span> <span class='ocrx_word' id='word_1_257' title='bbox 655 2606 684 2635; x_wconf 92' lang='lat' dir='ltr'>et</span> <span class='ocrx_word' id='word_1_258' title='bbox 708 2602 862 2646; x_wconf 89' lang='lat' dir='ltr'>impediri.</span> <span class='ocrx_word' id='word_1_259' title='bbox 887 2603 956 2636; x_wconf 87' lang='lat' dir='ltr'>Non</span> <span class='ocrx_word' id='word_1_260' title='bbox 980 2601 1178 2635; x_wconf 85' lang='lat' dir='ltr'>obstantibus</span> <span class='ocrx_word' id='word_1_261' title='bbox 1202 2612 1266 2634; x_wconf 90' lang='lat' dir='ltr'>om-</span> 
     </span>
     <span class='ocr_line' id='line_1_45' title="bbox 525 2654 1266 2700; baseline 0.003 -14"><span class='ocrx_word' id='word_1_262' title='bbox 525 2654 616 2687; x_wconf 87' lang='lat' dir='ltr'>nibus</span> <span class='ocrx_word' id='word_1_263' title='bbox 641 2655 699 2695; x_wconf 87' lang='lat' dir='ltr'>iis,</span> <span class='ocrx_word' id='word_1_264' title='bbox 723 2665 805 2700; x_wconf 84' lang='lat' dir='ltr'>quac</span> <span class='ocrx_word' id='word_1_265' title='bbox 833 2655 935 2688; x_wconf 87' lang='lat' dir='ltr'>dictus</span> <span class='ocrx_word' id='word_1_266' title='bbox 966 2654 1186 2688; x_wconf 76' lang='lat' dir='ltr'>sanctissimus</span> <span class='ocrx_word' id='word_1_267' title='bbox 1209 2655 1266 2688; x_wconf 90' lang='lat' dir='ltr'>Do-</span> 
     </span>
     <span class='ocr_line' id='line_1_46' title="bbox 526 2707 1263 2753; baseline 0.003 -13"><span class='ocrx_word' id='word_1_268' title='bbox 526 2707 628 2741; x_wconf 83' lang='lat' dir='ltr'>minus</span> <span class='ocrx_word' id='word_1_269' title='bbox 652 2713 756 2741; x_wconf 88' lang='lat' dir='ltr'>noster</span> <span class='ocrx_word' id='word_1_270' title='bbox 789 2709 819 2741; x_wconf 92' lang='lat' dir='ltr'>in</span> <span class='ocrx_word' id='word_1_271' title='bbox 855 2709 1068 2752; x_wconf 85' lang='lat' dir='ltr'>chirographo</span> <span class='ocrx_word' id='word_1_272' title='bbox 1100 2707 1263 2753; x_wconf 81' lang='lat' dir='ltr'>praedicto</span> 
     </span>
    </p>
   </div>
   <div class='ocr_carea' id='block_1_3' title="bbox 1088 306 1449 332">
    <p class='ocr_par' dir='ltr' id='par_1_3' title="bbox 1088 306 1449 332">
     <span class='ocr_line' id='line_1_47' title="bbox 1088 306 1449 332; baseline 0 0"><span class='ocrx_word' id='word_1_273' title='bbox 1088 307 1269 332; x_wconf 74' lang='lat' dir='ltr'>BULLARIUM</span> <span class='ocrx_word' id='word_1_274' title='bbox 1293 306 1449 332; x_wconf 66' lang='lat' dir='ltr'>Romnum</span> 
     </span>
    </p>
   </div>
   <div class='ocr_carea' id='block_1_4' title="bbox 1291 355 2038 1466">
    <p class='ocr_par' dir='ltr' id='par_1_4' title="bbox 1291 355 2037 976">
     <span class='ocr_line' id='line_1_48' title="bbox 1293 355 2034 401; baseline 0.007 -14"><span class='ocrx_word' id='word_1_275' title='bbox 1293 355 1389 388; x_wconf 85' lang='lat' dir='ltr'>voluit</span> <span class='ocrx_word' id='word_1_276' title='bbox 1414 365 1478 389; x_wconf 91' lang='lat' dir='ltr'>non</span> <span class='ocrx_word' id='word_1_277' title='bbox 1502 355 1639 397; x_wconf 86' lang='lat' dir='ltr'>obstare,</span> <span class='ocrx_word' id='word_1_278' title='bbox 1657 357 1833 401; x_wconf 86' lang='lat' dir='ltr'>ceterisque</span> <span class='ocrx_word' id='word_1_279' title='bbox 1857 358 1888 390; x_wconf 92' lang='lat' dir='ltr'>in</span> <span class='ocrx_word' id='word_1_280' title='bbox 1912 364 2034 392; x_wconf 88' lang='lat' dir='ltr'>contra-</span> 
     </span>
     <span class='ocr_line' id='line_1_49' title="bbox 1291 408 2033 454; baseline 0.005 -13"><span class='ocrx_word' id='word_1_281' title='bbox 1291 408 1375 441; x_wconf 90' lang='lat' dir='ltr'>rium</span> <span class='ocrx_word' id='word_1_282' title='bbox 1388 408 1650 454; x_wconf 87' lang='lat' dir='ltr'>quibuscumque.</span> <span class='ocrx_word' id='word_1_283' title='bbox 1663 410 1696 443; x_wconf 92' lang='lat' dir='ltr'>ln</span> <span class='ocrx_word' id='word_1_284' title='bbox 1710 420 1846 454; x_wconf 87' lang='lat' dir='ltr'>quorum</span> <span class='ocrx_word' id='word_1_285' title='bbox 1860 410 1964 454; x_wconf 83' lang='lat' dir='ltr'>fidem,</span> <span class='ocrx_word' id='word_1_286' title='bbox 1975 418 2033 445; x_wconf 83' lang='lat' dir='ltr'>etc.</span> 
     </span>
     <span class='ocr_line' id='line_1_50' title="bbox 1291 462 2035 508; baseline 0.005 -13"><span class='ocrx_word' id='word_1_287' title='bbox 1291 462 1403 496; x_wconf 88' lang='lat' dir='ltr'>Datum</span> <span class='ocrx_word' id='word_1_288' title='bbox 1423 463 1540 497; x_wconf 86' lang='lat' dir='ltr'>Romae</span> <span class='ocrx_word' id='word_1_289' title='bbox 1558 464 1589 496; x_wconf 90' lang='lat' dir='ltr'>in</span> <span class='ocrx_word' id='word_1_290' title='bbox 1607 465 1734 497; x_wconf 79' lang='lat' dir='ltr'>camera</span> <span class='ocrx_word' id='word_1_291' title='bbox 1758 464 1932 508; x_wconf 74' lang='lat' dir='ltr'>apostolica</span> <span class='ocrx_word' id='word_1_292' title='bbox 1954 475 2035 500; x_wconf 87' lang='lat' dir='ltr'>anno</span> 
     </span>
     <span class='ocr_line' id='line_1_51' title="bbox 1291 516 2034 552; baseline 0.005 -5"><span class='ocrx_word' id='word_1_293' title='bbox 1291 525 1308 548; x_wconf 91' lang='lat' dir='ltr'>a</span> <span class='ocrx_word' id='word_1_294' title='bbox 1336 516 1502 550; x_wconf 72' lang='lat' dir='ltr'>Natiw&#39;tatc</span> <span class='ocrx_word' id='word_1_295' title='bbox 1537 517 1661 551; x_wconf 90' lang='lat' dir='ltr'>Domini</span> <span class='ocrx_word' id='word_1_296' title='bbox 1693 517 1799 551; x_wconf 89' lang='lat' dir='ltr'>Nostri</span> <span class='ocrx_word' id='word_1_297' title='bbox 1831 518 1899 550; x_wconf 89' lang='lat' dir='ltr'>lesu</span> <span class='ocrx_word' id='word_1_298' title='bbox 1921 517 2034 552; x_wconf 85' lang='lat' dir='ltr'>Christi</span> 
     </span>
     <span class='ocr_line' id='line_1_52' title="bbox 1291 570 2034 612; baseline 0.001 -9"><span class='ocrx_word' id='word_1_299' title='bbox 1291 579 1434 611; x_wconf 55' lang='lat' dir='ltr'>innexam,</span> <span class='ocrx_word' id='word_1_300' title='bbox 1459 570 1628 605; x_wconf 87' lang='lat' dir='ltr'>indictione</span> <span class='ocrx_word' id='word_1_301' title='bbox 1646 581 1676 611; x_wconf 84' lang='lat' dir='ltr'>v,</span> <span class='ocrx_word' id='word_1_302' title='bbox 1693 570 1744 604; x_wconf 88' lang='lat' dir='ltr'>die</span> <span class='ocrx_word' id='word_1_303' title='bbox 1763 581 1783 605; x_wconf 87' lang='lat' dir='ltr'>x</span> <span class='ocrx_word' id='word_1_304' title='bbox 1807 571 1924 604; x_wconf 87' lang='lat' dir='ltr'>mensis</span> <span class='ocrx_word' id='word_1_305' title='bbox 1950 571 2034 612; x_wconf 89' lang='lat' dir='ltr'>maii,</span> 
     </span>
     <span class='ocr_line' id='line_1_53' title="bbox 1291 623 2036 667; baseline 0.003 -11"><span class='ocrx_word' id='word_1_306' title='bbox 1291 623 1492 667; x_wconf 85' lang='lat' dir='ltr'>pontificatus</span> <span class='ocrx_word' id='word_1_307' title='bbox 1515 629 1620 658; x_wconf 85' lang='lat' dir='ltr'>autem</span> <span class='ocrx_word' id='word_1_308' title='bbox 1638 624 1833 658; x_wconf 88' lang='lat' dir='ltr'>Sanctissimi</span> <span class='ocrx_word' id='word_1_309' title='bbox 1858 624 1889 657; x_wconf 88' lang='lat' dir='ltr'>in</span> <span class='ocrx_word' id='word_1_310' title='bbox 1913 624 2036 659; x_wconf 88' lang='lat' dir='ltr'>Christo</span> 
     </span>
     <span class='ocr_line' id='line_1_54' title="bbox 1291 674 2036 719; baseline 0.001 -12"><span class='ocrx_word' id='word_1_311' title='bbox 1291 674 1391 708; x_wconf 86' lang='lat' dir='ltr'>Patris</span> <span class='ocrx_word' id='word_1_312' title='bbox 1421 680 1451 708; x_wconf 89' lang='lat' dir='ltr'>et</span> <span class='ocrx_word' id='word_1_313' title='bbox 1477 675 1602 709; x_wconf 89' lang='lat' dir='ltr'>Domini</span> <span class='ocrx_word' id='word_1_314' title='bbox 1633 675 1732 709; x_wconf 84' lang='lat' dir='ltr'>nostri</span> <span class='ocrx_word' id='word_1_315' title='bbox 1757 675 1791 709; x_wconf 91' lang='lat' dir='ltr'>D.</span> <span class='ocrx_word' id='word_1_316' title='bbox 1816 675 1960 719; x_wconf 84' lang='lat' dir='ltr'>Gregorii</span> <span class='ocrx_word' id='word_1_317' title='bbox 1990 675 2036 708; x_wconf 90' lang='lat' dir='ltr'>di-</span> 
     </span>
     <span class='ocr_line' id='line_1_55' title="bbox 1291 728 2036 774; baseline 0.001 -13"><span class='ocrx_word' id='word_1_318' title='bbox 1291 728 1364 762; x_wconf 73' lang='lat' dir='ltr'>vina</span> <span class='ocrx_word' id='word_1_319' title='bbox 1387 729 1587 774; x_wconf 81' lang='lat' dir='ltr'>providentia</span> <span class='ocrx_word' id='word_1_320' title='bbox 1610 729 1713 774; x_wconf 86' lang='lat' dir='ltr'>Papae</span> <span class='ocrx_word' id='word_1_321' title='bbox 1737 729 1787 763; x_wconf 84' lang='lat' dir='ltr'>XV</span> <span class='ocrx_word' id='word_1_322' title='bbox 1811 739 1893 763; x_wconf 90' lang='lat' dir='ltr'>anno</span> <span class='ocrx_word' id='word_1_323' title='bbox 1917 739 1950 763; x_wconf 84' lang='lat'>11.</span> <span class='ocrx_word' id='word_1_324' title='bbox 1975 729 2036 762; x_wconf 81' lang='lat' dir='ltr'>Pro</span> 
     </span>
     <span class='ocr_line' id='line_1_56' title="bbox 1291 781 2035 823; baseline 0 -9"><span class='ocrx_word' id='word_1_325' title='bbox 1291 781 1504 816; x_wconf 87' lang='lat' dir='ltr'>illustrissimo</span> <span class='ocrx_word' id='word_1_326' title='bbox 1534 782 1568 816; x_wconf 92' lang='lat' dir='ltr'>D.</span> <span class='ocrx_word' id='word_1_327' title='bbox 1598 781 1750 816; x_wconf 87' lang='lat' dir='ltr'>cardinali</span> <span class='ocrx_word' id='word_1_328' title='bbox 1777 782 1974 823; x_wconf 87' lang='lat' dir='ltr'>camerario,</span> <span class='ocrx_word' id='word_1_329' title='bbox 1998 782 2035 815; x_wconf 83' lang='lat' dir='ltr'>M.</span> 
     </span>
     <span class='ocr_line' id='line_1_57' title="bbox 1291 834 2035 870; baseline 0.001 -3"><span class='ocrx_word' id='word_1_330' title='bbox 1291 835 1360 869; x_wconf 82' lang='lat' dir='ltr'>Ant.</span> <span class='ocrx_word' id='word_1_331' title='bbox 1377 834 1466 869; x_wconf 91' lang='lat' dir='ltr'>Card.</span> <span class='ocrx_word' id='word_1_332' title='bbox 1491 834 1678 869; x_wconf 86' lang='lat' dir='ltr'>Gozadinus.</span> <span class='ocrx_word' id='word_1_333' title='bbox 1701 834 1734 869; x_wconf 91' lang='lat' dir='ltr'>O.</span> <span class='ocrx_word' id='word_1_334' title='bbox 1756 834 1885 870; x_wconf 84' lang='lat' dir='ltr'>Garzad.</span> <span class='ocrx_word' id='word_1_335' title='bbox 1910 835 1956 868; x_wconf 90' lang='lat' dir='ltr'>lta</span> <span class='ocrx_word' id='word_1_336' title='bbox 1979 839 2035 868; x_wconf 91' lang='lat' dir='ltr'>est.</span> 
     </span>
     <span class='ocr_line' id='line_1_58' title="bbox 1292 888 2037 932; baseline 0.001 -11"><span class='ocrx_word' id='word_1_337' title='bbox 1292 888 1377 921; x_wconf 88' lang='lat' dir='ltr'>Felix</span> <span class='ocrx_word' id='word_1_338' title='bbox 1398 888 1437 922; x_wconf 89' lang='lat' dir='ltr'>de</span> <span class='ocrx_word' id='word_1_339' title='bbox 1456 888 1542 922; x_wconf 85' lang='lat' dir='ltr'>Totis</span> <span class='ocrx_word' id='word_1_340' title='bbox 1556 889 1591 923; x_wconf 89' lang='lat' dir='ltr'>N.</span> <span class='ocrx_word' id='word_1_341' title='bbox 1610 898 1755 922; x_wconf 86' lang='lat' dir='ltr'>camerae</span> <span class='ocrx_word' id='word_1_342' title='bbox 1775 888 1967 932; x_wconf 86' lang='lat' dir='ltr'>apostolicae</span> <span class='ocrx_word' id='word_1_343' title='bbox 1982 898 2037 922; x_wconf 89' lang='lat' dir='ltr'>no-</span> 
     </span>
     <span class='ocr_line' id='line_1_59' title="bbox 1291 942 1400 976; baseline 0.009 -1"><span class='ocrx_word' id='word_1_344' title='bbox 1291 942 1400 976; x_wconf 86' lang='lat' dir='ltr'>tarius.</span> 
     </span>
    </p>

    <p class='ocr_par' dir='ltr' id='par_1_5' title="bbox 1293 995 2038 1466">
     <span class='ocr_line' id='line_1_60' title="bbox 1336 995 2037 1040; baseline -0.001 -11"><span class='ocrx_word' id='word_1_345' title='bbox 1336 995 1352 1040; x_wconf 79' lang='lat'><strong>§</strong></span> <span class='ocrx_word' id='word_1_346' title='bbox 1376 995 1406 1029; x_wconf 73' lang='lat'>2.</span> <span class='ocrx_word' id='word_1_347' title='bbox 1431 995 1520 1029; x_wconf 90' lang='lat' dir='ltr'>Nunc</span> <span class='ocrx_word' id='word_1_348' title='bbox 1545 1000 1660 1037; x_wconf 88' lang='lat' dir='ltr'>autem,</span> <span class='ocrx_word' id='word_1_349' title='bbox 1685 1005 1740 1030; x_wconf 80' lang='lat' dir='ltr'>vos</span> <span class='ocrx_word' id='word_1_350' title='bbox 1764 995 1973 1040; x_wconf 89' lang='lat' dir='ltr'>amplioribus</span> <span class='ocrx_word' id='word_1_351' title='bbox 1996 995 2037 1029; x_wconf 87' lang='lat' dir='ltr'>fa-</span> 
     </span>
     <span class='ocr_line' id='line_1_61' title="bbox 1293 1049 2037 1094; baseline 0 -12"><span class='ocrx_word' id='word_1_352' title='bbox 1293 1049 1422 1083; x_wconf 85' lang='lat' dir='ltr'>voribus</span> <span class='ocrx_word' id='word_1_353' title='bbox 1446 1054 1477 1083; x_wconf 90' lang='lat' dir='ltr'>et</span> <span class='ocrx_word' id='word_1_354' title='bbox 1500 1049 1611 1093; x_wconf 83' lang='lat' dir='ltr'>gratiis</span> <span class='ocrx_word' id='word_1_355' title='bbox 1642 1049 1794 1094; x_wconf 86' lang='lat' dir='ltr'>prosequi</span> <span class='ocrx_word' id='word_1_356' title='bbox 1818 1049 1977 1090; x_wconf 76' lang='lat' dir='ltr'>volenteS,</span> <span class='ocrx_word' id='word_1_357' title='bbox 2005 1053 2037 1082; x_wconf 87' lang='lat' dir='ltr'>et</span> 
     </span>
     <span class='ocr_line' id='line_1_62' title="bbox 1293 1101 2037 1146; baseline -0.001 -11"><span class='ocrx_word' id='word_1_358' title='bbox 1293 1106 1433 1135; x_wconf 83' lang='lat' dir='ltr'>vestrum</span> <span class='ocrx_word' id='word_1_359' title='bbox 1457 1102 1634 1146; x_wconf 83' lang='lat' dir='ltr'>singulares</span> <span class='ocrx_word' id='word_1_360' title='bbox 1657 1111 1808 1146; x_wconf 88' lang='lat' dir='ltr'>personas</span> <span class='ocrx_word' id='word_1_361' title='bbox 1832 1112 1849 1135; x_wconf 88' lang='lat' dir='ltr'>a</span> <span class='ocrx_word' id='word_1_362' title='bbox 1873 1101 2037 1146; x_wconf 86' lang='lat' dir='ltr'>quibusvis</span> 
     </span>
     <span class='ocr_line' id='line_1_63' title="bbox 1293 1154 2037 1199; baseline 0 -11"><span class='ocrx_word' id='word_1_363' title='bbox 1293 1155 1637 1197; x_wconf 82' lang='lat' dir='ltr'>excommunicationis,</span> <span class='ocrx_word' id='word_1_364' title='bbox 1654 1155 1869 1199; x_wconf 88' lang='lat' dir='ltr'>suspensionis</span> <span class='ocrx_word' id='word_1_365' title='bbox 1885 1159 1916 1188; x_wconf 86' lang='lat' dir='ltr'>et</span> <span class='ocrx_word' id='word_1_366' title='bbox 1939 1154 2037 1188; x_wconf 91' lang='lat' dir='ltr'>inter-</span> 
     </span>
     <span class='ocr_line' id='line_1_64' title="bbox 1293 1207 2038 1252; baseline 0.001 -12"><span class='ocrx_word' id='word_1_367' title='bbox 1293 1207 1378 1249; x_wconf 86' lang='lat' dir='ltr'>dicti,</span> <span class='ocrx_word' id='word_1_368' title='bbox 1391 1208 1523 1252; x_wconf 84' lang='lat' dir='ltr'>aliisque</span> <span class='ocrx_word' id='word_1_369' title='bbox 1541 1208 1760 1242; x_wconf 87' lang='lat' dir='ltr'>ecelesiasticis</span> <span class='ocrx_word' id='word_1_370' title='bbox 1779 1207 1952 1249; x_wconf 82' lang='lat' dir='ltr'>sententiis,</span> <span class='ocrx_word' id='word_1_371' title='bbox 1969 1217 2038 1241; x_wconf 90' lang='lat' dir='ltr'>cen—</span> 
     </span>
     <span class='ocr_line' id='line_1_65' title="bbox 1294 1261 2036 1305; baseline 0 -11"><span class='ocrx_word' id='word_1_372' title='bbox 1294 1261 1376 1294; x_wconf 88' lang='lat' dir='ltr'>suris</span> <span class='ocrx_word' id='word_1_373' title='bbox 1400 1266 1430 1294; x_wconf 90' lang='lat' dir='ltr'>et</span> <span class='ocrx_word' id='word_1_374' title='bbox 1454 1261 1587 1305; x_wconf 89' lang='lat' dir='ltr'>poenis,</span> <span class='ocrx_word' id='word_1_375' title='bbox 1611 1271 1628 1294; x_wconf 87' lang='lat' dir='ltr'>a</span> <span class='ocrx_word' id='word_1_376' title='bbox 1652 1261 1723 1295; x_wconf 92' lang='lat' dir='ltr'>iure</span> <span class='ocrx_word' id='word_1_377' title='bbox 1747 1262 1795 1295; x_wconf 81' lang='lat' dir='ltr'>vel</span> <span class='ocrx_word' id='word_1_378' title='bbox 1820 1261 1860 1294; x_wconf 88' lang='lat' dir='ltr'>ab</span> <span class='ocrx_word' id='word_1_379' title='bbox 1884 1261 2014 1295; x_wconf 89' lang='lat' dir='ltr'>homine</span> <span class='ocrx_word' id='word_1_380' title='bbox 2028 1289 2036 1303; x_wconf 93' lang='lat'>,</span> 
     </span>
     <span class='ocr_line' id='line_1_66' title="bbox 1294 1315 2038 1359; baseline 0 -11"><span class='ocrx_word' id='word_1_381' title='bbox 1294 1315 1403 1359; x_wconf 84' lang='lat' dir='ltr'>quavis</span> <span class='ocrx_word' id='word_1_382' title='bbox 1426 1315 1592 1349; x_wconf 88' lang='lat' dir='ltr'>occasione</span> <span class='ocrx_word' id='word_1_383' title='bbox 1610 1315 1657 1348; x_wconf 81' lang='lat' dir='ltr'>vel</span> <span class='ocrx_word' id='word_1_384' title='bbox 1674 1317 1767 1348; x_wconf 74' lang='lat' dir='ltr'>causa</span> <span class='ocrx_word' id='word_1_385' title='bbox 1784 1315 1864 1356; x_wconf 86' lang='lat' dir='ltr'>latis,</span> <span class='ocrx_word' id='word_1_386' title='bbox 1881 1315 1907 1348; x_wconf 92' lang='lat' dir='ltr'>si</span> <span class='ocrx_word' id='word_1_387' title='bbox 1923 1315 2038 1359; x_wconf 87' lang='lat' dir='ltr'>quibus</span> 
     </span>
     <span class='ocr_line' id='line_1_67' title="bbox 1294 1368 2038 1412; baseline 0 -11"><span class='ocrx_word' id='word_1_388' title='bbox 1294 1368 1532 1412; x_wconf 88' lang='lat' dir='ltr'>quomodolibet</span> <span class='ocrx_word' id='word_1_389' title='bbox 1555 1368 1720 1401; x_wconf 86' lang='lat' dir='ltr'>innodatae</span> <span class='ocrx_word' id='word_1_390' title='bbox 1745 1368 1892 1409; x_wconf 88' lang='lat' dir='ltr'>existunt,</span> <span class='ocrx_word' id='word_1_391' title='bbox 1909 1368 1948 1401; x_wconf 90' lang='lat' dir='ltr'>ad</span> <span class='ocrx_word' id='word_1_392' title='bbox 1967 1368 2038 1402; x_wconf 85' lang='lat' dir='ltr'>ess&#39;e-</span> 
     </span>
     <span class='ocr_line' id='line_1_68' title="bbox 1294 1421 2037 1466; baseline 0.001 -12"><span class='ocrx_word' id='word_1_393' title='bbox 1294 1427 1379 1455; x_wconf 87' lang='lat' dir='ltr'>ctum</span> <span class='ocrx_word' id='word_1_394' title='bbox 1402 1421 1616 1466; x_wconf 89' lang='lat' dir='ltr'>praesentium</span> <span class='ocrx_word' id='word_1_395' title='bbox 1649 1421 1811 1454; x_wconf 85' lang='lat' dir='ltr'>dumtaxat</span> <span class='ocrx_word' id='word_1_396' title='bbox 1842 1431 2037 1466; x_wconf 89' lang='lat' dir='ltr'>consequen-</span> 
     </span>
    </p>
   </div>
   <div class='ocr_carea' id='block_1_5' title="bbox 1294 1475 2071 1516">
    <p class='ocr_par' dir='ltr' id='par_1_6' title="bbox 1294 1475 2071 1516">
     <span class='ocr_line' id='line_1_69' title="bbox 1294 1475 2071 1516; baseline 0.003 -9"><span class='ocrx_word' id='word_1_397' title='bbox 1294 1475 1381 1516; x_wconf 89' lang='lat' dir='ltr'>dum,</span> <span class='ocrx_word' id='word_1_398' title='bbox 1398 1475 1511 1508; x_wconf 86' lang='lat' dir='ltr'>harum</span> <span class='ocrx_word' id='word_1_399' title='bbox 1535 1475 1617 1508; x_wconf 87' lang='lat' dir='ltr'>serie</span> <span class='ocrx_word' id='word_1_400' title='bbox 1641 1475 1838 1508; x_wconf 80' lang='lat' dir='ltr'>absolventes</span> <span class='ocrx_word' id='word_1_401' title='bbox 1861 1480 1892 1508; x_wconf 86' lang='lat' dir='ltr'>et</span> <span class='ocrx_word' id='word_1_402' title='bbox 1915 1475 2071 1510; x_wconf 55' lang='lat' dir='ltr'>absolu-⁹</span> 
     </span>
    </p>
   </div>
   <div class='ocr_carea' id='block_1_6' title="bbox 1294 1528 2042 2748">
    <p class='ocr_par' dir='ltr' id='par_1_7' title="bbox 1294 1528 2042 2536">
     <span class='ocr_line' id='line_1_70' title="bbox 1296 1528 2038 1573; baseline 0.001 -11"><span class='ocrx_word' id='word_1_403' title='bbox 1296 1533 1341 1563; x_wconf 87' lang='lat' dir='ltr'>tas</span> <span class='ocrx_word' id='word_1_404' title='bbox 1357 1529 1425 1562; x_wconf 84' lang='lat' dir='ltr'>sore</span> <span class='ocrx_word' id='word_1_405' title='bbox 1442 1533 1616 1569; x_wconf 88' lang='lat' dir='ltr'>censentes,</span> <span class='ocrx_word' id='word_1_406' title='bbox 1634 1528 1916 1573; x_wconf 87' lang='lat' dir='ltr'>supplicationibus</span> <span class='ocrx_word' id='word_1_407' title='bbox 1932 1533 2038 1563; x_wconf 88' lang='lat' dir='ltr'>vestro</span> 
     </span>
     <span class='ocr_line' id='line_1_71' title="bbox 1294 1577 2037 1627; baseline 0.004 -13"><span class='ocrx_word' id='word_1_408' title='bbox 1294 1582 1423 1616; x_wconf 91' lang='lat' dir='ltr'>nomine</span> <span class='ocrx_word' id='word_1_409' title='bbox 1447 1582 1539 1616; x_wconf 91' lang='lat' dir='ltr'>nobis</span> <span class='ocrx_word' id='word_1_410' title='bbox 1554 1592 1649 1626; x_wconf 91' lang='lat' dir='ltr'>super</span> <span class='ocrx_word' id='word_1_411' title='bbox 1665 1582 1726 1616; x_wconf 89' lang='lat' dir='ltr'>hoc</span> <span class='ocrx_word' id='word_1_412' title='bbox 1742 1582 1903 1616; x_wconf 87' lang='lat' dir='ltr'>humiliter</span> <span class='ocrx_word' id='word_1_413' title='bbox 1925 1577 2037 1627; x_wconf 85' lang='lat' dir='ltr'>porre-</span> 
     </span>
     <span class='ocr_line' id='line_1_72' title="bbox 1295 1635 2037 1679; baseline 0.001 -11"><span class='ocrx_word' id='word_1_414' title='bbox 1295 1636 1352 1669; x_wconf 86' lang='lat' dir='ltr'>ctis</span> <span class='ocrx_word' id='word_1_415' title='bbox 1372 1635 1523 1677; x_wconf 67' lang='lat' dir='ltr'>inclinafi,</span> <span class='ocrx_word' id='word_1_416' title='bbox 1540 1635 1640 1676; x_wconf 87' lang='lat' dir='ltr'>vobis,</span> <span class='ocrx_word' id='word_1_417' title='bbox 1659 1641 1694 1669; x_wconf 90' lang='lat' dir='ltr'>ut</span> <span class='ocrx_word' id='word_1_418' title='bbox 1713 1636 1857 1670; x_wconf 87' lang='lat' dir='ltr'>eamdem</span> <span class='ocrx_word' id='word_1_419' title='bbox 1881 1636 2037 1679; x_wconf 80' lang='lat' dir='ltr'>gabellam</span> 
     </span>
     <span class='ocr_line' id='line_1_73' title="bbox 1295 1689 2039 1734; baseline 0 -12"><span class='ocrx_word' id='word_1_420' title='bbox 1295 1689 1395 1734; x_wconf 74' lang='lat' dir='ltr'>etiam</span> <span class='ocrx_word' id='word_1_421' title='bbox 1414 1699 1509 1734; x_wconf 86' lang='lat' dir='ltr'>super</span> <span class='ocrx_word' id='word_1_422' title='bbox 1533 1689 1676 1734; x_wconf 85' lang='lat' dir='ltr'>quolibet</span> <span class='ocrx_word' id='word_1_423' title='bbox 1691 1694 1835 1723; x_wconf 87' lang='lat' dir='ltr'>armento</span> <span class='ocrx_word' id='word_1_424' title='bbox 1849 1694 1879 1722; x_wconf 88' lang='lat' dir='ltr'>et</span> <span class='ocrx_word' id='word_1_425' title='bbox 1898 1689 2039 1734; x_wconf 87' lang='lat' dir='ltr'>quolibet</span> 
     </span>
     <span class='ocr_line' id='line_1_74' title="bbox 1295 1743 2040 1788; baseline 0.001 -12"><span class='ocrx_word' id='word_1_426' title='bbox 1295 1743 1415 1787; x_wconf 91' lang='lat' dir='ltr'>pecude</span> <span class='ocrx_word' id='word_1_427' title='bbox 1439 1748 1548 1776; x_wconf 87' lang='lat' dir='ltr'>extero</span> <span class='ocrx_word' id='word_1_428' title='bbox 1562 1770 1570 1784; x_wconf 90' lang='lat'><em>‚</em></span> <span class='ocrx_word' id='word_1_429' title='bbox 1594 1753 1675 1787; x_wconf 91' lang='lat' dir='ltr'>quae</span> <span class='ocrx_word' id='word_1_430' title='bbox 1707 1748 1773 1777; x_wconf 89' lang='lat' dir='ltr'>toto</span> <span class='ocrx_word' id='word_1_431' title='bbox 1797 1743 1869 1776; x_wconf 90' lang='lat' dir='ltr'>anni</span> <span class='ocrx_word' id='word_1_432' title='bbox 1895 1748 2040 1788; x_wconf 86' lang='lat' dir='ltr'>tempore</span> 
     </span>
     <span class='ocr_line' id='line_1_75' title="bbox 1295 1797 2039 1842; baseline 0.001 -13"><span class='ocrx_word' id='word_1_433' title='bbox 1295 1797 1327 1830; x_wconf 90' lang='lat' dir='ltr'>in</span> <span class='ocrx_word' id='word_1_434' title='bbox 1363 1797 1555 1842; x_wconf 88' lang='lat' dir='ltr'>planitiebus</span> <span class='ocrx_word' id='word_1_435' title='bbox 1587 1802 1617 1830; x_wconf 87' lang='lat' dir='ltr'>et</span> <span class='ocrx_word' id='word_1_436' title='bbox 1656 1797 1742 1840; x_wconf 83' lang='lat' dir='ltr'>agris</span> <span class='ocrx_word' id='word_1_437' title='bbox 1777 1797 1909 1830; x_wconf 88' lang='lat' dir='ltr'>ducatus</span> <span class='ocrx_word' id='word_1_438' title='bbox 1938 1798 2039 1831; x_wconf 88' lang='lat' dir='ltr'>nostri</span> 
     </span>
     <span class='ocr_line' id='line_1_76' title="bbox 1295 1850 2039 1894; baseline 0 -11"><span class='ocrx_word' id='word_1_439' title='bbox 1295 1850 1507 1884; x_wconf 87' lang='lat' dir='ltr'>Ferrariensis</span> <span class='ocrx_word' id='word_1_440' title='bbox 1523 1860 1587 1884; x_wconf 90' lang='lat' dir='ltr'>non</span> <span class='ocrx_word' id='word_1_441' title='bbox 1603 1850 1731 1894; x_wconf 82' lang='lat' dir='ltr'>degunt,</span> <span class='ocrx_word' id='word_1_442' title='bbox 1747 1850 1802 1884; x_wconf 86' lang='lat' dir='ltr'>sed</span> <span class='ocrx_word' id='word_1_443' title='bbox 1818 1850 1857 1883; x_wconf 85' lang='lat' dir='ltr'>ad</span> <span class='ocrx_word' id='word_1_444' title='bbox 1874 1850 2039 1884; x_wconf 89' lang='lat' dir='ltr'>hibernan-</span> 
     </span>
     <span class='ocr_line' id='line_1_77' title="bbox 1296 1904 2039 1944; baseline -0.001 -6"><span class='ocrx_word' id='word_1_445' title='bbox 1296 1905 1371 1938; x_wconf 90' lang='lat' dir='ltr'>dum</span> <span class='ocrx_word' id='word_1_446' title='bbox 1397 1904 1560 1938; x_wconf 86' lang='lat' dir='ltr'>dumtaxat</span> <span class='ocrx_word' id='word_1_447' title='bbox 1577 1904 1654 1937; x_wconf 91' lang='lat' dir='ltr'>inibi</span> <span class='ocrx_word' id='word_1_448' title='bbox 1674 1904 1843 1944; x_wconf 90' lang='lat' dir='ltr'>ducuntur,</span> <span class='ocrx_word' id='word_1_449' title='bbox 1859 1904 2039 1937; x_wconf 89' lang='lat' dir='ltr'>cuiuscum—</span> 
     </span>
     <span class='ocr_line' id='line_1_78' title="bbox 1295 1957 2040 2003; baseline 0 -12"><span class='ocrx_word' id='word_1_450' title='bbox 1295 1968 1357 2003; x_wconf 88' lang='lat' dir='ltr'>que</span> <span class='ocrx_word' id='word_1_451' title='bbox 1374 1958 1427 1991; x_wconf 91' lang='lat' dir='ltr'>illa</span> <span class='ocrx_word' id='word_1_452' title='bbox 1445 1958 1507 1991; x_wconf 86' lang='lat' dir='ltr'>sint</span> <span class='ocrx_word' id='word_1_453' title='bbox 1531 1957 1662 1999; x_wconf 89' lang='lat' dir='ltr'>domini,</span> <span class='ocrx_word' id='word_1_454' title='bbox 1680 1957 1863 2002; x_wconf 87' lang='lat' dir='ltr'>imponere,</span> <span class='ocrx_word' id='word_1_455' title='bbox 1890 1957 2040 2002; x_wconf 90' lang='lat' dir='ltr'>illamque</span> 
     </span>
     <span class='ocr_line' id='line_1_79' title="bbox 1296 2010 2040 2056; baseline -0.001 -11"><span class='ocrx_word' id='word_1_456' title='bbox 1296 2012 1342 2045; x_wconf 88' lang='lat' dir='ltr'>sic</span> <span class='ocrx_word' id='word_1_457' title='bbox 1361 2011 1540 2056; x_wconf 90' lang='lat' dir='ltr'>impositam</span> <span class='ocrx_word' id='word_1_458' title='bbox 1560 2011 1660 2045; x_wconf 87' lang='lat' dir='ltr'>libere</span> <span class='ocrx_word' id='word_1_459' title='bbox 1684 2016 1715 2045; x_wconf 90' lang='lat' dir='ltr'>et</span> <span class='ocrx_word' id='word_1_460' title='bbox 1738 2011 1822 2044; x_wconf 88' lang='lat' dir='ltr'>licite</span> <span class='ocrx_word' id='word_1_461' title='bbox 1853 2021 1889 2044; x_wconf 89' lang='lat' dir='ltr'>ac</span> <span class='ocrx_word' id='word_1_462' title='bbox 1912 2010 2040 2055; x_wconf 88' lang='lat' dir='ltr'>impune</span> 
     </span>
     <span class='ocr_line' id='line_1_80' title="bbox 1297 2065 2040 2110; baseline 0 -12"><span class='ocrx_word' id='word_1_463' title='bbox 1297 2070 1328 2099; x_wconf 90' lang='lat' dir='ltr'>et</span> <span class='ocrx_word' id='word_1_464' title='bbox 1351 2065 1470 2110; x_wconf 87' lang='lat' dir='ltr'>absque</span> <span class='ocrx_word' id='word_1_465' title='bbox 1493 2065 1601 2109; x_wconf 91' lang='lat' dir='ltr'>aliquo</span> <span class='ocrx_word' id='word_1_466' title='bbox 1625 2075 1798 2110; x_wconf 89' lang='lat' dir='ltr'>poenarum</span> <span class='ocrx_word' id='word_1_467' title='bbox 1822 2065 1871 2098; x_wconf 76' lang='lat' dir='ltr'>vel</span> <span class='ocrx_word' id='word_1_468' title='bbox 1891 2074 2040 2098; x_wconf 84' lang='lat' dir='ltr'>censura-</span> 
     </span>
     <span class='ocr_line' id='line_1_81' title="bbox 1298 2117 2040 2161; baseline -0.003 -9"><span class='ocrx_word' id='word_1_469' title='bbox 1298 2129 1368 2152; x_wconf 87' lang='lat' dir='ltr'>rum</span> <span class='ocrx_word' id='word_1_470' title='bbox 1404 2118 1691 2152; x_wconf 86' lang='lat' dir='ltr'>ecclesiastiearum</span> <span class='ocrx_word' id='word_1_471' title='bbox 1727 2118 1854 2152; x_wconf 85' lang='lat' dir='ltr'>incursu</span> <span class='ocrx_word' id='word_1_472' title='bbox 1892 2117 2019 2161; x_wconf 85' lang='lat' dir='ltr'>exigere</span> <span class='ocrx_word' id='word_1_473' title='bbox 2032 2145 2040 2158; x_wconf 91' lang='lat'>,</span> 
     </span>
     <span class='ocr_line' id='line_1_82' title="bbox 1298 2171 2040 2216; baseline -0.001 -11"><span class='ocrx_word' id='word_1_474' title='bbox 1298 2182 1353 2205; x_wconf 89' lang='lat' dir='ltr'>seu</span> <span class='ocrx_word' id='word_1_475' title='bbox 1377 2172 1460 2216; x_wconf 83' lang='lat' dir='ltr'>exigi</span> <span class='ocrx_word' id='word_1_476' title='bbox 1484 2172 1598 2213; x_wconf 82' lang='lat' dir='ltr'>facere,</span> <span class='ocrx_word' id='word_1_477' title='bbox 1615 2182 1748 2216; x_wconf 89' lang='lat' dir='ltr'>eamque</span> <span class='ocrx_word' id='word_1_478' title='bbox 1765 2171 1914 2212; x_wconf 87' lang='lat' dir='ltr'>affictare,</span> <span class='ocrx_word' id='word_1_479' title='bbox 1931 2181 2040 2204; x_wconf 89' lang='lat' dir='ltr'>arren-</span> 
     </span>
     <span class='ocr_line' id='line_1_83' title="bbox 1297 2224 2042 2270; baseline -0.001 -12"><span class='ocrx_word' id='word_1_480' title='bbox 1297 2225 1383 2266; x_wconf 90' lang='lat' dir='ltr'>dare,</span> <span class='ocrx_word' id='word_1_481' title='bbox 1400 2225 1560 2270; x_wconf 89' lang='lat' dir='ltr'>appaltare</span> <span class='ocrx_word' id='word_1_482' title='bbox 1584 2229 1614 2259; x_wconf 87' lang='lat' dir='ltr'>et</span> <span class='ocrx_word' id='word_1_483' title='bbox 1637 2225 1675 2258; x_wconf 91' lang='lat' dir='ltr'>dc</span> <span class='ocrx_word' id='word_1_484' title='bbox 1699 2224 1752 2258; x_wconf 81' lang='lat' dir='ltr'>illa</span> <span class='ocrx_word' id='word_1_485' title='bbox 1776 2224 1956 2268; x_wconf 89' lang='lat' dir='ltr'>disponere,</span> <span class='ocrx_word' id='word_1_486' title='bbox 1979 2233 2042 2257; x_wconf 87' lang='lat' dir='ltr'>ser-</span> 
     </span>
     <span class='ocr_line' id='line_1_84' title="bbox 1298 2277 2042 2322; baseline -0.003 -10"><span class='ocrx_word' id='word_1_487' title='bbox 1298 2280 1369 2312; x_wconf 75' lang='lat' dir='ltr'>vata</span> <span class='ocrx_word' id='word_1_488' title='bbox 1392 2279 1469 2312; x_wconf 79' lang='lat' dir='ltr'>alias</span> <span class='ocrx_word' id='word_1_489' title='bbox 1493 2279 1525 2312; x_wconf 92' lang='lat' dir='ltr'>in</span> <span class='ocrx_word' id='word_1_490' title='bbox 1549 2279 1696 2312; x_wconf 90' lang='lat' dir='ltr'>omnibus</span> <span class='ocrx_word' id='word_1_491' title='bbox 1721 2283 1751 2311; x_wconf 88' lang='lat' dir='ltr'>et</span> <span class='ocrx_word' id='word_1_492' title='bbox 1775 2289 1832 2322; x_wconf 88' lang='lat' dir='ltr'>per</span> <span class='ocrx_word' id='word_1_493' title='bbox 1856 2277 1961 2312; x_wconf 88' lang='lat' dir='ltr'>omnia</span> <span class='ocrx_word' id='word_1_494' title='bbox 1979 2277 2042 2311; x_wconf 88' lang='lat' dir='ltr'>chi-</span> 
     </span>
     <span class='ocr_line' id='line_1_85' title="bbox 1298 2330 2040 2376; baseline -0.003 -11"><span class='ocrx_word' id='word_1_495' title='bbox 1298 2332 1448 2376; x_wconf 78' lang='lat' dir='ltr'>rographi</span> <span class='ocrx_word' id='word_1_496' title='bbox 1472 2337 1503 2365; x_wconf 89' lang='lat' dir='ltr'>et</span> <span class='ocrx_word' id='word_1_497' title='bbox 1526 2332 1702 2365; x_wconf 87' lang='lat' dir='ltr'>litterarum</span> <span class='ocrx_word' id='word_1_498' title='bbox 1735 2330 1916 2364; x_wconf 89' lang='lat' dir='ltr'>huiusmodi</span> <span class='ocrx_word' id='word_1_499' title='bbox 1940 2330 2040 2364; x_wconf 79' lang='lat' dir='ltr'>forma</span> 
     </span>
     <span class='ocr_line' id='line_1_86' title="bbox 1297 2383 2040 2430; baseline -0.004 -11"><span class='ocrx_word' id='word_1_500' title='bbox 1297 2390 1328 2420; x_wconf 89' lang='lat' dir='ltr'>et</span> <span class='ocrx_word' id='word_1_501' title='bbox 1351 2391 1471 2427; x_wconf 88' lang='lat' dir='ltr'>tenore,</span> <span class='ocrx_word' id='word_1_502' title='bbox 1495 2385 1622 2430; x_wconf 89' lang='lat' dir='ltr'>possitis</span> <span class='ocrx_word' id='word_1_503' title='bbox 1645 2391 1676 2418; x_wconf 91' lang='lat' dir='ltr'>et</span> <span class='ocrx_word' id='word_1_504' title='bbox 1701 2385 1843 2425; x_wconf 85' lang='lat' dir='ltr'>valeatis,</span> <span class='ocrx_word' id='word_1_505' title='bbox 1867 2383 2040 2428; x_wconf 75' lang='lat' dir='ltr'>apostolica</span> 
     </span>
     <span class='ocr_line' id='line_1_87' title="bbox 1298 2437 2037 2483; baseline -0.005 -11"><span class='ocrx_word' id='word_1_506' title='bbox 1298 2439 1494 2480; x_wconf 83' lang='lat' dir='ltr'>auctoritate,</span> <span class='ocrx_word' id='word_1_507' title='bbox 1518 2444 1629 2472; x_wconf 86' lang='lat' dir='ltr'>tenore</span> <span class='ocrx_word' id='word_1_508' title='bbox 1656 2438 1881 2483; x_wconf 88' lang='lat' dir='ltr'>praesentium,</span> <span class='ocrx_word' id='word_1_509' title='bbox 1906 2437 2037 2469; x_wconf 87' lang='lat' dir='ltr'>faculta-</span> 
     </span>
     <span class='ocr_line' id='line_1_88' title="bbox 1298 2491 1876 2536; baseline -0.005 -10"><span class='ocrx_word' id='word_1_510' title='bbox 1298 2498 1362 2527; x_wconf 88' lang='lat' dir='ltr'>tem</span> <span class='ocrx_word' id='word_1_511' title='bbox 1387 2493 1589 2527; x_wconf 90' lang='lat' dir='ltr'>concedimus</span> <span class='ocrx_word' id='word_1_512' title='bbox 1613 2497 1643 2526; x_wconf 89' lang='lat' dir='ltr'>et</span> <span class='ocrx_word' id='word_1_513' title='bbox 1666 2491 1876 2536; x_wconf 83' lang='lat' dir='ltr'>impertimur.</span> 
     </span>
    </p>

    <p class='ocr_par' dir='ltr' id='par_1_8' title="bbox 1298 2543 2041 2696">
     <span class='ocr_line' id='line_1_89' title="bbox 1343 2543 2041 2590; baseline -0.006 -11"><span class='ocrx_word' id='word_1_514' title='bbox 1343 2545 1400 2590; x_wconf 66' lang='lat'>§3</span> <span class='ocrx_word' id='word_1_515' title='bbox 1415 2546 1483 2579; x_wconf 87' lang='lat' dir='ltr'>Non</span> <span class='ocrx_word' id='word_1_516' title='bbox 1498 2545 1695 2579; x_wconf 87' lang='lat' dir='ltr'>obstantibus</span> <span class='ocrx_word' id='word_1_517' title='bbox 1711 2544 1858 2578; x_wconf 89' lang='lat' dir='ltr'>omnibus</span> <span class='ocrx_word' id='word_1_518' title='bbox 1875 2543 1947 2583; x_wconf 81' lang='lat' dir='ltr'>iltis,</span> <span class='ocrx_word' id='word_1_519' title='bbox 1960 2553 2041 2587; x_wconf 89' lang='lat' dir='ltr'>quae</span> 
     </span>
     <span class='ocr_line' id='line_1_90' title="bbox 1298 2595 2038 2642; baseline -0.005 -10"><span class='ocrx_word' id='word_1_520' title='bbox 1298 2599 1331 2632; x_wconf 93' lang='lat' dir='ltr'>in</span> <span class='ocrx_word' id='word_1_521' title='bbox 1361 2599 1445 2632; x_wconf 88' lang='lat' dir='ltr'>dicto</span> <span class='ocrx_word' id='word_1_522' title='bbox 1478 2598 1692 2642; x_wconf 82' lang='lat' dir='ltr'>chirographo</span> <span class='ocrx_word' id='word_1_523' title='bbox 1723 2597 1868 2631; x_wconf 90' lang='lat' dir='ltr'>volumus</span> <span class='ocrx_word' id='word_1_524' title='bbox 1891 2606 1954 2630; x_wconf 92' lang='lat' dir='ltr'>non</span> <span class='ocrx_word' id='word_1_525' title='bbox 1978 2595 2038 2630; x_wconf 91' lang='lat' dir='ltr'>ob-</span> 
     </span>
     <span class='ocr_line' id='line_1_91' title="bbox 1298 2649 2038 2696; baseline -0.007 -9"><span class='ocrx_word' id='word_1_526' title='bbox 1298 2656 1391 2693; x_wconf 87' lang='lat' dir='ltr'>stare,</span> <span class='ocrx_word' id='word_1_527' title='bbox 1407 2652 1581 2696; x_wconf 88' lang='lat' dir='ltr'>ceterisque</span> <span class='ocrx_word' id='word_1_528' title='bbox 1596 2650 1762 2684; x_wconf 88' lang='lat' dir='ltr'>contrariis</span> <span class='ocrx_word' id='word_1_529' title='bbox 1774 2649 2038 2694; x_wconf 89' lang='lat' dir='ltr'>quibuscumque.</span> 
     </span>
    </p>

    <p class='ocr_par' dir='ltr' id='par_1_9' title="bbox 1342 2702 2039 2748">
     <span class='ocr_line' id='line_1_92' title="bbox 1342 2702 2039 2748; baseline -0.004 -8"><span class='ocrx_word' id='word_1_530' title='bbox 1342 2706 1453 2740; x_wconf 85' lang='lat' dir='ltr'>Datum</span> <span class='ocrx_word' id='word_1_531' title='bbox 1479 2706 1596 2740; x_wconf 88' lang='lat' dir='ltr'>Romae</span> <span class='ocrx_word' id='word_1_532' title='bbox 1627 2702 1710 2748; x_wconf 92' lang='lat' dir='ltr'>apud</span> <span class='ocrx_word' id='word_1_533' title='bbox 1739 2708 1880 2737; x_wconf 83' lang='lat' dir='ltr'>sanctum</span> <span class='ocrx_word' id='word_1_534' title='bbox 1913 2702 2039 2738; x_wconf 90' lang='lat' dir='ltr'>Petrum</span> 
     </span>
    </p>
   </div>
   <div class='ocr_carea' id='block_1_7' title="bbox 2043 309 2233 340">
    <p class='ocr_par' dir='ltr' id='par_1_10' title="bbox 2043 309 2233 340">
     <span class='ocr_line' id='line_1_93' title="bbox 2043 309 2233 340; baseline 0.011 -2"><span class='ocrx_word' id='word_1_535' title='bbox 2043 310 2095 338; x_wconf 84' lang='lat' dir='ltr'>An.</span> <span class='ocrx_word' id='word_1_536' title='bbox 2117 309 2146 338; x_wconf 87' lang='lat' dir='ltr'>C.</span> <span class='ocrx_word' id='word_1_537' title='bbox 2164 309 2233 340; x_wconf 73' lang='lat'>¹62³</span> 
     </span>
    </p>
   </div>
   <div class='ocr_carea' id='block_1_8' title="bbox 2234 1116 2293 3231">
    <p class='ocr_par' dir='ltr' id='par_1_11' title="bbox 2234 1116 2293 3231">
     <span class='ocr_line' id='line_1_94' title="bbox 2234 1116 2293 3231; baseline 0 0"><span class='ocrx_word' id='word_1_538' title='bbox 2234 1116 2293 3231; x_wconf 95' lang='lat' dir='ltr'>   </span> 
     </span>
    </p>
   </div>
   <div class='ocr_carea' id='block_1_9' title="bbox 2050 1010 2238 1112">
    <p class='ocr_par' dir='ltr' id='par_1_12' title="bbox 2050 1010 2238 1112">
     <span class='ocr_line' id='line_1_95' title="bbox 2117 1010 2237 1033; baseline 0 -1"><span class='ocrx_word' id='word_1_539' title='bbox 2117 1010 2237 1033; x_wconf 74' lang='lat' dir='ltr'>cardinan-</span> 
     </span>
     <span class='ocr_line' id='line_1_96' title="bbox 2050 1037 2237 1059; baseline 0 0"><span class='ocrx_word' id='word_1_540' title='bbox 2050 1037 2164 1059; x_wconf 72' lang='lat' dir='ltr'>Lndovisis</span> <span class='ocrx_word' id='word_1_541' title='bbox 2181 1037 2237 1059; x_wconf 69' lang='lat' dir='ltr'>liue-</span> 
     </span>
     <span class='ocr_line' id='line_1_97' title="bbox 2050 1063 2238 1086; baseline 0 0"><span class='ocrx_word' id='word_1_542' title='bbox 2050 1069 2086 1086; x_wconf 71' lang='grc' dir='ltr'>ηε</span> <span class='ocrx_word' id='word_1_543' title='bbox 2099 1066 2157 1085; x_wconf 71' lang='lat' dir='ltr'>ratas</span> <span class='ocrx_word' id='word_1_544' title='bbox 2169 1063 2238 1086; x_wconf 67' lang='lat' dir='ltr'>habet</span> 
     </span>
     <span class='ocr_line' id='line_1_98' title="bbox 2051 1090 2155 1112; baseline 0 0"><span class='ocrx_word' id='word_1_545' title='bbox 2051 1090 2155 1112; x_wconf 75' lang='lat' dir='ltr'>Pontifex.</span> 
     </span>
    </p>
   </div>
   <div class='ocr_carea' id='block_1_10' title="bbox 2056 2552 2239 2576">
    <p class='ocr_par' dir='ltr' id='par_1_13' title="bbox 2056 2552 2239 2576">
     <span class='ocr_line' id='line_1_99' title="bbox 2056 2552 2239 2576; baseline -0.005 -1"><span class='ocrx_word' id='word_1_546' title='bbox 2056 2553 2167 2576; x_wconf 74' lang='lat' dir='ltr'>Contraria</span> <span class='ocrx_word' id='word_1_547' title='bbox 2179 2552 2239 2575; x_wconf 67' lang='lat' dir='ltr'>tollit}</span> 
     </span>
    </p>
   </div>
  </div>
 </body>
</html>
