2293 3231
83 321 136 350 ΑΙ.
151 319 180 349 C.
199 319 268 349 ¹622

118 1649 230 1672 canonicis
240 1649 280 1670 eri-

96 1677 179 1705 gondae
217 1676 281 1697 colle·

96 1705 168 1731 giatae
193 1703 280 1723 faculta-

96 1733 139 1752 tem
161 1729 282 1751 conceden-

97 1757 119 1779 di
148 1755 280 1778 constitutio-

97 1789 146 1806 num
161 1782 281 1805 condenda-

97 1816 158 1835 mum

863 316 1040 341 GREGORIUS
1071 316 1114 340 XV
1137 316 1186 340 PP.

280 372 368 401 tuum
400 376 436 399 ac
459 366 743 399 emolumentorum
780 364 961 397 huiusmodi
985 365 1016 396 in

280 429 372 453 usum
389 418 644 451 distributionum
661 417 913 461 quotidianarum
934 417 1034 456 iuxta}
1052 417 1226 460 ritibusque
1252 416 1283 448 in
1308 416 1471 458 collegiata
1499 414 1631 448 ecclesia
1648 440 1655 454 ,
1681 413 1789 452 choro,

1034 470 1198 518 lcapitulo,
1224 469 1498 513 processionibus,
1524 473 1553 501 et
1577 467 1646 500 aliis
1669 465 1791 499 actibus

282 471 444 516 providam
459 471 594 515 desuper
608 470 778 504 taciendam
790 470 1017 503 ordinationem

282 524 364 557 inter
387 524 533 557 abbatem
565 529 596 556 et
626 523 765 566 singulos
798 523 974 563 canonicos,
988 522 1020 554 in

283 577 366 611 dicta
387 577 551 619 collegiata
568 576 700 609 ecclesia
725 586 783 620 pro
807 581 950 619 tempore
974 586 1021 608 re-

284 630 419 664 sidentes
442 635 472 663 et
495 630 583 663 horis
607 630 774 670 canonicis,
799 629 929 672 aliisque
953 629 1020 661 offi-

285 683 340 717 ciis
364 683 396 716 in
421 685 539 726 eti-pro
573 687 715 726 tempore
751 682 946 715 celebrandis
974 681 1022 713 in-

285 740 470 769 teressentes
490 763 498 776 ,
532 735 676 768 similiter
717 734 954 767 dividendarum
994 739 1023 766 et

285 789 554 834 repartiendarum
581 789 638 832 (ex
664 788 776 832 quibus
801 787 896 820 abbas
920 786 1022 830 dupli-

287 854 373 884 cem,
401 842 541 876 canonici
566 853 642 876 vero
666 852 760 874 unam
783 841 958 884 simplicem
978 840 1024 872 di-

287 896 510 929 stributionum
523 896 754 940 praedictarum
768 894 944 938 portionem
958 903 1026 937 per-

290 950 425 994 cipiant,
450 949 624 983 absentium
654 959 729 981 vero
753 953 783 980 et
806 957 868 980 non
896 947 1024 979 interes-

290 1003 425 1036 sentium
444 1002 615 1047 portiones,
635 1000 828 1034 infirmitatis
844 1005 957 1039 tamen,
974 1004 1026 1031 aut

289 1056 350 1090 alio
373 1056 535 1099 legitimo,
560 1055 598 1087 de
622 1065 684 1098 quo
708 1052 814 1087 doceri
828 1053 948 1091 debeat,
967 1052 1026 1084 im-

289 1110 470 1154 pedimento
496 1108 640 1148 cessanti,
665 1108 734 1140 aliis
758 1106 974 1151 praesentibus
998 1110 1028 1137 et

291 1162 403 1196 divinis
427 1161 547 1201 officiis,
566 1166 599 1193 ut
616 1160 801 1204 praefertur,
819 1158 1029 1191 interessenti-

290 1216 359 1255 bus,
378 1225 437 1258 pro
453 1214 701 1256 uniuscuiusque
721 1214 788 1245 rata
805 1217 834 1244 et
852 1210 1029 1255 proportio-

290 1267 436 1301 nabiliter
471 1267 692 1309 accrescant),
726 1265 866 1308 aliosque
903 1274 1028 1296 mensae

291 1320 498 1365 capitularis,
532 1329 654 1352 necnon
689 1317 813 1361 collegii
845 1317 1030 1350 Iesuitarmn

290 1374 524 1419 praedictorum
534 1372 717 1416 respective,
734 1382 809 1404 usus
825 1375 854 1404 ct
866 1370 1029 1403 utilitatem

292 1432 495 1467 convertere,
520 1425 700 1460 Dioecesani
732 1425 792 1459 loci
817 1425 864 1457 vel
896 1424 1031 1457 cuiusvis

293 1481 422 1514 alterius
450 1479 575 1512 licentia
603 1479 737 1522 desuper
765 1478 895 1510 minime
925 1477 1031 1522 requi-

294 1533 366 1577 sita]
384 1532 528 1566 similiter
546 1536 700 1575 perpetuo
713 1531 851 1574 applices
872 1535 902 1562 et
921 1540 1033 1573 appro-

293 1588 378 1631 pries
403 1597 439 1620 ac
463 1587 664 1630 incorpores;

339 1641 354 1685 ἓ
378 1639 408 1673 9.
433 1640 560 1673 Necnon
584 1638 689 1671 abbati
714 1643 744 1671 et
767 1638 902 1682 capitulo
927 1647 962 1670 ac
982 1647 1032 1669 ca-

295 1693 417 1727 nonicis
451 1692 551 1726 dictae
586 1691 767 1734 collegiatae
795 1691 944 1723 ecclesiae
974 1701 1033 1734 pro

296 1752 439 1791 tempore
463 1745 666 1779 existentibus
683 1745 756 1788 (pro
776 1744 917 1777 eiusdem
938 1744 1051 1776 eccle-2

296 1801 382 1842 siae,
405 1800 550 1843 illiusque
582 1809 689 1832 rerum
715 1803 745 1830 et
776 1798 944 1837 bonorum,
970 1803 1033 1830 tam

296 1853 508 1899 spiritualium
532 1863 627 1897 quam
650 1851 884 1895 temporalium,
908 1861 944 1883 ac
967 1861 1036 1894 per-

297 1917 446 1941 sonarum
485 1907 533 1939 vel
574 1906 792 1939 ministrorum
823 1914 977 1948 prospero
1006 1910 1035 1937 et

297 1961 379 1995 felici
403 1966 502 2001 statu,
527 1960 700 2003 regimine,
725 1958 879 2002 gubernio
904 1963 934 1990 et
957 1958 1037 1990 dire-

299 2015 412 2055 ctione,
429 2020 459 2047 et
474 2024 607 2047 onerum
627 2013 689 2046 illis
702 2012 950 2046 incumbentium
968 2022 1037 2055 sup-

298 2068 486 2113 portatione,
510 2068 688 2107 missarum,
706 2067 857 2099 horarum
875 2065 1037 2098 canonica-

301 2133 382 2162 rum,
391 2126 422 2155 et
435 2121 568 2154 aliorum
581 2121 759 2154 divinorum
776 2119 962 2159 officiorum,
973 2123 1035 2151 tam

300 2174 488 2208 diurnorum
516 2184 610 2217 quam
639 2178 885 2211 nocturnorum,
910 2182 1037 2215 proces-

302 2228 436 2268 sionum,
452 2226 749 2266 anniversariorum,
771 2230 801 2258 et
825 2225 961 2257 aliorum
980 2224 1039 2257 sus-

302 2281 477 2324 trag-iorum
508 2280 717 2314 celebratione
749 2283 778 2313 et
801 2279 1038 2318 decantatione,

303 2346 338 2369 ac
362 2334 482 2367 abbatis
508 2338 538 2366 et
562 2333 785 2366 canonicorum
802 2332 974 2375 respective
991 2331 1041 2364 ad-

305 2388 453 2422 missione
469 2392 499 2420 et
518 2386 697 2427 residentia,
713 2396 835 2419 necnon
851 2384 1042 2417 distributio-

304 2452 380 2475 num
417 2440 670 2484 quotidianarum
707 2444 737 2471 et
767 2438 901 2471 aliorum
933 2448 1041 2481 perce-

304 2495 421 2540 ptione,
435 2494 596 2534 divisione,
606 2492 810 2537 repartitione
821 2497 851 2524 et
864 2491 1041 2531 amissione,

306 2558 342 2582 ac
366 2548 554 2581 muletarum
572 2552 601 2580 et
627 2556 800 2590 poenarum
824 2555 880 2588 per
900 2544 1043 2577 absentes

306 2607 337 2635 et
360 2601 473 2635 divinis
497 2600 608 2633 officiis
641 2610 704 2632 non
738 2599 956 2631 interessentes
988 2608 1043 2630 seu

306 2665 403 2689 onera
426 2659 457 2687 et
480 2654 608 2687 servitia
631 2653 675 2686 eis
699 2652 916 2686 incumbentes
936 2651 1042 2683 subire

305 2708 500 2752 negligentes
529 2709 667 2748 incursu,
682 2707 877 2750 singulorum
900 2715 1044 2749 praesen—

1048 364 1098 396 tiis
1119 368 1149 396 et
1172 362 1320 396 absentiis
1342 361 1496 402 notandis,
1512 371 1548 394 ac
1572 359 1789 400 caeremoniis,

1054 522 1221 567 praedictis
1255 521 1423 561 servandis,
1449 520 1635 554 officialibus
1663 524 1693 551 et
1723 517 1791 550 aliis

1055 575 1204 607 ministris
1214 573 1398 618 deputandis
1411 578 1439 605 et
1453 571 1644 612 amovendis,
1659 569 1792 603 servitiis

1055 632 1084 660 et
1101 627 1284 660 ministeriis
1298 638 1355 670 per
1372 637 1425 660 eos
1438 625 1591 659 obeundis
1608 630 1638 657 et
1653 622 1792 667 agendis,

1057 680 1177 713 salariis
1202 683 1231 714 et
1255 679 1417 723 stipendiis
1434 689 1543 712 eorum
1565 677 1693 711 cuilibet
1708 685 1795 720 prae-

1057 733 1183 774 standis,
1197 744 1232 766 ac
1257 733 1419 777 quibusvis
1443 732 1510 765 aliis
1533 731 1629 765 rebus
1652 731 1684 763 in
1707 739 1795 773 prae-

1057 786 1159 818 missis
1187 786 1236 818 rel
1261 786 1344 819 circa
1368 796 1403 817 ea
1426 783 1663 828 quomodolibet
1686 792 1795 815 neces-

1059 839 1148 871 sariis
1167 844 1197 872 ct
1220 839 1419 882 opportunis)
1437 846 1654 881 quaecumque
1670 838 1795 875 statuta,

1059 892 1270 925 ordinationes
1296 897 1325 924 et
1349 892 1473 924 decreta
1498 890 1606 933 (licita
1638 894 1744 922 tamen
1767 892 1797 920 et

1059 946 1210 985 honesta,
1235 950 1264 978 et
1293 944 1389 978 sacris
1413 943 1585 977 canonibus
1608 947 1639 976 et
1668 941 1797 976 Concilii

1060 998 1233 1031 Tridentini
1257 997 1401 1037 decretis,
1424 1006 1547 1029 necnon
1571 993 1798 1028 constitutioni-

1060 1050 1119 1083 bus
1136 1055 1166 1082 et
1179 1050 1427 1083 ordinationibus
1451 1048 1633 1093 apostolicis
1648 1057 1712 1080 non
1729 1056 1798 1079 con-

1042 1133 1044 1143 ,
1061 1104 1166 1143 traria,
1180 1114 1214 1136 ac
1228 1114 1284 1147 per
1298 1102 1498 1136 Ordinarium
1512 1102 1571 1135 loci
1584 1111 1643 1145 pro
1656 1106 1799 1144 tempore

1061 1156 1245 1189 existentem
1277 1155 1480 1189 examinanda
1510 1160 1540 1187 ct
1572 1153 1799 1198 approbanda)

1063 1209 1227 1249 condendi,
1253 1215 1284 1241 et
1307 1209 1431 1241 condita
1454 1219 1512 1252 pro
1537 1217 1644 1240 rerum
1668 1210 1698 1239 et
1720 1211 1799 1238 tem-

1062 1273 1178 1305 porum
1202 1262 1350 1294 varietate
1374 1266 1404 1294 et
1428 1261 1592 1305 qualitate,
1612 1259 1735 1303 quoties
1752 1269 1802 1292 ex-

1063 1315 1192 1359 pediens
1212 1315 1378 1355 videbitur,
1395 1313 1590 1354 immutandi,
1611 1312 1801 1355 corrigendi,

1064 1368 1228 1409 limitandi,
1248 1367 1427 1401 declarandi
1452 1372 1482 1400 et
1506 1366 1742 1410 interpretandi,
1767 1376 1803 1399 ac

1065 1422 1096 1454 in
1120 1423 1285 1455 meliorem
1309 1423 1443 1455 sormam
1467 1420 1641 1463 redigendi,
1665 1431 1720 1453 seu
1744 1420 1802 1452 alia

1065 1476 1102 1509 de
1116 1486 1198 1509 novo
1223 1476 1315 1508 etiam
1341 1486 1378 1507 ex
1403 1475 1525 1517 integro
1543 1473 1708 1513 condendi,
1725 1483 1803 1516 quae

1066 1535 1189 1569 tamen,
1221 1534 1386 1573 postquam
1416 1528 1461 1561 sic
1484 1528 1522 1560 de
1546 1538 1628 1561 novo
1658 1527 1803 1563 condita.

1066 1587 1161 1627 prout
1184 1588 1212 1615 et
1238 1593 1283 1622 ea,
1307 1592 1387 1626 quae
1411 1582 1583 1622 immutata,
1600 1586 1752 1620 correcta,
1767 1580 1804 1613 li-

1067 1637 1185 1677 mitata,
1199 1636 1365 1675 declarata,
1390 1635 1605 1678 interpretata,
1627 1644 1663 1667 ac
1684 1634 1716 1666 in
1745 1643 1806 1666 me-

1066 1690 1177 1723 liorem
1197 1690 1331 1723 formam
1349 1689 1476 1722 redacta
1490 1688 1615 1728 fuerint,
1638 1698 1696 1731 per
1722 1698 1806 1720 eum-

1067 1744 1138 1777 dem
1162 1743 1363 1777 Ordinariuiu
1387 1742 1559 1775 examinari
1583 1747 1612 1774 et
1636 1741 1805 1785 approbari

1067 1797 1210 1837 debeant,
1227 1801 1255 1829 et
1276 1807 1333 1840 per
1356 1806 1421 1836 eos,
1438 1795 1476 1828 ad
1493 1805 1571 1839 quos
1587 1805 1645 1838 pro
1661 1799 1806 1838 tempore

1068 1850 1241 1894 spectabit,
1265 1849 1322 1882 sub
1346 1849 1456 1892 poenis
1480 1849 1513 1881 in
1537 1847 1806 1881 contravenientes

1069 1903 1250 1943 statuendis,
1263 1902 1423 1936 observari
1447 1901 1590 1941 faciendi,
1615 1902 1750 1945 plenam,
1770 1900 1807 1933 li-

1068 1958 1176 1990 beram
1201 1961 1231 1989 et
1255 1955 1469 1989 omnimodam
1495 1955 1688 1994 facultatem,
1715 1954 1808 1986 licen-

1070 2010 1145 2042 tiam
1168 2014 1199 2042 et
1222 2009 1438 2042 auctoritatem
1455 2008 1537 2041 dicta
1554 2007 1738 2041 auctoritate
1755 2017 1809 2040 no-

1070 2065 1135 2096 stra
1158 2063 1362 2106 impertiaris;

1115 2117 1129 2159 ξ
1154 2116 1205 2149 10.
1231 2116 1363 2160 Insuper
1387 2115 1570 2158 collegiatae
1595 2115 1756 2155 ecclesiae,
1778 2114 1810 2147 il-

1070 2170 1194 2213 liusque
1218 2170 1331 2210 abbati,
1349 2169 1485 2213 capitulo
1510 2174 1540 2202 et
1563 2169 1732 2208 canonicis,
1752 2179 1810 2201 nec

1072 2234 1134 2256 non
1166 2223 1299 2265 collegio
1323 2223 1510 2256 Iesuitarum
1541 2222 1741 2262 huiusmodi,
1774 2222 1810 2254 il-

1072 2277 1193 2320 liusque
1218 2276 1344 2316 rectori,
1369 2275 1594 2317 collegialibus,
1614 2275 1765 2307 ministris
1781 2280 1812 2308 et

1072 2330 1216 2374 personis
1251 2341 1310 2374 pro
1342 2335 1485 2373 tempore
1514 2329 1750 2369 exisitentibus,
1779 2332 1812 2362 ut

1074 2384 1219 2417 omnibus
1243 2388 1273 2416 et
1296 2383 1428 2426 singulis
1460 2382 1656 2426 privilegiis,
1682 2382 1812 2415 faculta-

1075 2437 1169 2476 tibus,
1193 2436 1465 2476 immunitatibus,
1490 2435 1750 2478 exemptionibus,
1775 2435 1813 2468 li-

1076 2490 1257 2530 bertatibus,
1281 2489 1548 2532 praeeminentiis,
1575 2488 1813 2531 praerogativis,

1077 2543 1340 2582 concessionibus,
1357 2543 1494 2581 indultis,
1514 2541 1672 2574 favoribus
1692 2547 1722 2574 et
1745 2542 1814 2575 aliis

1077 2597 1196 2640 gratiis,
1214 2602 1275 2629 tam
1300 2596 1515 2639 spiritualibus
1543 2605 1637 2638 quam
1663 2599 1815 2638 tempora—

1076 2650 1177 2691 libus,
1206 2650 1321 2693 quibus
1344 2649 1421 2681 aliae
1453 2648 1636 2690 collegiatae
1660 2647 1830 2681 ecclesiae.

1076 2703 1200 2736 illarum
1223 2703 1372 2747 partium,
1397 2711 1568 2745 earumque
1591 2701 1733 2742 abbates,
1761 2710 1813 2734 ca-

1697 301 1763 336 775
1809 310 1860 337 An.
1876 309 1904 338 c.
1923 308 1990 337 1622

1890 2116 2008 2143 metasque

1824 2144 1951 2170 collegiatae

1825 2171 1912 2196 cotti-gio
1946 2170 2009 2191 solita

1825 2197 1956 2218 concedendi
1969 2198 2010 2223 pri-

1825 2224 1901 2250 vilegia
1911 2230 1916 2248 ;
