2293 3231
519 277 583 316 826
1059 278 1245 310 nummum
1267 277 1423 306 noum

476 340 650 377 Alexander
667 337 834 373 Parnasius
847 337 978 371 Parmae
996 338 1026 370 et
1042 335 1222 369 Placentiae
1237 333 1319 374 Dux,
1333 333 1398 367 702
1411 343 1440 366 a.
1458 332 1562 377 Ipsius
1578 332 1689 367 laudes
1701 330 1915 376 celebrantur,
1931 330 2008 366 ibid,

573 393 647 426 l'r'dc
671 390 840 427 Odoardus
866 389 1051 433 Raynutius.

476 448 596 481 Alsama
623 445 687 488 (ch
714 443 824 477 militia
849 442 878 476 S.
907 442 1037 485 Georgii
1064 446 1093 475 et
1119 442 1148 474 S.
1174 441 1293 475 Mariae
1317 439 1358 473 de
1382 439 1546 481 Montesia‚
1573 440 1636 473 170
1661 439 1687 472 b.

476 500 626 543 Alopliius
650 498 690 531 de
717 497 925 540 Wignacourt
950 505 1086 539 magnus
1102 497 1255 539 magister
1271 494 1436 537 hospitalis
1452 495 1554 527 sancti
1569 493 1698 528 Ioannis
1717 492 2010 537 Hierosolymitani,

564 552 625 585 304
651 563 668 583 α
695 554 725 584 ct
751 550 813 582 478
838 561 867 582 ιι.
893 548 997 592 Ipsius
1025 549 1149 582 litterae
1178 550 1262 582 circa
1288 547 1442 591 Linguam
1466 547 1655 581 Provinciae
1686 545 1831 580 eiusdem
1860 545 2010 587 militiae,

560 605 621 638 304
646 615 664 636 α
691 606 720 636 et
744 613 804 646 seq.
829 601 1032 635 Erectionem
1057 602 1183 644 collegii
1207 601 1309 634 sancti
1335 600 1465 634 Antonii
1489 602 1521 634 in
1547 603 1708 634 conventu
1733 599 1925 634 Metevitano
1949 597 2011 634 Or-

561 659 644 691 dinis
660 657 814 691 Minorum
841 655 1106 689 Conventualium
1135 658 1316 698 promovet,
1342 653 1420 687 ibid.

476 713 621 756 Aloysius
656 710 713 752 (B.)
752 710 913 752 Gonzaga,
946 709 1007 742 604
1034 720 1063 741 (ι.
1096 707 1263 748 Officium,
1298 716 1335 741 ac
1364 708 1496 741 missam
1531 707 1571 740 de
1603 716 1641 741 eo
1673 706 1830 741 celebrari
1863 706 2013 740 Societali

559 765 633 798 lesu
658 763 789 797 indulsit
814 763 988 806 Gregorius
1016 761 1078 803 XV,
1106 760 1181 794 ibid.

475 820 669 863 Alphonsina
695 818 872 852 iurisdictio
897 816 1053 861 quaedam
1079 816 1124 848 sic
1149 818 1342 858 nuncupata,
1370 814 1431 847 170
1457 814 1474 846 b
1498 824 1559 858 seq.

472 873 652 917 Alplionsus
676 871 848 906 Mazancdo
872 880 981 904 sacrae
1008 870 1105 904 Rotae
1131 868 1273 909 auditor,
1301 867 1363 901 488
1394 878 1423 900 a.
1456 867 1630 902 Processus
1663 876 1761 912 super
1785 865 1958 901 virtutibus
1982 870 2014 900 et

557 927 717 961 miraculis
741 924 826 958 beati
851 924 964 957 Isidori
990 924 1150 967 agricolae
1182 923 1371 956 auctoritate
1395 920 1557 954 ordinaria
1587 920 1768 954 efformatus
1793 929 1835 954 ex
1863 918 2014 954 mandato

560 979 646 1013 Pauli
671 979 775 1022 Papae
800 978 825 1011 V
851 979 1029 1018 examinat,
1057 975 1132 1010 ibid.
1158 975 1328 1020 Novosque
1353 984 1522 1019 processus
1555 975 1623 1008 ficri
1657 978 1767 1008 censet
1789 983 1870 1019 quos
1898 981 2014 1018 appro-

559 1033 620 1073 bat,
647 1032 709 1066 488
734 1032 759 1065 b.
786 1032 862 1065 item
889 1033 920 1064 in
946 1030 1041 1064 causa
1067 1030 1316 1064 canonizationis
1340 1029 1378 1062 S..
1395 1028 1579 1071 Theresiac,
1605 1028 1668 1062 679
1693 1038 1723 1061 α.

473 1085 688 1128 Ambrosiana,
714 1085 786 1119 victe
813 1085 1011 1119 Bibliotheca
1037 1083 1257 1118 Ambrosiana.

471 1140 618 1174 Andreae
645 1139 701 1183 (S.)
726 1139 766 1172 de
792 1139 937 1172 Funariis
963 1137 1099 1172 ecclesia
1123 1136 1315 1182 parochialis
1343 1136 1384 1170 de
1407 1135 1511 1178 Urbe,
1537 1136 1602 1170 796
1627 1135 1653 1169 b.
1678 1134 1923 1170 parochialttate
1952 1135 2013 1179 pri-

558 1199 669 1235 vatur,
695 1194 757 1226 797
783 1193 808 1233 b,
846 1196 876 1226 et
910 1192 1167 1226 Confraternitati
1198 1189 1394 1233 sculptorum
1425 1193 1456 1223 et
1484 1189 1695 1233 lapicidarum
1727 1187 1786 1223 sub
1811 1189 2012 1223 invocatione

559 1246 607 1281 Ss.
633 1246 775 1288 Quatuor
799 1245 1028 1280 Coronatorum
1053 1244 1250 1286 conceditur,
1274 1243 1339 1277 798
1364 1242 1390 1276 b.

471 1300 617 1335 Andreae
643 1300 701 1343 (S.)
727 1299 862 1333 ccclesia
887 1301 918 1333 in
943 1300 1071 1333 civitate
1098 1299 1279 1333 Auximana
1303 1305 1420 1330 vacans
1445 1295 1632 1330 conceditur
1657 1294 1818 1330 monachis
1847 1295 2014 1339 Sylvestri-

558 1355 617 1394 nis,
642 1353 703 1387 401
732 1353 748 1385 b
773 1363 833 1397 seq.

471 1406 615 1442 Andreas
640 1404 768 1440 Codebo
795 1408 923 1440 nomine
948 1405 1096 1440 Caesaris
1120 1404 1264 1439 Estensis
1289 1403 1429 1438 Mutinae
1461 1404 1553 1438 ducis
1578 1404 1782 1438 concordiam
1806 1414 1879 1439 cum
1911 1403 2015 1450 legato

557 1458 747 1493 Bononiensi
773 1461 830 1493 init
854 1469 951 1503 super
977 1458 1159 1493 confinibus
1184 1462 1360 1492 castrorum
1380 1457 1517 1492 Roffenii
1541 1462 1573 1493 et
1597 1459 1713 1493 montis
1728 1459 1884 1502 Turturis,
1902 1459 1966 1494 218
1982 1470 2012 1493 α.

472 1512 682 1557 Anglicanum
706 1513 876 1557 collegium
900 1515 932 1546 in
957 1512 1076 1557 oppido
1101 1512 1217 1546 Matriti
1243 1515 1404 1552 erectum,
1431 1511 1494 1546 183
1519 1523 1548 1545 α.
1575 1511 1778 1557 Apostolicae
1803 1513 1878 1547 Sedi
1902 1514 2014 1548 imme-

558 1565 696 1601 mediate
722 1566 905 1608 subiicitur,
932 1565 1009 1600 ibid.

472 1619 645 1664 Anglornm
676 1620 845 1663 collegium
877 1619 1086 1663 Ulissiponae
1119 1623 1270 1662 erectum,
1300 1619 1365 1654 740
1397 1630 1426 1654 α.
1458 1618 1584 1654 Erectio
1615 1620 1818 1655 confirmatur
1849 1630 1866 1655 a
1892 1619 2013 1666 Grego-

558 1674 605 1706 rio
631 1672 699 1715 XV,
724 1674 785 1707 741
813 1673 839 1707 b.
864 1673 1038 1717 Privilegia
1064 1675 1093 1706 ei
1119 1682 1286 1715 concessa,
1313 1671 1390 1706 ibid.

472 1725 624 1760 Annonae
649 1729 679 1760 et
703 1728 846 1770 grasciae
872 1726 944 1760 vide
968 1726 1190 1771 Congregatio.

472 1779 588 1814 Annuli
613 1780 803 1814 cardinalitii
828 1781 946 1815 addicti
971 1790 1027 1824 pro
1053 1781 1124 1814 dote
1149 1779 1396 1824 Congrcgationi
1421 1779 1461 1813 de
1486 1779 1694 1824 Propaganda
1719 1780 1807 1823 Fide,
1832 1781 1895 1816 693
1920 1781 1947 1815 b.

472 1833 581 1867 Annae
607 1833 662 1876 (S.)
688 1834 801 1867 festum
827 1833 946 1879 ubique
971 1834 1010 1867 de
1036 1837 1208 1878 praecepto
1233 1832 1462 1868 celebrandum
1486 1833 1599 1868 indicit
1622 1833 1797 1878 Gregorius
1815 1835 1878 1879 XV,
1904 1835 1967 1870 686
1985 1835 2011 1870 ὸ.

473 1885 600 1920 Antonii
619 1886 675 1931 (S.)
694 1887 732 1921 de
751 1887 781 1921 S.
802 1888 940 1922 Antonio
957 1887 1133 1921 Viennensi
1150 1887 1239 1923 Ordo
1256 1887 1455 1929 reformatur,
1474 1887 1538 1921 519
1563 1898 1592 1922 a.
1618 1887 1653 1922 In
1678 1897 1716 1922 eo
1734 1889 1872 1923 novitios
1889 1888 2013 1924 admitti

558 1941 701 1982 vetitum,
725 1942 785 1974 nisi
810 1943 1026 1976 iuramentum
1051 1943 1271 1985 praestiterint
1295 1940 1336 1975 de
1360 1940 1522 1975 servanda
1538 1941 1775 1984 reformatione,
1793 1950 1889 1988 quam
1913 1941 2014 1978 abbas

558 1993 717 2036 generalis
743 1994 924 2037 induxerit,
951 1996 1013 2030 519
1039 1996 1064 2030 b.

473 2045 600 2080 Antonii
626 2047 681 2091 (S.)
708 2047 748 2081 de
772 2048 902 2082 Patavio
927 2049 1097 2094 collegium
1123 2052 1154 2085 in
1180 2049 1283 2084 insula
1306 2048 1498 2083 Melevitana
1523 2048 1701 2083 institutum
1727 2059 1784 2093 pro
1807 2049 1922 2084 studiis
1945 2049 2015 2085 fra-

561 2103 642 2134 trum
667 2101 821 2136 Minorum
847 2101 1122 2146 Conventualium,
1149 2104 1211 2138 476
1236 2114 1257 2136 a
1280 2114 1342 2148 seq.

473 2152 625 2186 Antonius
650 2153 731 2187 tituli
755 2154 785 2187 S.
810 2154 962 2199 Stephani
987 2158 1159 2192 cardinalis
1183 2156 1311 2192 Saulius
1335 2155 1468 2192 Ordinis
1492 2155 1702 2191 Eremitarum
1722 2159 1822 2192 sancti
1840 2157 2013 2202 Augustini

559 2210 730 2265 proteram,
750 2208 810 2241 293
832 2219 860 2241 a.
886 2209 932 2242 Ex
957 2211 1114 2252 ,mandato
1145 2212 1318 2256 apostolico
1343 2209 1633 2254 Congregationem
1663 2210 1938 2246 Discalceatorum
1969 2211 2014 2246 Si-

557 2260 649 2292 ciliae
663 2258 743 2294 ·u'nit
767 2259 1013 2305 Congregationi
1039 2264 1166 2307 ltaliae,
1194 2264 1255 2298 453
1281 2264 1307 2298 b.
1332 2264 1437 2308 Ipsius
1461 2265 1636 2299 declaratio
1660 2265 1813 2300 refertum
1837 2267 1922 2300 circa
1944 2265 2012 2300 offi-

557 2314 641 2347 ciurn
665 2313 800 2348 duorum
825 2317 1041 2350 assistentium
1067 2320 1180 2362 prioris
1204 2317 1365 2361 generalis
1389 2317 1521 2353 Ordinis
1546 2319 1724 2362 praedicti,
1750 2317 1829 2352 ibid.
1854 2318 1903 2353 llli
1927 2328 2012 2354 com-

559 2367 689 2399 mittitur
713 2366 858 2401 diridere
887 2371 1084 2412 provinciam
1103 2371 1247 2405 eiusdem
1266 2370 1399 2407 Ordinis
1417 2373 1448 2405 in
1467 2371 1620 2416 Hispania
1645 2373 1676 2406 in
1697 2371 1806 2416 plures
1822 2373 2012 2417 provincias,

557 2418 619 2452 735
644 2429 672 2452 α.
698 2419 877 2463 Capitulum
902 2423 1053 2465 generale
1079 2424 1218 2468 desuper
1242 2423 1400 2459 celebrari
1423 2425 1604 2466 mandavit,
1630 2424 1707 2459 ibid.

475 2470 630 2505 Antonius
654 2472 735 2506 tituli
760 2473 790 2506 S.
816 2474 971 2509 Praxcdis
995 2477 1174 2519 cardinalis,
1191 2477 1322 2512 Ordinis
1346 2478 1516 2512 Servorum
1537 2478 1571 2512 B.
1588 2478 1707 2512 Mariae
1723 2482 1891 2522 protector,
1906 2478 1967 2513 427
1985 2479 2011 2512 b.

564 2524 643 2559 Petit
668 2536 760 2569 posse
783 2527 939 2563 celebrari
960 2530 1071 2565 festum
1097 2535 1128 2566 et
1151 2532 1291 2567 osticium
1316 2532 1356 2566 de
1379 2531 1412 2566 B.
1437 2531 1584 2577 Philippo
1606 2532 1740 2573 nennio,
1768 2532 1833 2567 1128
1856 2543 1885 2566 α.

477 2575 630 2611 Antonius
653 2577 738 2620 Diaz,
764 2581 794 2614 in
821 2585 954 2626 utraque
978 2584 1141 2626 signatura
1164 2585 1419 2628 referendarius,
1445 2588 1581 2621 nunclus
1605 2587 1799 2630 apostolicus
1823 2585 1862 2620 ad
1887 2587 2011 2631 capitu—

566 2629 629 2688 lum
653 2631 908 2676 Salisburgense‚
934 2636 974 2668 30
999 2635 1025 2669 b.
1049 2637 1128 2671 Data
1153 2639 1182 2671 ei
1208 2638 1341 2673 facultas
1365 2641 1493 2673 nomine
1509 2640 1671 2674 Pontificis
1690 2638 1896 2683 Wotfangum
1912 2639 2011 2675 archi—

567 2690 750 2727 episcopum
775 2685 950 2730 dctincndi,
976 2691 1220 2735 cessioncmque
1245 2691 1349 2726 dictae
1374 2693 1531 2728 ecclesiae
1555 2693 1762 2737 admittendi,
1789 2693 1866 2728 ibid.
1894 2693 2010 2730 Condi-
