2293 3231
89 297 140 328 An.
160 297 189 327 C.
206 298 273 328 1622

892 297 1068 323 GnEGomth
1092 297 1134 322 XV
1158 297 1205 322 1¹1⁵.

287 350 392 391 parte,
417 349 574 380 reservata
598 346 784 379 habentibus
808 351 838 378 et
862 346 1025 387 habituris,

288 399 352 433 sive
371 399 575 440 secularibus,
593 399 656 432 sive
681 410 955 443 quorumcumque
980 410 1028 432 or-

288 452 417 493 dinum,
447 453 748 496 congregationum,
782 458 812 486 et
844 453 1027 486 militiarum

290 505 525 550 praedictorum
542 505 750 548 regularibus,
776 510 805 538 et
830 505 868 538 ab
895 505 970 548 ipsis
994 516 1026 538 e-

289 558 364 591 tiam
389 558 538 598 ecclesiis,
564 558 724 601 capitulis,
750 557 963 598 conventibus,
980 568 1028 590 or-

288 612 423 652 dinibus,
449 612 762 655 congregationibus,
787 612 944 655 personis,
969 612 1029 644 col-

288 665 388 708 legiis,
412 665 546 705 militiis,
572 665 683 698 massis
700 669 730 699 et
750 665 826 699 locis
850 664 1027 709 praedictis,

288 727 485 762 quacumque
509 717 705 761 amplissima
723 722 752 751 et
776 718 957 751 firmissima
975 728 1028 751 ex-

289 771 447 815 emptione
471 776 500 804 et
532 771 727 804 immunitate
748 772 834 812 reali,
861 771 1027 815 personali,

291 825 338 857 vel
361 824 468 865 mixta,
493 824 620 868 antiqua
645 829 675 857 et
699 825 951 865 immemorabili,
975 835 1029 868 pa-

290 877 381 911 cifica
405 883 436 911 et
459 878 618 919 continua,
644 878 737 911 etiam
762 890 799 911 ex
815 879 906 911 titulo
930 888 1028 922 quan-

291 930 405 964 tumvis
416 941 550 965 oneroso
560 930 705 972 suffultis,
717 931 908 974 integraliter
918 936 947 964 et
957 942 1028 963 cum

291 983 404 1018 effectu
422 984 642 1025 numerandas,
662 984 885 1028 persolvendas
909 989 939 1017 et
959 994 1030 1017 con-

292 1037 475 1081 signandas;
497 1037 639 1078 ulterius,
661 1037 848 1081 supradictis
867 1038 905 1070 de
928 1037 1047 1070 causis¹

291 1101 327 1125 ac
346 1091 489 1134 exemplo
513 1091 678 1124 Clementis
696 1096 725 1123 et
744 1091 829 1123 Pauli
853 1091 1048 1135 praedeces-⁴

291 1154 399 1178 sorum
415 1144 649 1188 praedictorum
668 1144 802 1184 adducti,
820 1150 918 1184 motu,
936 1145 1032 1178 scien-

291 1196 333 1229 tia
357 1202 387 1229 et
406 1197 567 1240 potestatis
587 1196 781 1240 plenitudine
801 1197 956 1230 similibus
973 1198 1030 1230 im-

290 1249 437 1294 ponimus
455 1254 485 1283 et
501 1249 668 1282 indicimus
685 1260 796 1283 novem
816 1250 952 1283 decimas
969 1262 1033 1284 om-

291 1303 379 1337 nium
403 1308 433 1336 et
450 1313 723 1347 quorumcumque
740 1304 915 1343 fructuum,
933 1305 1033 1338 reddi-

291 1360 381 1389 tuum
399 1361 429 1389 et
441 1362 650 1400 proventuum
665 1356 702 1389 ad
716 1356 940 1397 Cassinensem,
957 1358 1032 1390 alias

291 1414 417 1443 sanctae
436 1410 571 1443 Iustinae
592 1410 629 1444 de
647 1411 761 1450 Padua,
781 1411 1032 1452 Lateranensem,

290 1463 552 1504 Carfflusiensem,
565 1464 676 1498 Montis
688 1464 808 1506 Oliveti,
823 1466 919 1498 sancti
934 1465 1034 1499 Salva-

291 1517 379 1557 toris,
389 1517 667 1557 Camaldulcnsem,
680 1524 804 1551 sanctae
816 1518 928 1551 Mariae
940 1520 1032 1552 Vallis

292 1569 475 1610 Umbrosae,
501 1570 598 1603 sancti
623 1570 750 1613 Georgii
776 1571 806 1603 in
832 1572 910 1614 Alga
934 1573 1032 1606 Vene-

292 1622 417 1663 tiarum,
435 1623 690 1664 Caelestinorum,
707 1624 944 1658 Cisterciensem
964 1636 1034 1669 pro-

292 1676 412 1710 vinciae
428 1676 646 1718 Lombardiae,
657 1678 901 1719 Cruciserorum,
917 1684 946 1713 et
967 1690 1034 1712 san-

293 1730 334 1763 cti
357 1730 540 1775 Hieronymi
564 1733 836 1774 congregationes,
861 1743 1032 1777 earumque

292 1784 503 1825 monasteria,
528 1784 699 1818 abbatiales
730 1786 777 1819 vel
813 1788 1033 1820 conventuales

293 1842 346 1871 aut
360 1837 436 1870 alias
448 1848 581 1878 mensas,
599 1838 768 1883 prioratus,
787 1840 1032 1883 praeceptorias,

293 1891 545 1936 praeposituras,
566 1892 736 1934 beneficia,
762 1898 792 1926 et
820 1894 936 1934 officia,
961 1905 1033 1927 cum

294 1947 370 1978 cura
395 1950 425 1978 et
448 1945 514 1979 sine
539 1949 625 1987 cura,
651 1948 808 1988 membra,
833 1948 980 1991 grangias
1005 1953 1034 1982 et

294 1997 354 2030 alia
366 1998 435 2032 loca
447 1999 507 2032 illis
520 2010 650 2041 annexa,
664 2000 696 2033 in
710 2001 792 2034 dicto
807 2001 951 2034 Dominio
964 2013 1034 2035 con-

295 2051 443 2094 sistentia,
459 2054 570 2097 quovis
590 2055 685 2088 modo
710 2055 953 2098 pertinentium¹
977 2057 1034 2089 sol-

296 2105 410 2139 vendas
433 2106 526 2139 etiam
558 2118 615 2151 per
647 2108 730 2152 ipsas
755 2109 1032 2152 congregationes,

296 2168 467 2202 earumque
495 2159 695 2203 superiores,
724 2161 869 2201 abbates,
895 2161 1033 2204 priores,

295 2212 501 2256 praepositos,
519 2218 698 2253 conventus,
724 2214 857 2257 capitula
877 2220 907 2247 et
930 2225 1035 2258 perso-

295 2275 351 2298 nas
372 2265 467 2308 (ultra
491 2265 627 2299 subsidia
647 2267 759 2300 Montis
775 2267 957 2310 Religionis,
980 2279 1034 2301 seu

297 2318 601 2362 quadringentorum
638 2320 770 2353 millium
796 2326 975 2361 scutorum,
1005 2326 1034 2354 et

296 2377 427 2416 quartae
450 2373 546 2416 partis
567 2373 750 2406 eorumdem
776 2374 947 2413 fructuum,
968 2375 1035 2407 red·

297 2424 419 2458 dituum
436 2431 466 2458 et
483 2431 703 2470 proventuum,
718 2432 747 2459 et
764 2427 823 2459 alia
843 2437 938 2460 onera
955 2438 1034 2471 quae

296 2489 354 2523 per
378 2479 489 2512 Sedem
514 2480 722 2523 Apostolieam
740 2480 784 2513 eis
810 2481 965 2524 imposita,
983 2476 1052 2513 aut?

297 2531 373 2565 alias
397 2532 589 2576 persolvunt,
609 2544 664 2566 seu
681 2534 860 2576 persolvere
885 2523 1051 2577 promise-³

297 2585 383 2628 runt)
408 2586 552 2618 similiter
575 2587 795 2625 numerandas,
813 2593 842 2619 et
859 2588 1051 2632 persolven-¹

296 2637 368 2678 das,
396 2642 426 2672 et
457 2640 683 2683 consignandas
715 2641 887 2673 secundum
920 2652 1030 2674 verum
1050 2654 1051 2659 ¹

332 2702 345 2727 1
361 2700 432 2729 Edit.
447 2702 528 2730 Main.
544 2703 609 2739 legit
620 2704 801 2740 pertinencia
816 2710 852 2738 tn.
869 2705 918 2740 Τ.).

1060 356 1198 379 annuum
1225 344 1363 377 valorem
1380 344 1549 383 fructuum,
1573 341 1752 376 reddituum
1769 348 1799 375 et

1062 404 1290 443 proventuum:
1316 403 1343 430 et
1370 397 1407 429 ad
1432 397 1516 429 hunc
1542 395 1687 429 effectum
1713 395 1799 438 (licet

1061 452 1158 485 felicis
1173 450 1399 484 recordationis
1415 450 1486 482 Pius
1500 450 1581 493 Papa
1594 450 1626 489 V,
1640 448 1798 482 nonnullis

1061 510 1134 538 tunc
1159 505 1260 537 causis
1285 503 1446 543 adductus,
1472 508 1502 535 et
1525 503 1676 543 Clemens,
1697 512 1732 535 ac
1747 511 1799 535 no-

1062 558 1186 591 vissime
1205 558 1318 590 Paulus
1332 557 1588 600 praedecessores
1601 555 1699 588 nostri
1712 565 1799 599 prae-

1062 611 1157 651 dicti,
1182 616 1212 643 et
1235 621 1271 644 ex
1303 610 1370 643 aliis
1395 615 1467 643 tunc
1499 609 1654 653 expressis
1679 608 1798 650 causis,

1062 664 1186 698 easdem
1220 664 1479 707 congregationes
1507 674 1524 695 a
1552 663 1682 696 decimis
1706 673 1799 706 supcr

1062 717 1216 750 fructibus
1233 722 1264 749 et
1287 717 1459 750 redditibus
1476 715 1693 749 ecclesiasticis
1712 715 1799 748 dein-

1063 782 1135 815 ceps
1152 771 1263 811 ubivis‚
1281 770 1373 803 etiam
1390 770 1422 802 in
1438 770 1582 803 Dominio
1601 769 1798 810 Venetorum,

1063 828 1093 856 et
1117 834 1153 856 ex
1179 834 1376 867 quacumque
1397 826 1490 856 causa
1511 822 1707 866 imponendis
1726 822 1800 855 libe-

1063 888 1113 910 ras
1130 882 1159 909 et
1176 878 1331 910 immunes
1348 876 1490 920 fecerint)
1508 876 1575 920 pari
1593 881 1690 917 motu,
1704 876 1802 908 scien-

1063 931 1116 971 tia,
1142 931 1344 970 auctoritate,
1369 935 1398 963 et
1423 930 1461 963 de
1485 929 1673 974 apostolicae
1696 934 1800 973 potes-

1064 984 1136 1016 tatis
1160 984 1366 1027 plenitudine)
1385 983 1487 1027 quoad
1504 984 1635 1023 fructus,
1652 982 1801 1023 redditus,

1064 1041 1094 1070 et
1117 1042 1288 1080 proventus
1313 1037 1349 1069 ad
1374 1037 1456 1081 ipsas
1482 1037 1751 1079 congregationes,
1773 1040 1801 1069 et

1065 1090 1236 1134 quamlibet
1255 1101 1374 1130 earum,
1394 1091 1425 1122 in
1449 1090 1532 1122 dicto
1549 1090 1692 1122 Dominio
1709 1089 1802 1122 Vene-

1067 1148 1170 1177 torum
1189 1149 1374 1187 spectantes,
1392 1143 1614 1183 immunitates,
1635 1143 1803 1186 exemptio-

1067 1208 1122 1230 nes
1147 1208 1182 1230 ac
1207 1208 1316 1230 omnes
1337 1203 1366 1230 et
1383 1208 1598 1241 quoscumque
1615 1202 1802 1238 contractus,

1066 1251 1254 1294 scripturas,
1287 1251 1526 1291 conventiones,
1558 1251 1802 1296 transactiones,

1067 1305 1260 1344 concordias,
1285 1310 1384 1348 pacta,
1409 1304 1625 1344 instrumenta,
1643 1305 1805 1347 obligatio-

1066 1369 1132 1398 neS,
1147 1358 1238 1391 etiam
1259 1358 1291 1390 in
1311 1358 1412 1391 forma
1437 1368 1580 1390 camerae
1605 1359 1804 1401 apostolicae,

1067 1418 1097 1445 et
1128 1413 1303 1445 iuramento
1319 1439 1326 1452 ,
1352 1412 1397 1444 vel
1429 1412 1488 1444 alia
1517 1412 1625 1455 quavis
1657 1412 1804 1445 firmitate

1067 1467 1224 1505 roborata,
1236 1466 1420 1510 praesertim
1436 1466 1516 1498 inter
1527 1466 1614 1498 Pium
1630 1467 1806 1500 etClemen-

1068 1526 1141 1560 tem‚
1155 1530 1190 1552 ac
1203 1520 1333 1552 Paulum
1352 1519 1611 1563 praedecessores
1627 1521 1805 1564 praedictos

1067 1579 1096 1606 et
1109 1583 1266 1606 cameram
1283 1573 1497 1617 apostolicam,
1511 1578 1541 1605 et.
1555 1583 1613 1616 pro
1630 1575 1665 1606 ea
1680 1574 1708 1606 S.
1724 1575 1757 1607 R.
1772 1574 1804 1607 E.

1067 1627 1288 1666 camerarium,
1307 1627 1352 1659 vel.
1366 1627 1597 1659 thesaurarium
1616 1628 1805 1669 generalem,

1067 1680 1182 1713 aliosve
1213 1690 1427 1724 quoscumque
1462 1685 1535 1711 tuuc
1564 1679 1730 1713 existentes
1745 1707 1752 1720 ,
1777 1687 1807 1714 et

1067 1734 1206 1766 eiusdem
1240 1743 1383 1766 camerae
1408 1733 1576 1772 ministros,
1608 1735 1806 1776 quantumvis

1067 1788 1173 1830 ampla
1190 1793 1221 1819 et
1239 1786 1403 1819 sufficienti
1419 1787 1562 1818 facultate
1580 1786 1617 1818 ad
1634 1787 1806 1830 praemissa

1067 1840 1206 1873 facienda
1222 1840 1375 1879 suffultos,
1394 1850 1428 1872 ex
1446 1842 1518 1879 una,
1536 1844 1565 1873 et
1588 1841 1806 1883 congregatio-

1067 1905 1121 1927 nes
1135 1894 1246 1926 ultimo
1260 1894 1367 1931 dictas,
1379 1893 1567 1937 illarumque
1584 1900 1804 1937 procuratores

1067 1959 1103 1980 ex
1128 1948 1226 1980 altera
1251 1947 1403 1990 partibus,
1419 1957 1454 1979 ac
1475 1947 1580 1979 onmia
1597 1953 1627 1979 et
1643 1958 1808 1991 quaecum-

1067 2011 1126 2045 que
1150 2001 1332 2044 privilegia,
1359 2001 1486 2041 indulta,
1512 2001 1680 2041 libertates,
1705 2012 1808 2035 exem-

1067 2055 1197 2098 ptiones,
1212 2054 1434 2094 immunitates,
1452 2054 1509 2087 hac
1525 2054 1563 2087 de
1576 2057 1669 2087 causa
1683 2055 1713 2087 in
1724 2055 1808 2089 hunc

1068 2117 1165 2150 usque
1179 2107 1261 2140 diem
1275 2107 1391 2140 eisdem
1405 2107 1701 2150 congregationibus
1714 2108 1808 2141 etiam

1067 2171 1104 2193 ex
1125 2163 1220 2194 causa
1248 2166 1278 2193 et
1303 2161 1392 2194 titulo
1418 2171 1553 2194 oneroso
1574 2172 1732 2201 concessa,
1749 2162 1807 2194 hac

1069 2213 1134 2246 vice
1159 2214 1338 2254 dumtaxat,
1363 2219 1392 2247 et
1417 2225 1454 2247 ex
1479 2214 1579 2247 causis
1603 2215 1806 2257 supradictis,

1068 2267 1309 2310 suspendimus,
1335 2278 1370 2300 ac
1394 2267 1469 2310 ipsis
1494 2268 1806 2309 congregationibus,

1069 2320 1173 2364 quoad
1187 2330 1299 2353 novem
1313 2320 1450 2352 decimas
1462 2320 1646 2363 praedictas,
1659 2321 1716 2353 hac
1730 2321 1806 2362 vice,

1068 2378 1101 2407 ut
1116 2374 1302 2417 praefertur,
1314 2373 1479 2415 suffragari
1498 2374 1643 2406 nolumus
1654 2374 1720 2416 <illa
1734 2384 1807 2408 vero

1067 2427 1142 2458 alias
1154 2427 1184 2458 in
1195 2437 1250 2459 suo
1263 2427 1377 2459 robore
1386 2437 1571 2469 permanere
1585 2427 1806 2470 decernimus),

1068 2481 1213 2524 ipsasque
1241 2480 1525 2523 congregationes),
1551 2491 1588 2512 ex
1614 2481 1807 2523 gravissimis

1068 2534 1168 2566 causis
1178 2534 1474 2577 praedictis‚nove1n
1484 2533 1614 2566 decimis
1627 2534 1806 2568 huiusmodi

1067 2598 1244 2627 oneramus,
1258 2588 1316 2627 ρι’,
1326 2598 1422 2631 quum
1437 2587 1548 2620 ceteris
1562 2588 1756 2620 secularibus
1770 2599 1806 2621 ac

1067 2641 1264 2683 regularibus
1286 2641 1407 2673 clericis
1425 2641 1566 2684 personis
1587 2641 1726 2673 eiusdem
1746 2641 1802 2674 Do-
1821 2675 1825 2677 ,

1104 2705 1114 2730 1
1133 2704 1271 2730 Coniunct.
1289 2706 1314 2731 ec
1329 2711 1377 2731 nos
1392 2703 1516 2730 addimus
1530 2703 1568 2737 (n.
1585 2706 1633 2737 T.).

1703 285 1761 320 711
1812 293 1864 322 An.
1881 291 1910 320 c.
1929 290 1996 320 ¹622
