2293 3231
253 284 304 311 An.
320 284 349 310 C.
372 282 435 310 ¹62¹

308 557 436 581 lunamque

252 585 360 605 decretum
370 589 436 609 appe-

253 614 290 631 nil.

320 927 434 947 Contrariis

252 959 336 980 qno-pie
343 954 435 978 itt-rugat.

281 2110 420 2133 Prooemium.

485 272 549 306 6-28

1025 278 1204 302 BULLARIUM
1229 276 1383 301 ROMANUM

451 339 586 374 suosque
605 328 764 372 plenarios
780 333 807 360 et
827 327 965 369 integros
981 326 1111 359 ess‘ectus
1127 335 1192 358 sor·
1224 325 1334 357 eadem
1359 324 1498 357 Ecclesia
1521 323 1747 367 proprietatem
1771 323 1888 356 habere
1915 323 1961 355 di-

452 384 502 416 tiri
537 388 565 416 et
589 382 752 421 obtinere,
778 392 812 413 ac
845 380 977 423 loseplio
1009 385 1036 412 et
1068 379 1190 412 clericis

452 435 600 480 predictis
624 435 655 466 in
674 434 821 466 omnibus
838 437 867 467 et
883 443 940 477 per
956 432 1062 466 omnia
1080 432 1191 476 plenis-

452 490 528 521 sime
553 488 728 529 sunt-agari.

495 542 510 583 ξ
534 541 563 573 ἶ».
590 543 689 584 Atque
707 540 747 573 ita
767 550 824 584 per
840 549 1057 584 quoscumque
1072 539 1191 572 iudices

451 593 628 628 ordinarios
651 598 681 626 et
706 592 866 636 delegatos
880 620 887 633 ‚
905 593 999 626 etiarn
1024 602 1191 626 causarum

450 647 554 691 palatii
587 646 748 690 apostolici
782 646 961 688 auditores,
992 645 1125 679 iudicari
1162 651 1192 678 et

451 700 574 733 deliniri
599 700 724 740 debere,
741 709 777 733 ac
795 700 920 733 irritum
940 705 970 732 et
989 699 1091 740 inane,
1105 699 1130 732 si
1148 710 1193 732 sc-

451 763 505 786 eus
529 763 624 797 super
648 753 696 786 his
727 764 745 786 a
768 763 938 797 quoquam,
955 753 1065 797 quavis
1089 758 1193 786 aucto-

450 807 550 847 ritate,
567 806 702 839 scienter
726 806 774 839 rel
801 806 1000 849 ignoranter,
1025 806 1192 850 contigerit

450 859 604 892 attentari.

495 913 510 954 ,ξ
534 912 563 945 ti.
589 913 656 945 Non
681 912 879 945 obstantibus
899 912 1088 956 apostolicis,
1105 922 1141 944 ac
1161 911 1193 944 in

450 965 692 1006 universalibus,
717 965 1024 1009 provincialibusque
1049 971 1079 998 et
1103 975 1194 1010 syno-

450 1018 573 1052 dalibus
598 1018 740 1052 conciliis
774 1018 886 1059 editis,
919 1018 1120 1061 generalibus
1144 1018 1191 1051 vel

449 1072 638 1116 specialibus
663 1072 940 1105 constitutionibus
965 1077 994 1105 et
1018 1072 1192 1105 ordinatio-

450 1126 553 1167 nibus,
577 1135 709 1166 necnon,
733 1131 888 1169 quatenns
912 1136 992 1169 opus
1012 1126 1064 1166 sit,
1092 1126 1192 1159 dictae

449 1179 708 1222 Congregationis
733 1179 842 1222 (etiam
867 1179 1055 1220 iuramento,
1080 1180 1193 1213 confir-

450 1233 586 1266 matione
611 1232 805 1277 apostolica,
830 1233 877 1266 rel
903 1233 1012 1276 quavis
1045 1233 1192 1266 firmitate

449 1286 511 1319 alia
527 1286 698 1330 roboratis)
715 1286 838 1320 statutis
853 1291 884 1320 et
900 1286 1192 1326 consuetudinibus,

450 1340 627 1383 ceterisque
650 1339 817 1373 contrariis
841 1339 1102 1383 quibuscumque.

494 1392 606 1426 Datum
630 1393 758 1434 Romae,
779 1393 862 1436 apud
886 1397 1028 1427 sanctum
1053 1393 1192 1434 Petrum,

450 1446 509 1479 sub
533 1446 648 1480 annulo
677 1446 854 1487 Piscatoris,
882 1446 933 1479 die
960 1456 1039 1479 xvttt
1063 1457 1193 1480 norem-

450 1500 515 1533 bris
539 1510 669 1541 itncxxt,
694 1500 894 1544 pontificatus
918 1500 1018 1534 nostri
1043 1510 1124 1534 anno
1143 1511 1161 1533 1.

487 1562 544 1590 Dat.
564 1562 606 1591 die
624 1563 655 1590 18
675 1562 830 1590 novembris
849 1562 925 1597 1621,
942 1562 1038 1598 pontif.
1055 1571 1099 1590 an.
1116 1569 1134 1590 1.

768 1688 869 1722 XLIII.

451 1759 649 1794 Investitura
677 1760 771 1803 requi
802 1759 936 1793 Siciliae
958 1759 1119 1803 Philippo
1146 1759 1195 1792 IV

495 1813 737 1857 Hispam'armn
753 1812 823 1856 reat*
837 1812 995 1846 catholico
1007 1811 1136 1846 concedi
1141 1816 1194 1845 tiu·

495 1877 569 1900 cum
591 1866 697 1900 solitis
721 1865 961 1900 condicionibus
975 1865 994 1898 ¹.

657 1937 814 1973 Gregorius
835 1937 914 1972 Papa
931 1937 989 1970 XV,

639 1990 746 2011 servus
767 1989 922 2011 servorum
941 1982 1005 2016 Dei,

577 2030 613 2056 ad
633 2031 809 2063 perpetuam
828 2027 872 2055 rei
892 2027 1074 2055 memoriam.

497 2090 591 2134 Regis
607 2090 724 2123 aeterni
738 2090 807 2123 lesu
819 2089 933 2123 Christi
947 2088 1071 2122 Domini
1083 2087 1193 2129 nostri,

450 2153 511 2188 per
526 2154 620 2187 quem
637 2153 729 2186 reges
746 2147 878 2186 regnant
891 2147 921 2175 et
937 2142 1043 2185 legum
1057 2141 1195 2174 condito-

453 2206 515 2238 res,
528 2196 608 2229 iusta
621 2196 805 2236 decernunt,
818 2196 902 2228 vices
915 2195 987 2227 licet
1001 2193 1148 2227 immeriti
1162 2193 1194 2226 in

452 2249 534 2284 beati
560 2250 641 2284 Petri
667 2250 745 2283 Sede
770 2254 915 2293 gerentes
936 2249 966 2282 in
992 2249 1096 2288 terris,
1117 2247 1193 2281 dum

453 2304 599 2337 omnibus
617 2303 739 2337 ecclesii
757 2303 963 2348 spastoralem
980 2302 1193 2346 impendimus

453 2357 706 2397 sollicitudinem,
731 2367 825 2390 curae
849 2356 1007 2389 Ecclesiae
1024 2357 1193 2396 Romanae,

453 2420 532 2453 quae
542 2409 580 2442 ab
589 2409 700 2443 eodem
714 2410 929 2453 apostolorum
944 2408 1088 2452 Principe
1099 2408 1195 2442 conti-

453 2464 547 2495 nuata
563 2462 761 2496 successione
777 2462 815 2496 ad
828 2462 1036 2495 humilitatem
1053 2467 1193 2495 nostram

453 2515 558 2549 divina
576 2516 773 2560 providentia
797 2516 948 2561 pervenit,
966 2516 1145 2560 praecipue,
1160 2520 1194 2548 ut

454 2579 511 2612 par
535 2574 591 2611 est,
615 2571 693 2603 sicut
718 2581 755 2603 ex
780 2570 842 2604 alto
867 2569 1060 2611 conceditur,
1081 2569 1194 2612 invigi-

456 2622 567 2663 lamus,
581 2624 658 2657 etde
671 2623 910 2668 principatibus,
928 2624 1044 2667 regnis,
1058 2634 1194 2668 quorum

493 2686 503 2712 1
524 2685 560 2712 Ex
575 2684 682 2721 aegest.
698 2686 726 2714 in
740 2686 841 2714 Secret.
858 2686 937 2714 Brev.

1186 2753 1203 2771 ὗ

1224 378 1386 421 gnoscitur
1408 383 1437 410 et
1461 377 1616 410 directum
1633 376 1818 417 dominium,
1842 377 1964 421 praedi-

1224 436 1347 464 ctorum
1363 430 1642 475 praedecessorum
1655 435 1837 463 nostrorum
1853 430 1964 463 Roma-

1224 494 1337 516 norum
1356 484 1541 517 Pontificum
1560 483 1699 526 vestigiis
1718 482 1905 523 insistentes,
1922 482 1964 515 ita

1224 537 1419 581 disponimus
1435 564 1443 578 ‚
1467 543 1501 570 ut
1525 546 1617 580 reges
1648 540 1678 570 et
1700 535 1880 580 principes,
1910 535 1964 579 qui

1224 591 1307 624 avita
1331 591 1487 625 maiorum
1511 600 1643 624 suorum
1667 590 1783 623 eximia
1803 589 1918 633 pietate
1935 593 1967 622 et

1225 655 1300 688 erga
1325 645 1512 679 catholicam
1537 644 1630 678 tidem
1656 649 1686 677 et
1710 644 1883 677 Romanam
1907 642 1965 676 Ec-

1225 697 1352 731 clesiam
1378 697 1491 731 illustri
1516 698 1583 731 zelo
1606 702 1673 731 toto
1697 696 1775 730 orbe
1798 695 1965 739 refulgent,

1226 751 1316 795 plane
1340 755 1512 793 agnoscant
1535 761 1552 783 a
1576 749 1667 784 nobis
1698 755 1729 783 et
1756 750 1863 782 sancta
1887 748 1966 782 Sede

1226 804 1406 848 Apostolica
1430 815 1540 838 eornm
1565 803 1676 837 merita
1696 802 1894 847 quanticum
1910 802 1968 835 Do-

1974 274 2025 302 An.
2045 274 2076 302 C.
2093 274 2158 303 ¹62¹

1226 858 1311 892 mino
1342 862 1446 901 potest
1481 857 1660 898 aestimari,
1685 866 1721 890 ac
1754 855 1913 890 favoribus
1936 854 1978 888 et‘

1225 912 1344 955 gratiis,
1360 912 1619 956 quotiescumque
1636 911 1728 944 datur
1744 910 1878 951 occasio,
1895 919 1966 943 suas

1226 976 1260 998 ac
1268 977 1400 999 suorum
1414 976 1633 999 successorum
1646 974 1798 1009 personas
1811 963 1966 1004 decorari,

1226 1025 1255 1052 et
1279 1019 1338 1063 ipsi
1364 1020 1394 1052 in
1420 1019 1582 1062 religionis
1610 1019 1714 1059 illins,
1738 1028 1833 1063 quam
1857 1017 1966 1050 eadem

1227 1072 1363 1105 Ecclesia
1383 1072 1534 1112 Romana,
1547 1071 1635 1104 radix
1653 1077 1683 1104 ct.
1702 1071 1852 1114 magistra
1867 1070 1967 1103 eecle-

1226 1125 1354 1165 siarum,
1366 1125 1458 1158 docet
1471 1130 1499 1158 et
1514 1124 1621 1158 docuit
1633 1134 1760 1168 semper
1775 1123 1966 1162 defensione,

1226 1184 1265 1219 et,
1285 1183 1437 1222 quantum
1451 1178 1508 1211 sibi
1523 1177 1716 1218 conceditur,
1729 1176 1966 1221 propagatione,

1226 1232 1430 1276 eiusdemque
1455 1236 1579 1264 sanctae
1601 1231 1690 1265 Sedis
1714 1230 1800 1263 cultu
1824 1234 1854 1263 et
1878 1239 1967 1262 reve-

1227 1285 1327 1318 rentia
1352 1285 1582 1319 confirmentur
1605 1288 1636 1318 et
1659 1284 1832 1318 foveantur.

1271 1339 1285 1382 g
1314 1339 1338 1371 l.
1364 1338 1488 1372 Dudum
1513 1337 1668 1382 siquidem
1697 1337 1795 1371 felicis
1819 1336 1967 1370 recorda-

1227 1391 1320 1425 tionis
1341 1391 1436 1425 lulius
1456 1392 1538 1435 Papa
1563 1391 1587 1423 ll
1612 1390 1837 1434 praedecessor
1859 1395 1968 1423 noster

1227 1454 1360 1487 regnum
1385 1444 1507 1477 Siciliae
1527 1454 1562 1477 ac
1580 1443 1786 1484 Hierusalem,
1805 1453 1878 1476 curn
1902 1443 1967 1476 tota

1228 1499 1311 1530 terra
1339 1508 1419 1541 quae
1453 1503 1500 1530 est
1528 1497 1605 1530 citra
1629 1497 1767 1530 Pharum
1794 1506 1893 1540 usque
1929 1495 1968 1530 ad

1228 1551 1363 1584 confinia
1381 1555 1538 1585 terrarum
1552 1556 1676 1584 sanctae
1689 1551 1847 1584 Romanae
1861 1549 1968 1584 Eccle-

1227 1605 1300 1645 siae,
1318 1604 1442 1638 civitate
1467 1604 1683 1638 Beneventana
1706 1614 1778 1637 cum
1794 1603 1861 1637 eius
1881 1603 1969 1638 terri-

1230 1659 1311 1692 torio
1347 1663 1377 1691 et
1408 1657 1606 1702 pertinentiis
1636 1657 1796 1691 dumtaxat
1825 1658 1968 1701 excepta,

1227 1712 1332 1745 acl-ius
1349 1717 1379 1745 et
1402 1711 1627 1756 proprietatem
1649 1710 1788 1744 ciusdem
1812 1710 1968 1744 Ecclesiae

1227 1766 1397 1809 pertinens,
1417 1771 1447 1799 et
1464 1771 1537 1799 tunc
1561 1765 1599 1798 ad
1623 1765 1725 1809 ipsum
1751 1764 1970 1808 praedeeesso-

1228 1830 1306 1861 rem,
1323 1824 1354 1852 et
1369 1819 1484 1853 dictant
1502 1819 1672 1853 Ecclesiam
1685 1818 1877 1858 devolutum,
1894 1828 1969 1862 quo-

1229 1872 1274 1905 vis
1309 1872 1403 1906 modo
1434 1877 1466 1905 et
1495 1883 1531 1905 ex
1562 1872 1671 1916 quavis
1706 1873 1799 1905 causa
1828 1870 1906 1904 illud
1929 1870 1969 1904 ad

1228 1926 1369 1959 eamdem
1394 1925 1565 1959 Ecclesiam
1588 1925 1769 1959 devolutum
1795 1928 1890 1965 esset,
1916 1929 1970 1957 aut

1226 1980 1302 2012 alias
1326 1980 1393 2012 eius
1416 1979 1582 2023 dispositio
1599 1979 1637 2012 ad
1661 1978 1856 2022 praedictum
1881 1986 1971 2022 prae-

1228 2033 1425 2066 deccssorem
1443 2032 1624 2077 pertineret,
1638 2042 1710 2065 eum
1727 2031 1877 2065 omnibus
1892 2030 1967 2064 iuri-

1228 2087 1287 2120 bus
1312 2092 1342 2120 et
1366 2086 1564 2131 pertinentiis
1586 2086 1650 2119 suis
1675 2086 1777 2119 clarae
1798 2084 1969 2118 memoriae

1228 2139 1426 2173 Ferdinando
1450 2139 1636 2183 Aragoniae,
1661 2144 1692 2173 ct
1711 2138 1877 2183 utriusque
1895 2137 1970 2172 Sici-

1227 2193 1285 2226 liae
1307 2204 1343 2227 ac
1371 2194 1568 2227 Hierusalem
1591 2193 1670 2236 regi,
1695 2202 1754 2237 pro
1779 2202 1822 2234 se,
1841 2191 1969 2235 suisque

1228 2246 1259 2279 in
1279 2247 1363 2280 dicto
1388 2247 1478 2290 regni
1494 2246 1670 2290 itt-agoniae
1687 2243 1924 2279 successoribus
1939 2248 1970 2278 et

1227 2300 1415 2334 haeredibus
1433 2306 1496 2333 tam
1517 2299 1664 2333 masculis
1683 2309 1779 2343 quam
1795 2297 1919 2332 seminis
1931 2306 1968 2330 ex

1227 2365 1264 2388 eo
1280 2357 1367 2388 recta
1392 2354 1473 2387 linea
1492 2353 1763 2394 descendentibus,
1783 2355 1871 2386 certo
1893 2355 1969 2384 tunc

1227 2419 1376 2453 expresso
1394 2408 1498 2449 modo,
1515 2407 1595 2441 natis
1619 2412 1649 2440 et
1664 2405 1840 2446 nascituris,
1852 2405 1885 2438 in
1901 2404 1968 2438 feu-

1227 2462 1301 2496 dum
1325 2467 1513 2506 perpetuum
1536 2470 1595 2504 pro
1619 2469 1723 2493 annuo
1736 2467 1847 2499 censu,
1864 2462 1894 2491 et
1910 2457 1968 2491 sub

1227 2515 1358 2549 diversis
1389 2513 1664 2554 concessionibus,
1692 2511 1818 2553 modis,
1848 2510 1968 2552 formis,

1227 2568 1454 2603 adiectionibus
1467 2594 1475 2609 ,
1499 2565 1762 2612 promissionibus
1776 2592 1784 2606 ‚
1808 2563 1967 2605 clausulis,

1227 2623 1373 2662 cautelis,
1398 2620 1610 2655 voluntatibus
1636 2624 1667 2652 et
1695 2617 1967 2660 ordinationibus,

1227 2676 1322 2709 etiam
1340 2680 1412 2709 time
1431 2673 1598 2719 expressis,
1611 2673 1677 2708 siue
1695 2678 1800 2707 tamen
1812 2672 1968 2718 praeiudi-

1996 1345 2086 1376 ¹*tutam
2099 1343 2117 1366 n
2132 1343 2166 1366 st-

1981 1373 2167 1429 {3¹¹{2i0ss52ffl

1981 1424 2167 1447 cess-tremimu-

1982 1453 2009 1474 do
2021 1451 2031 1483 ‚¹
2048 1451 2166 1482 aragoniae

1982 1483 2166 1528 {tsszamssilffi'ff‘
