2293 3231
296 273 339 299 in.
353 273 379 298 c..
407 271 472 299 ¹612
519 263 560 298 88

1077 273 1254 297 ut'lmsntmt
1281 272 1433 298 ROMANt'M

492 332 709 366 quaecumque
730 321 885 367 producta
902 322 932 354 in
950 321 1090 366 pulpitis,
1111 321 1176 362 sed,
1193 321 1237 354 in·
1268 321 1408 361 tentiam,
1433 321 1464 355 in
1488 321 1640 366 peculiari
1664 322 1756 364 libro,
1773 333 1867 367 quem
1887 323 1925 358 ad
1949 323 2010 358 hoc

493 380 541 408 tra
555 375 684 408 biduum
703 386 718 408 a
736 375 786 407 die
801 375 1017 419 productionis
1030 385 1151 413 eorum,
1165 385 1237 419 pro—
1268 374 1413 415 habeant,
1437 375 1618 418 registrare.

493 428 672 462 ductionem
699 429 729 461 iu
747 428 882 461 uianuali
900 438 954 461 seu
974 428 1137 462 broliardo
1153 434 1237 462 acto-

493 491 563 514 rum
588 487 748 516 annotare,
766 486 794 513 et
816 481 846 513 in
865 480 943 513 lilzis
968 491 1087 525 ponere
1112 486 1237 515 tenean-

494 540 553 575 tur,
578 534 672 567 ctiam
697 534 780 578 quod
806 534 974 578 productio
993 535 1134 568 fueritin
1151 535 1235 568 calce

493 588 650 621 citationis
685 593 841 621 annotata.
869 588 1018 621 Examina
1053 599 1181 622 reorum
1206 595 1235 622 et

493 641 617 674 testitun
642 651 932 685 quorumcumque,
951 647 1013 675 tam
1038 642 1069 675 in
1093 642 1237 676 civilibus

493 705 586 738 quam
612 694 642 727 in
661 694 888 736 criminalibus,
907 695 946 727 ab
965 695 1053 728 initio
1070 701 1099 728 et
1118 695 1149 728 in
1167 696 1236 740 ipso

493 753 562 780 actu
583 747 735 780 examinis
751 747 972 782 describantur
996 749 1027 781 in
1050 749 1132 783 libro
1157 749 1236 783 bene

492 806 658 845 compacto
682 807 712 834 et
736 802 969 846 compaginato.

536 854 588 888 21.
614 855 682 888 Non
698 855 832 889 audeant
848 856 962 889 notarii
987 855 1165 889 inconsulto
1190 856 1238 889 iu-

492 908 560 941 dice
586 909 688 942 facere
705 920 741 942 ex
759 919 791 943 sc
808 909 970 943 decretum
989 909 1117 954 aliquod
1143 920 1238 953 quan-

493 962 635 996 tumlibet
659 962 786 996 solitum
811 968 841 996 et
865 963 1077 1003 ordinarium,
1102 974 1159 996 nec
1185 963 1238 996 ali-

492 1027 586 1060 quem
610 1016 782 1049 terminum
814 1016 957 1060 quamvis
989 1016 1182 1050 levissimum
1206 1017 1236 1050 in

492 1070 604 1111 forma,
629 1075 663 1103 ut
687 1070 784 1111 aiunt,
810 1080 951 1111 servare;
972 1070 1025 1104 sed
1050 1080 1177 1115 semper
1194 1070 1238 1104 iu-

492 1123 594 1156 dicem
619 1123 741 1165 adeant,
758 1129 787 1157 et
813 1123 976 1157 citationes
999 1133 1109 1158 omnes
1129 1134 1236 1158 coram

492 1178 605 1212 eodem
629 1179 745 1222 legant,
763 1178 802 1211 ab
818 1188 919 1222 eoque
943 1178 1070 1212 decreta
1093 1183 1236 1219 sumant,

492 1239 522 1267 et
547 1233 661 1267 deinde
679 1233 710 1266 in
731 1234 808 1267 actis
827 1239 1004 1278 apponant;
1025 1238 1053 1266 et
1077 1232 1158 1266 idem
1175 1243 1238 1266 ser-

492 1294 565 1322 vent
589 1289 682 1322 etiam
712 1289 737 1322 si
763 1289 917 1322 terminus
941 1289 979 1321 sit
1004 1288 1042 1321 ad
1066 1288 1236 1322 videndum

493 1343 628 1378 inhiberi
654 1344 738 1377 iuxta
764 1344 897 1377 sormam
917 1343 1157 1381 connnissionis,
1179 1344 1236 1377 sub

493 1400 595 1444 poena
620 1398 688 1431 salsi
713 1403 743 1432 et
768 1398 954 1443 privationis
978 1398 1128 1432 exercitii.

534 1453 586 1487 ⁶2⁹2.
601 1453 779 1495 citationes,
793 1459 822 1486 et
837 1453 916 1487 aliae
929 1463 1095 1487 cursorum
1109 1459 1137 1486 et
1153 1463 1238 1486 man-

493 1507 688 1541 datariorum
710 1507 889 1548 relationes,
913 1507 1092 1541 nullatenus
1112 1507 1143 1540 in
1160 1507 1236 1541 actis

493 1567 714 1607 apponantur,
740 1561 800 1594 nisi
825 1572 971 1595 cursores
995 1567 1023 1594 et
1049 1561 1236 1595 mandatarii

493 1626 546 1649 eas
570 1615 601 1649 in
626 1616 755 1649 cartulis
779 1626 888 1649 carum
915 1615 1183 1660 subscripserint,
1208 1621 1238 1649 et

492 1680 590 1715 supra
614 1669 879 1714 subscriptionem
900 1679 1016 1703 nomen
1033 1669 1147 1704 notarii
1169 1680 1239 1703 cau-

492 1734 545 1757 sae
569 1724 748 1769 appositum
774 1724 876 1758 suerit.

537 1777 588 1812 ⁶23.
613 1777 783 1812 Citationes
799 1781 842 1822 {et
869 1778 947 1812 alios
975 1782 1062 1813 actus
1090 1788 1150 1823 pro
1181 1778 1237 1811 ali-

493 1843 556 1877 quo
573 1832 620 1866 vel
638 1838 747 1866 eontra
764 1832 901 1876 aliquem
914 1841 979 1866 non
995 1832 1160 1877 recipiant,
1176 1832 1236 1866 nisi

495 1892 557 1919 tam
574 1887 690 1920 actoris
707 1897 801 1931 quam
826 1886 872 1920 rei
895 1896 1010 1920 nomen
1029 1897 1101 1920 cum
1119 1896 1236 1930 cogno-

495 1940 589 1981 mine,
605 1945 634 1973 et
659 1940 798 1974 exercitii
823 1940 875 1974 vel
896 1940 1098 1975 habitationis
1113 1941 1161 1973 vel
1187 1951 1238 1985 pa-

494 1994 573 2027 triae
589 1994 816 2038 designatione,
837 1994 985 2039 specifice
1009 1994 1042 2028 in
1065 1994 1110 2028 cis
1134 1994 1238 2039 expri-

496 2053 608 2081 matur.

539 2101 591 2135 ⁶24.
619 2101 788 2135 Citationes
819 2101 857 2134 ad
897 2100 1066 2135 videndum
1094 2101 1236 2134 mandari

496 2155 674 2199 consignari
693 2155 826 2200 pignora
839 2165 902 2188 non
919 2155 1086 2200 recipiant,
1104 2155 1164 2189 nisi
1181 2166 1236 2200 ap-

496 2210 634 2256 positum
656 2209 694 2243 sit
719 2210 813 2243 etiam
838 2209 875 2242 ad
901 2209 1069 2243 videndum
1095 2209 1237 2243 mandari

495 2263 682 2297 subhastari.

539 2317 591 2351 ⁶25.
618 2317 695 2351 Item
720 2327 783 2351 non
808 2317 941 2350 audeant
967 2316 1096 2350 differre
1120 2317 1168 2350 vel
1194 2328 1239 2350 re-

496 2372 620 2406 tardare
656 2371 925 2416 publicationem,
961 2371 1172 2405 ostensionem
1209 2377 1236 2404 et

495 2426 662 2459 lectionem
673 2425 910 2467 sententiarum,
919 2430 982 2459 tam
995 2425 1133 2458 civilium
1144 2436 1238 2469 quam

496 2479 728 2521 criminalium,
761 2479 818 2513 sub
843 2484 1007 2524 praetextu
1031 2488 1095 2512 non
1118 2479 1237 2512 solutae

495 2537 587 2566 notae
612 2533 763 2577 ipsarum,
788 2537 842 2566 aut
864 2532 1010 2576 registri,
1034 2537 1063 2566 et
1088 2537 1139 2565 aut
1164 2533 1239 2566 alte-

1313 428 1364 462 26.
1389 428 1476 468 Quod
1494 428 1587 461 etiam
1605 435 1748 463 servetur
1760 429 1791 463 in
1811 430 1931 464 cedulis
1948 430 2011 475 pri-

1268 482 1347 515 vatis
1371 482 1591 526 depositorum
1609 510 1616 523 ,
1641 493 1721 526 quae
1756 483 1874 518 scilicet
1906 484 2010 517 statim

1269 536 1348 569 sacta
1374 535 1499 569 illarum
1525 535 1733 580 productione
1758 537 1976 580 registrentur.

1313 589 1365 624 27.
1380 589 1623 631 Sententiarum,
1641 589 1852 631 decretorum,
1869 597 1920 624 aut
1940 591 2012 624 alia-

1270 654 1341 676 rum
1369 654 1641 688 quatumcumque.
1671 643 1924 689 seripturarum,
1949 648 2011 679 tam

1270 696 1408 730 civilium
1433 707 1528 741 quam
1552 697 1775 739 criminalium,
1800 698 1926 743 copiam
1944 698 2013 732 uni—

1270 750 1384 795 cuique
1409 751 1538 795 petenti,
1559 751 1660 785 soluta
1685 751 1795 796 copiae
1819 752 2011 797 competenti

1270 803 1426 845 mercede,
1451 804 1527 838 dare
1552 810 1725 838 teneantur.

1315 857 1366 892 28.
1391 858 1523 892 Caveant
1561 858 1692 903 insuper
1726 859 1842 894 notarii
1871 859 2012 893 scribere

1270 922 1461 955 quemquam
1487 912 1518 945 in
1542 912 1619 945 actis
1642 912 1687 945 uti
1708 912 1887 954 instantem,
1910 918 2013 957 prote-

1271 971 1414 1007 stantem,
1435 966 1673 1010 producentem,
1695 977 1749 1000 seu
1775 966 2013 1011 quomodolibet

1270 1025 1518 1063 comparentem,
1533 1020 1592 1053 nisi
1610 1020 1636 1053 is
1654 1026 1726 1053 tunc
1744 1030 1893 1065 praesens
1907 1019 2011 1060 suerit;

1270 1083 1326 1105 nec
1352 1073 1544 1116 suffragetur
1565 1073 1746 1107 mandatum
1765 1074 1911 1117 generale
1927 1079 2014 1108 nota·

1270 1127 1318 1162 rio
1348 1127 1455 1161 datum
1479 1138 1497 1161 a
1521 1128 1630 1172 quavis
1666 1130 1825 1173 persona,
1849 1133 1884 1162 ut
1912 1128 2013 1173 possit

1269 1181 1337 1215 cius
1356 1192 1472 1216 nomen
1496 1182 1528 1215 in
1553 1183 1655 1216 causis
1675 1182 1722 1215 vel
1739 1182 1817 1216 actis
1840 1192 2012 1227 apponere.

1314 1235 1365 1270 ⁶29.
1392 1236 1425 1269 In
1443 1241 1589 1269 eventum
1608 1236 1639 1268 in
1656 1246 1749 1280 quem
1767 1236 1797 1269 in
1818 1236 1921 1269 causis
1936 1235 2014 1270 fiant

1269 1290 1427 1323 nullitates
1461 1300 1540 1334 quae
1577 1290 1697 1335 possint
1733 1290 1869 1324 adscribi
1901 1290 2012 1335 culpae

1270 1349 1323 1377 aut
1345 1344 1556 1387 negligentiae
1580 1344 1705 1385 notarii,
1730 1350 1758 1378 ct
1786 1355 1860 1389 pars
1879 1349 2013 1389 propter

1270 1403 1490 1442 paupertatem
1507 1408 1662 1443 expensas
1675 1398 1806 1432 reficere
1822 1408 1886 1433 non
1901 1398 2012 1441 valeat,

1269 1451 1308 1485 ad
1334 1452 1401 1485 illas
1423 1451 1609 1486 substitutus
1632 1452 1759 1494 notarii,
1783 1452 1836 1496 qui
1862 1452 1893 1486 in
1918 1454 2013 1488 causa

1269 1505 1406 1550 scripsit,
1432 1511 1582 1540 tencatur.

1314 1558 1366 1593 30.
1392 1559 1652 1594 Protestationes¹
1677 1559 1856 1594 scribantur
1880 1561 1911 1594 in
1938 1560 2013 1596 bro-

1271 1613 1372 1648 liardo
1388 1614 1500 1649 codem
1517 1614 1578 1655 die,
1594 1624 1653 1648 nec
1672 1614 1867 1659 recipiantur
1883 1615 1915 1648 in
1930 1615 2013 1649 soliis

1271 1669 1459 1710 volantibus,
1476 1674 1516 1710 et,
1541 1675 1695 1713 quatenus
1711 1668 1752 1703 ob
1768 1669 1900 1703 eorum’
1914 1669 2014 1713 longi-

1272 1722 1411 1756 tudinem
1436 1723 1467 1756 in
1492 1723 1671 1757 huiusmodi
1703 1723 1785 1757 soliis
1809 1723 2013 1768 recipiantur,

1272 1777 1375 1810 statim
1409 1776 1589 1811 huiusmodi
1626 1777 1766 1821 receptio
1797 1777 1828 1812 in
1852 1777 2014 1812 broliardo

1271 1835 1448 1864 annotetur.

1315 1883 1367 1919 31.
1405 1883 1556 1918 Similiter
1595 1894 1658 1918 non
1694 1885 1827 1919 audeant
1863 1885 2013 1930 expedire

1272 1938 1427 1979 mandata,
1441 1948 1520 1982 quae
1545 1947 1608 1973 non
1633 1938 1750 1973 suerint
1765 1949 1783 1973 a
1799 1938 1902 1973 iudice
1917 1949 2013 1974 manu

1272 1993 1404 2037 propria
1416 1992 1609 2037 subscripta;
1623 1998 1663 2033 et,
1681 1993 1771 2027 aliter
1783 1993 1940 2038 expedita,
1951 1993 2015 2027 sint

1271 2046 1400 2080 omnino
1422 2051 1451 2080 et
1469 2046 1499 2079 in
1519 2057 1718 2090 quacumque
1735 2046 1824 2079 curia
1849 2047 1943 2080 etiam
1959 2046 2015 2082 Ca—

1271 2099 1372 2144 pitolii
1393 2099 1488 2134 nulla.
1509 2100 1622 2134 Verum
1639 2099 1723 2133 dicta
1739 2100 1930 2145 subscriptio
1945 2110 2015 2144 gra·

1272 2154 1310 2187 tis
1335 2153 1398 2195 fiat,
1423 2163 1480 2186 nec
1505 2153 1546 2187 ob
1569 2163 1639 2187 eam
1671 2159 1825 2197 augeatur
1858 2153 2013 2187 ullatenus

1271 2207 1362 2242 solita
1386 2207 1529 2252 impensa
1554 2207 1783 2241 mandatorum.

1316 2261 1368 2296 :3-2.
1393 2261 1522 2301 Quando
1558 2261 1671 2306 aliquis
1694 2261 1836 2295 notarius
1859 2260 2013 2305 allegatur

1273 2320 1446 2360 suspectus,
1464 2320 1494 2348 et
1511 2315 1590 2348 alius
1613 2315 1791 2360 deputatur,
1811 2325 1873 2348 una
1891 2319 2012 2349 tantum

1273 2381 1395 2403 merces
1419 2369 1632 2413 consignanda
1663 2367 1753 2401 alteri
1783 2379 1820 2402 ex
1844 2368 1936 2403 dictis
1958 2379 2014 2404 no-

1273 2423 1371 2464 tariis,
1395 2423 1445 2456 cui
1469 2423 1508 2456 de
1532 2423 1600 2456 iure
1625 2422 1834 2466 persolvatur.

1316 2476 1367 2511 33.
1393 2476 1575 2512 Custodiant
1598 2476 1711 2510 notarii
1741 2475 1909 2520 diligenter
1939 2476 2013 2510 scri-

1272 2538 1382 2577 pturas
1406 2542 1531 2573 omneS,
1555 2536 1729 2572 extractus,
1753 2536 1784 2564 et
1808 2531 1958 2575 registra3
1982 2535 2014 2564 et

497 2587 562 2620 rius
579 2587 729 2630 cuiusque
746 2587 901 2620 mercedis
917 2586 975 2620 sibi
993 2586 1126 2620 debitae.
1145 2586 1239 2626 Quin·
1272 2586 1435 2631 quibusvis
1457 2585 1602 2630 personis
1625 2585 1828 2620 accomodata
1851 2584 1933 2619 insra
1961 2594 2014 2618 an-

497 2640 595 2673 immo
630 2645 795 2673 teneantur
827 2651 885 2684 per
921 2646 1021 2674 totum
1056 2645 1238 2683 sequentem

499 2693 581 2727 diem
608 2693 686 2734 illas,
702 2695 764 2727 una
786 2704 856 2727 cum
881 2693 1082 2727 citationibus
1106 2692 1144 2726 ad
1168 2702 1238 2726 scn-

1307 2659 1318 2686 1
1342 2658 1412 2685 Edit.
1432 2656 1513 2684 Main.
1533 2655 1616 2684 habet
1631 2657 1840 2692 protestatione
1853 2657 1893 2693 (u.
1908 2657 1956 2692 τ.).

1307 2704 1323 2731 2
1343 2702 1442 2730 Forsan
1462 2701 1611 2737 legendum
1630 2710 1734 2729 earum
1747 2703 1786 2738 (n.
1804 2701 1855 2739 T.).

2025 273 2120 302 Aac.
2143 275 2210 304 ¹612
2236 311 2238 313 Ι
