2293 3231
121 251 171 278 An.
187 250 216 279 C.
238 251 302 280 1621

917 254 1093 279 Gntzconttfs
1117 255 1159 278 XV
1183 255 1231 279 Pr.

324 298 451 333 decreto
464 298 502 332 de
515 299 700 333 eorumdem
710 302 906 334 notariorum
920 312 1062 343 numero,

323 352 416 386 etiam
430 352 455 384 si
468 352 506 385 ad
520 352 607 385 illum
621 354 760 386 nondum
774 354 813 387 sit
826 354 1002 397 deventum,
1013 356 1061 389 cui

322 415 381 449 per
396 405 457 439 hoc
469 405 545 438 alias
562 416 623 439 non
642 407 831 441 intendimus
848 408 1011 451 derogare,
1027 420 1062 441 ac

321 460 384 492 una
408 459 446 492 de
471 459 731 494 insolescentibus
763 466 793 494 et
817 462 914 495 altera
946 463 1062 495 nostris

322 511 360 544 de
379 512 566 556 praestando
590 523 744 547 consensu
775 514 807 546 in
838 514 1060 558 pensionibus,

322 574 357 597 ac
381 563 479 597 felicis
510 565 736 599 reeordationis
767 566 812 599 Pii
839 567 938 610 Papae
962 568 998 600 lV
1023 567 1061 600 de

322 616 477 650 similibus
491 617 539 650 vel
552 617 756 652 dissimilibus
769 619 878 662 gratiis
893 619 923 652 in
935 623 1059 653 camera

321 669 495 712 apostolica
512 669 593 703 infra
611 676 674 704 tres
688 682 810 704 menses
826 672 1061 715 praesentandis

321 725 352 756 et
363 722 580 765 registrandis,
594 734 628 757 ae
644 725 688 758 Pii
702 726 735 766 V,
753 726 967 759 Romanorum
984 726 1061 759 Pou-

320 776 439 809 tificum
455 778 736 821 praedeeessorum
748 785 940 820 nostrorum,
952 785 1060 813 contra

319 828 511 872 illegitimos
527 841 650 865 necnon
663 832 862 865 pictaviensis
879 832 1013 873 concilii,
1031 838 1060 865 et

319 881 389 915 aliis
405 883 594 926 apostolicis,
615 894 651 917 ac
667 885 760 917 etiam
776 885 807 917 in
820 885 1059 925 universalibus,

318 934 630 980 provincialibusque
647 937 787 970 conciliis
803 937 904 979 editis,
921 938 1060 981 speciali-

317 987 378 1020 bus
395 988 443 1021 vel
460 988 660 1031 generalibus
677 989 952 1024 constitutionibus
970 995 999 1023 et
1013 1002 1060 1024 or-

319 1039 540 1082 dinationibus,
565 1052 601 1074 ac
621 1042 836 1084 ecclesiarum,
856 1044 1060 1077 monasterio-

320 1103 402 1134 rum,
420 1093 582 1135 Ordinum,
600 1094 693 1127 etiam
718 1096 815 1129 sancti
841 1096 963 1129 Ioannis
987 1097 1058 1130 Hie-

317 1146 544 1190 1·osolymitani‚
562 1157 598 1180 ac
615 1147 709 1180 etiam
727 1148 818 1182 Urbis
842 1149 1011 1190 Romanae,
1029 1155 1057 1182 et

318 1199 451 1232 aliarum
475 1199 647 1241 civitatum,
672 1201 872 1245 oppidorum,
890 1207 1057 1244 terrarum,

318 1257 349 1286 et
364 1263 508 1286 camerae
528 1253 718 1298 praedictae,
735 1265 770 1288 ae
792 1256 975 1299 quarumvis
993 1256 1059 1289 uni-

317 1306 501 1339 versitatum
515 1306 609 1350 (eiam
622 1307 809 1349 iuramento,
820 1308 1057 1342 confirmatione

317 1359 501 1404 apostolica,
520 1360 567 1393 vel
588 1360 697 1404 quavis
712 1360 861 1394 firmitate
877 1361 937 1394 alia
963 1362 1057 1396 robo-

317 1413 407 1458 ratis)
432 1413 554 1448 statutis
577 1418 608 1446 et
631 1414 920 1456 consuetudinibus,
945 1416 1059 1449 stabili-

317 1467 447 1509 mentis‚
472 1467 598 1507 usibus,
623 1467 763 1508 naturis,
787 1468 940 1509 decretis,
964 1469 1056 1502 etiam

316 1520 405 1554 novis
418 1520 695 1554 reformationibus
712 1526 741 1554 et
758 1521 890 1564 legibus,
905 1526 966 1554 tam
983 1533 1058 1566 pon-

316 1572 421 1606 tificiis
446 1584 540 1618 quam
565 1573 803 1617 imperialibus,
835 1575 931 1618 regiis
956 1579 986 1608 et
1005 1576 1058 1608 du-

317 1626 453 1668 calibus,
479 1630 508 1660 ct
539 1626 636 1660 sacris
668 1627 864 1668 canonibus,
884 1628 1057 1672 privilegiis

316 1690 452 1724 quoque,
475 1680 604 1714 indultis
621 1686 652 1714 ct
667 1681 779 1715 litteris
793 1683 983 1726 apostolicis,
997 1683 1058 1716 illis

317 1744 490 1778 eorumque
526 1734 743 1778 superioribus
775 1739 803 1768 et
834 1736 979 1778 personis
992 1763 1000 1777 ,
1022 1747 1057 1769 ac

316 1786 394 1821 locis
410 1787 672 1831 quibuscumque,
690 1788 722 1820 in
738 1798 853 1831 genere
872 1789 918 1821 rel
942 1789 973 1821 in
990 1800 1058 1833 spe-

317 1840 374 1882 cie,
399 1840 457 1873 sub
482 1840 735 1884 quibuscumque
761 1842 924 1875 tenoribus
949 1847 979 1875 et
998 1843 1057 1876 sor-

316 1893 377 1927 mis
390 1920 398 1935 ‚
427 1904 463 1927 ac
492 1904 564 1927 cum
596 1894 758 1938 quibusvis
782 1895 1056 1938 derogatoriarum

317 1946 536 1990 derogatoriis,
553 1947 686 1992 aliisque
709 1948 937 1982 efficacioribus
962 1955 993 1982 et.
1015 1950 1057 1982 in-

318 2000 417 2033 solitis
442 2000 610 2042 clausulis,
642 2001 901 2045 irritantibusque
935 2007 964 2035 et
988 2003 1057 2035 aliis

318 2053 462 2095 decretis,
476 2054 570 2087 etiam
583 2055 615 2086 in
628 2054 700 2087 vim¹
716 2060 894 2089 contractus
908 2061 938 2089 et
950 2057 1056 2089 statuti

317 2107 460 2151 perpetui
486 2106 734 2148 continentibus,
766 2118 802 2141 ac
826 2108 920 2141 etiam
946 2114 1056 2151 motu,

318 2160 448 2193 scientia
461 2163 491 2194 et
502 2160 665 2204 potestatis
681 2160 874 2204 plenitudine
892 2162 1056 2203 similibus,

319 2213 412 2247 etiam
438 2213 707 2255 consistorialiter,
724 2218 754 2247 et
777 2214 853 2247 alias
877 2214 909 2247 in
935 2221 1057 2248 contra—

317 2267 400 2301 rium
424 2267 662 2311 quomodolibet
681 2268 847 2308 concessis,
865 2268 1057 2302 confirmatis

317 2326 348 2354 et
364 2321 517 2354 innovatis
536 2320 610 2364 (illis
633 2321 830 2364 praesertim,
847 2321 960 2365 quibus
977 2322 1058 2355 inter

317 2375 378 2408 alia
402 2375 505 2408 caveri
530 2374 645 2407 dieitur
669 2385 824 2418 expresse,
842 2375 926 2418 quod
945 2374 1059 2408 beneti-

318 2428 366 2462 cia
389 2428 483 2462 Urbis
517 2428 641 2461 nonnisi
677 2428 819 2472 personis
833 2455 841 2469 ‚
873 2428 930 2461 sub
965 2429 1058 2462 certis

317 2481 412 2515 modo
430 2486 460 2515 et
475 2482 578 2515 forma
603 2481 679 2514 inibi
694 2481 889 2525 qualitieatis,
903 2487 933 2514 et
950 2481 1057 2515 oriun-

318 2534 366 2569 dis
390 2545 426 2569 ex
451 2535 545 2569 certis
570 2535 656 2576 locis,
679 2546 714 2568 ac
739 2535 834 2568 trium
859 2535 1010 2568 Ordinum
1028 2541 1058 2568 et

317 2589 500 2623 militiarum
525 2599 670 2633 expresse
695 2588 844 2632 professis
867 2588 1003 2622 conferri
1028 2594 1057 2621 et

354 2654 366 2679 1
384 2651 438 2680 Nisi
452 2651 600 2686 legendum
613 2651 648 2679 sit
661 2652 751 2680 etiam
767 2652 824 2679 vim
839 2653 877 2688 (a.
893 2652 940 2688 T.).

419 2705 497 2735 Bull.
516 2706 597 2736 Rom.
613 2721 648 2727 —
667 2706 725 2734 Vol.
746 2705 811 2734 XII.
974 2705 1007 2733 63

1098 302 1312 336 commendari
1338 303 1458 346 possint
1482 302 1750 345 disponentibus),
1769 303 1834 346 qui-

1096 355 1154 387 bus
1179 356 1336 396 omnibus,
1362 355 1482 388 etiamsi
1507 356 1544 388 de
1569 355 1640 395 illis,
1661 366 1834 399 eorunnpic

1097 409 1168 441 totis
1181 409 1352 449 tenoribus,
1364 408 1514 452 specialis,
1523 409 1677 452 specifica,
1688 420 1834 452 expressa

1095 465 1123 494 et
1141 461 1310 501 individua,
1328 474 1363 494 ac
1381 462 1418 494 de
1437 463 1532 495 verbo
1552 464 1589 495 ad
1611 464 1754 503 verbum,
1772 474 1833 497 non

1095 518 1196 547 autem
1223 524 1279 557 per
1303 515 1457 547 clausulas
1486 517 1648 557 generales
1672 516 1754 548 idem
1781 517 1834 549 im-

1095 571 1266 610 portantes,
1285 567 1403 599 mentio
1421 578 1475 599 seu
1492 569 1620 611 quaevis
1637 569 1696 600 alia
1713 580 1835 612 expres-

1095 620 1140 653 sio
1154 620 1295 652 habenda
1311 625 1363 652 aut
1378 620 1482 665 aliqua
1495 621 1554 653 alia
1568 622 1720 665 exquisita
1735 624 1834 654 terma

1094 672 1132 705 ad
1150 673 1209 706 boc
1229 672 1381 705 servanda
1397 673 1486 713 soret,
1504 679 1628 707 tenores
1643 674 1833 715 huiusmodi,

1094 735 1129 757 ac
1151 725 1176 757 si
1201 725 1239 758 de
1263 725 1359 758 verbo
1390 725 1429 757 ad
1454 726 1583 758 verbum
1608 726 1683 759 nibil
1710 728 1834 770 penitus

1093 777 1210 810 omisso
1228 783 1258 810 et
1275 778 1376 810 forma
1401 777 1431 809 in
1456 778 1517 811 illis
1537 779 1651 811 tradita
1669 779 1774 813 inserti
1792 780 1835 813 so-

1093 835 1172 870 rent,
1191 830 1409 873 praesentibus
1426 841 1484 874 pro
1501 832 1658 874 expressis
1674 833 1833 874 babentes,

1094 884 1154 917 illis
1177 885 1252 917 alias
1272 885 1304 917 in
1321 895 1378 918 suo
1395 885 1510 918 robore
1534 888 1757 929 permansuris,
1776 888 1833 921 bac

1092 937 1159 970 vice
1183 938 1354 979 dumtaxat,
1372 939 1485 971 harum
1502 939 1593 979 serie,
1612 940 1787 983 specialiter
1804 946 1834 974 et

1092 1000 1237 1034 expresse
1248 991 1448 1034 derogamus,
1459 992 1625 1025 contrariis
1635 992 1765 1035 quibuse
1771 1004 1834 1026 um-

1092 1054 1168 1086 que:
1193 1048 1246 1078 aut
1277 1044 1302 1077 si
1336 1044 1514 1088 aliquibus,
1540 1045 1751 1078 communiter
1781 1052 1834 1079 aut

1092 1096 1227 1137 divisim,
1239 1097 1277 1130 ab
1292 1097 1402 1130 eadem
1420 1098 1458 1132 sit
1471 1098 1549 1132 Sede
1566 1098 1731 1139 indultum,
1749 1099 1833 1142 quod

1092 1149 1246 1191 interdici,
1260 1151 1418 1194 suspendi,
1431 1151 1479 1184 vel
1493 1152 1760 1185 excommunicari
1771 1162 1832 1185 non

1090 1203 1212 1246 possint
1229 1214 1286 1246 per
1301 1204 1419 1238 litteras
1440 1204 1628 1248 apostolicas
1642 1215 1703 1238 non
1722 1205 1833 1237 sacien-

1093 1260 1138 1288 tes
1154 1256 1290 1299 plenam,
1308 1262 1337 1289 et
1354 1268 1545 1301 expressam,
1566 1268 1601 1290 ac
1619 1258 1656 1290 de
1683 1258 1776 1291 verbo
1794 1259 1831 1291 ad

1092 1308 1234 1350 verbum,
1249 1310 1286 1342 de
1299 1310 1419 1344 indulto
1433 1311 1615 1344 huiusmodi
1628 1311 1830 1344 mentionem.

1135 1363 1150 1405 ἓ
1174 1362 1225 1395 21.
1253 1364 1404 1397 Volumus
1429 1370 1532 1397 autem
1548 1392 1556 1405 ,
1581 1365 1663 1408 quod
1688 1375 1832 1408 praeseu-

1091 1414 1171 1447 tium
1196 1417 1410 1461 transumptis,
1428 1418 1521 1450 etiam
1542 1418 1716 1461 impressis,
1742 1424 1771 1451 et
1796 1418 1832 1451 si-

1091 1468 1167 1510 gillo
1194 1480 1228 1502 ac
1249 1480 1344 1502 manu
1362 1471 1494 1504 alicuius
1514 1482 1668 1514 personae
1686 1472 1716 1504 in
1733 1472 1832 1514 digni-

1091 1527 1152 1553 tate
1177 1523 1387 1555 ecclesiastica
1423 1524 1610 1557 constitutae
1642 1525 1770 1557 munitis
1802 1531 1831 1557 et.

1091 1575 1286 1620 subscriptis,
1313 1578 1420 1610 eadem
1457 1578 1535 1610 tides
1566 1582 1629 1610 tam
1659 1578 1690 1610 in
1715 1578 1830 1612 iudicio

1091 1639 1185 1672 quam
1211 1635 1296 1662 extra
1322 1630 1515 1671 adhibeatur,
1533 1642 1612 1675 quae
1637 1632 1713 1675 ipsis
1737 1633 1832 1674 origi-

1090 1682 1213 1715 nalibus
1238 1683 1463 1724 adhiberetur,
1489 1685 1512 1717 si
1549 1685 1649 1717 forent
1675 1685 1830 1718 exhibitae

1091 1736 1138 1767 vel
1164 1740 1314 1769 ostensae.

1090 1815 1235 1848 Nomina
1259 1821 1366 1849 autem
1391 1818 1683 1855 conclam‘starum‚
1711 1819 1770 1861 qui
1795 1820 1832 1852 in

1134 1869 1278 1902 conclavi
1306 1870 1495 1902 huiusmodi
1521 1871 1738 1913 interfuerunt
1755 1876 1832 1904 sunt

1135 1922 1223 1961 haec,
1250 1922 1419 1955 videlicet.-

1134 2001 1327 2034 Venerabilis
1351 2002 1448 2035 srater
1471 2008 1578 2037 noster
1602 2004 1733 2036 loannes
1758 2004 1831 2037 Vin-

1090 2054 1210 2087 centius
1227 2054 1355 2098 Spinula
1376 2055 1500 2089 Ordinis
1525 2057 1657 2090 fratrum
1683 2057 1831 2089 Eremita-

1090 2119 1161 2141 rum
1179 2109 1275 2141 saneti
1300 2110 1465 2152 Augustini
1483 2110 1650 2154 episeopus
1667 2111 1831 2153 Tagasten-

1091 2161 1132 2194 sis
1144 2188 1151 2201 ,
1169 2162 1308 2202 sacrista,
1326 2168 1352 2194 ct
1372 2162 1476 2195 dilecti
1503 2163 1557 2195 lilii
1582 2163 1695 2195 Paulus
1712 2164 1829 2203 Alaleo,

1091 2215 1269 2255 canonicus,
1287 2215 1417 2253 loannes
1438 2216 1572 2259 Baptista
1596 2217 1688 2249 etiam
1714 2218 1829 2257 Maleo,

1091 2272 1121 2299 et
1152 2268 1280 2301 Carolus
1315 2268 1467 2301 Antonius
1504 2269 1691 2309 Vaeearius,
1724 2270 1829 2303 elerici

1091 2321 1276 2364 respective,
1295 2322 1437 2365 perpetui
1457 2322 1643 2361 beneficiati,
1662 2323 1830 2355 benetieia-

1092 2379 1139 2406 tus
1164 2379 1192 2406 et
1219 2374 1350 2406 clericus
1376 2375 1548 2418 respectixe
1586 2376 1755 2419 nuncupati
1779 2376 1831 2408 ba-

1092 2426 1196 2459 silicae
1216 2426 1370 2470 Prineipis
1395 2428 1611 2471 apostolorum
1635 2428 1673 2460 de
1691 2429 1782 2469 Urbe,
1801 2434 1830 2462 et

1092 2480 1201 2512 Petrus
1225 2480 1492 2514 Ciaunnarieonus
1518 2487 1690 2525 perpetuus
1714 2482 1830 2515 benesi-

1091 2533 1188 2565 eiatus
1203 2534 1351 2566 eeclesiae
1368 2534 1584 2568 Lateranensis
1600 2535 1744 2578 magistri
1763 2546 1830 2569 cae-

1091 2588 1325 2627 remoniarum;
1352 2588 1464 2621 Mutius
1499 2589 1657 2622 Riccerius
1685 2589 1825 2622 Cameri-

1090 2642 1196 2676 nensis
1220 2641 1388 2676 canonicus
1424 2641 1573 2678 ccclesiae
1597 2643 1694 2678 sancti
1718 2643 1829 2686 Angeli

1736 246 1800 279 497
1847 257 1896 283 Λη.
1913 256 1941 284 c.
1964 257 2027 285 1621

1896 1377 1958 1398 Fides
1973 1380 2029 1400 tran·

1847 1407 1982 1430 sumptorum.
