2293 3231
64 289 112 317 Λ11.
133 289 162 316 C.
178 289 241 316 1611

895 291 1013 315 ΡΑυιυε

305 336 356 369 61.
375 337 435 369 Pro
455 337 528 369 nota
554 338 725 371 sententiae
750 337 946 377 diffinitivae,
972 343 1001 370 ot

261 400 318 434 pro
345 400 546 433 quocumque
574 390 701 423 ‹lecreto
731 391 792 423 vim
821 391 1000 424 diffinitivae

261 442 415 482 habente,
445 454 544 486 usque
575 443 612 475 ad
645 454 801 476 summani
838 448 999 476 scutorum

260 496 415 540 quinque,
439 497 595 530 bononeni
622 502 695 535 tres;

305 548 356 581 62.
384 549 486 593 Usque
510 550 548 583 ad
573 550 692 591 decem,
706 550 861 583 bononem
881 555 998 593 septem

260 612 332 634 cum
357 601 502 642 dimidio,

305 654 355 687 63.
382 655 485 698 Usque
509 655 547 688 ad
573 655 699 698 viginti,
722 655 878 689 bononeni
906 654 1000 698 vigin-

260 708 434 751 tiquinque;

305 760 356 793 64.
382 761 486 804 Usque
510 761 548 793 ad
572 772 806 805 quamcumque
832 771 999 801 summam,

260 813 418 846 bononeni
441 814 796 858 quadragintaquinque.

305 865 356 899 65.
389 866 449 899 Pro
479 876 680 910 quocumque
710 866 856 899 mandato
893 867 1000 910 vigore

261 917 450 958 sententiae,
474 919 605 951 servatis
629 919 809 960 servandis,
835 920 881 952 vel
907 922 999 953 causa

261 971 408 1014 cognita,
437 982 538 1015 usque
571 972 609 1005 ad
645 983 800 1005 summam
837 978 999 1006 scutorum

261 1024 417 1068 quinque,
441 1024 598 1058 bononeni
627 1025 775 1069 quinque3

303 1077 355 1111 66.
374 1077 477 1122 Usque
497 1078 535 1111 ad
555 1078 681 1119 decem,
706 1079 863 1112 bononeni
880 1084 998 1123 septem

259 1141 332 1164 curn
348 1130 489 1171 dimidi0;

305 1183 355 1217 67.
374 1178 479 1228 Usque
498 1184 536 1218 ad
554 1184 679 1228 viginti,
696 1185 853 1219 bononeni
878 1185 1000 1229 viginti-

261 1237 409 1282 quinque3

304 1290 355 1324 68.
381 1291 484 1335 Usque
508 1292 546 1325 ad
570 1303 803 1337 quamcumque
830 1303 997 1333 summam,

259 1346 416 1378 bononeni
439 1345 795 1390 quadragintaquinque.

303 1400 354 1434 69.
380 1400 441 1434 Pro
465 1400 555 1444 copia
574 1401 740 1433 cuiuslibet,
756 1400 998 1442 commissionis,

259 1455 416 1489 bononeni
440 1455 559 1489 decem.

305 1508 355 1542 70.
385 1509 446 1542 Pro
477 1509 567 1553 copia
597 1509 732 1553 simplici
763 1509 929 1542 cuiuslibet
958 1509 1000 1541 in-

260 1562 425 1596 strumenti
450 1563 481 1595 in
503 1562 579 1596 actis
592 1563 703 1605 rogati,
714 1562 869 1596 bononeni
880 1567 999 1606 septem

260 1626 331 1649 com
348 1615 480 1649 dimidio
493 1615 512 1656 ¹;

305 1668 355 1701 71.
381 1669 441 1702 Pro
465 1669 555 1713 copia
580 1670 755 1713 subscripta
786 1680 843 1713 pro
867 1669 927 1702 side
952 1680 1017 1702 eo-¹

260 1722 420 1763 rumdem,
445 1723 602 1756 bononeni
626 1723 744 1756 decem.

305 1775 355 1809 72.
381 1776 442 1810 Pro
457 1776 548 1820 copia
565 1777 771 1810 articulorum
789 1776 814 1808 si
831 1776 870 1809 sit
887 1786 1000 1819 magna

261 1828 434 1873 scriptura,
458 1829 615 1863 bononeni
640 1830 758 1862 decem.

306 1882 356 1916 73.
382 1883 442 1916 Pro
466 1883 555 1927 eopia
576 1883 743 1916 cuiuslibet.
758 1883 916 1927 petitionis
933 1894 1000 1928 par-

260 1937 318 1978 titi,
342 1937 520 1978 iuramenti,
537 1936 742 1980 allegationis,
766 1942 796 1969 et.
820 1937 1017 1970 0111113011111-4

261 2002 325 2036 que
348 1990 477 2024 alterius
501 1990 561 2023 acti
583 1990 737 2023 iudicialis
761 1990 791 2023 in
816 1991 892 2023 actis
913 1991 1018 2037 tacti„

261 2044 419 2078 bononeni
443 2044 514 2078 duo.

307 2097 357 2131 74.
372 2097 432 2130 Pro
449 2097 595 2130 mandato
611 2097 649 2130 de
665 2097 843 2131 evacuando
860 2097 1000 2139 domum,

261 2151 419 2185 bononeni
444 2150 702 2194 vigintiquinque.

307 2204 357 2238 75.
384 2204 444 2237 Pro
468 2214 667 2248 quocumque
684 2204 829 2237 mandato
847 2204 885 2238 de
905 2205 1019 2238 consi-i

263 2258 395 2302 gnandis
419 2258 620 2302 pignoribus,
645 2257 801 2291 bononeni
827 2263 899 2291 tres.

308 2312 359 2346 76.
378 2312 439 2345 Pro
463 2321 664 2355 quocumque
687 2311 813 2344 decreto
838 2312 1020 2355 confessio-3

263 2366 311 2399 nis
334 2365 445 2405 debiti,
468 2364 626 2398 bononeni
650 2364 722 2397 duo.

309 2419 359 2452 77.
377 2419 437 2452 Pro
454 2418 706 2462 quibuscumque
722 2418 834 2451 litteris
861 2424 891 2452 et
906 2420 1004 2452 decla-

265 2473 390 2506 ratoriis
414 2473 522 2516 vigore
538 2471 710 2511 monitorii,
729 2472 775 2504 vel
792 2472 917 2505 illarum
934 2473 1003 2506 loco

264 2526 411 2559 mandato
440 2526 472 2559 in
503 2525 746 2565 contumaciam,
771 2526 928 2559 bononeni
952 2526 1005 2558 tri-

265 2581 474 2624 gintaseptem
499 2590 570 2613 cum
594 2579 734 2612 dimidio.

302 2652 314 2677 1
336 2650 495 2677 Declaratur
522 2649 549 2676 in
575 2657 633 2685 seq.
660 2649 749 2678 Const.
778 2649 791 2685 §
814 2650 845 2677 18
864 2652 901 2685 (R.
925 2656 950 2677 τ.
972 2658 1004 2678 ex

267 2694 408 2729 Cherub.).

350 2748 428 2776 Bull.
448 2749 533 2777 Rom.
548 2764 582 2770 —
600 2749 658 2778 Vol.
679 2749 745 2778 XII.
891 2749 924 2776 16

1038 291 1057 313 v
1081 292 1128 314 Pr.
1683 281 1737 314 121

1080 337 1128 371 78.
1156 338 1216 370 Pro
1241 337 1492 381 quibuscumque
1518 337 1628 370 litteris
1653 348 1775 370 excom-

1035 391 1272 431 municatoriis,
1301 390 1364 423 sive
1397 390 1634 430 declaratoriiS,
1667 391 1774 433 vigore

1034 443 1234 486 obligationis
1259 444 1288 475 in
1313 445 1414 476 t’orma
1441 453 1594 482 camerae,
1612 444 1658 476 vel
1678 444 1774 476 moni-

1035 497 1106 529 torii
1124 497 1315 539 reffltegrati,
1333 497 1377 528 vel
1394 496 1538 529 mandato
1553 497 1622 529 loco
1638 497 1774 535 illarum,

1035 560 1134 593 usque
1154 550 1191 582 ad
1217 560 1372 582 summam
1398 549 1647 592 vigintiquinque
1670 554 1774 583 scuto-

1037 613 1125 642 rum,
1158 602 1314 635 bononcni
1348 602 1596 645 trigintaseptem
1625 613 1696 635 cum
1727 603 1774 635 di-

1036 655 1149 695 midi0;

1080 708 1130 741 79.
1156 709 1179 741 A
1205 708 1454 751 vigintiquinque
1485 718 1584 752 usque
1608 708 1646 741 ad
1669 719 1775 752 quam-

1034 772 1169 805 cumque
1182 771 1350 801 summam,
1364 761 1520 794 bononeni
1538 758 1772 805 quinquaginta.

1078 814 1129 847 80.
1154 814 1214 847 Pro
1239 814 1435 847 absolutione
1460 824 1477 846 a
1501 815 1657 855 censuris,
1680 815 1775 848 bono-

1034 867 1105 901 neni
1130 873 1249 912 septem
1275 867 1510 909 cunrdimidio.

1078 920 1129 954 811.
1148 921 1208 954 Pro
1225 920 1433 954 instrumento
1451 921 1656 954 absolutionis
1673 932 1690 954 a
1707 931 1775 954 cen-

1034 974 1126 1014 suris,
1151 974 1234 1007 idem
1260 973 1398 1006 solvatur
1430 978 1524 1017 prout
1549 973 1578 1006 in
1603 973 1723 1007 litteris.

1079 1026 1130 1060 82.
1154 1027 1214 1060 Pro
1238 1037 1440 1070 quocumque
1462 1026 1594 1060 brachio
1622 1027 1773 1067 seculari,

1033 1080 1172 1114 solvatur
1203 1080 1332 1124 duplum
1368 1080 1407 1112 ad
1442 1080 1595 1113 rationem
1631 1091 1774 1114 summae

1032 1134 1218 1178 praedictae.

1076 1185 1127 1220 83.
1154 1187 1213 1220 Pro
1238 1186 1407 1220 monitorio
1434 1191 1521 1220 extra
1546 1187 1662 1221 Urbem
1685 1187 1717 1220 in
1742 1188 1774 1221 il-

1032 1240 1092 1273 lius
1114 1240 1268 1281 districtu,
1292 1239 1450 1273 bononeni
1471 1239 1588 1283 viginti.

1077 1292 1128 1326 84.
1147 1293 1207 1326 Pro
1224 1293 1330 1336 rogitu
1347 1293 1548 1326 instrumenti
1565 1293 1773 1337 possessionis

1032 1348 1113 1381 intra
1145 1347 1269 1380 moenia
1300 1346 1409 1387 Urbis,
1441 1346 1599 1379 bononeni
1630 1345 1775 1388 triginta-

1032 1405 1151 1445 septem
1176 1411 1248 1433 cum
1273 1399 1418 1440 dimidio,

1077 1453 1128 1487 85.
1154 1454 1247 1487 Extra
1272 1464 1346 1486 vero
1370 1453 1494 1487 moenia
1518 1452 1621 1493 Urbis,
1642 1452 1774 1486 arbitrio

1034 1508 1154 1541 iudicis.

1078 1561 1128 1594 86.
1154 1561 1214 1594 Pro
1238 1561 1412 1594 inventario
1436 1560 1475 1594 de
1495 1560 1585 1594 bonis
1602 1565 1689 1594 extra
1705 1560 1772 1595 offi-

1033 1615 1128 1656 cium,
1147 1615 1306 1648 bononeni
1330 1614 1565 1659 quinquaginta.

1078 1667 1128 1701 87.
1158 1668 1219 1701 Pro
1251 1667 1397 1701 mercede
1425 1668 1625 1712 publicorum
1657 1668 1773 1700 instru-

1033 1726 1223 1759 mentorum,
1248 1725 1412 1754 serventur
1436 1725 1550 1753 statuta
1574 1721 1676 1754 Urbis.

1078 1773 1128 1807 88.
1144 1775 1177 1807 In
1191 1774 1292 1807 causis
1305 1785 1323 1806 a
1337 1774 1477 1818 quinque
1493 1774 1590 1807 scutis
1607 1774 1696 1814 infra,
1707 1784 1774 1817 spe-

1034 1828 1197 1861 cificentur
1210 1828 1359 1860 materiae
1372 1828 1403 1860 in
1416 1827 1502 1868 actis,
1514 1832 1544 1860 et
1557 1827 1774 1860 examinentur

1033 1886 1127 1914 testes
1143 1881 1262 1924 absque
1285 1880 1426 1914 articulis
1447 1886 1478 1913 et.
1504 1880 1773 1923 interrogatoriis‚

1034 1940 1063 1967 et
1099 1935 1241 1968 notarius
1271 1938 1413 1967 teneatur
1444 1944 1539 1977 super
1573 1934 1774 1976 generalibus

1034 1989 1231 2029 examinare,
1252 1993 1282 2020 et.
1299 1988 1324 2020 si
1345 1998 1417 2032 pars
1440 1987 1575 2021 voluerit
1591 1987 1665 2020 dare
1682 1987 1775 2020 inter-

1034 2042 1204 2086 rogatoria,
1222 2041 1391 2075 concordet
1411 2041 1580 2074 notarium.

1079 2096 1130 2129 89.
1148 2096 1185 2129 Et
1202 2097 1227 2129 si
1246 2101 1357 2139 agatur
1374 2095 1412 2128 de
1427 2096 1528 2136 bonis,
1546 2100 1576 2127 et
1590 2104 1653 2128 non
1670 2095 1708 2128 de
1724 2105 1774 2139 pe-

1034 2150 1199 2183 cuniarum
1230 2149 1476 2192 quantitatibus,
1508 2152 1607 2181 stetur
1642 2148 1772 2181 arbitrio

1036 2203 1147 2235 iudicis
1172 2213 1252 2246 quae
1275 2208 1345 2234 taxa
1369 2202 1447 2235 solvi
1472 2202 1592 2234 debeat.

1079 2256 1130 2290 90.
1156 2257 1216 2290 Pro
1241 2255 1431 2288 extractibus
1447 2255 1558 2288 fiendis
1580 2255 1664 2287 iuxta
1680 2255 1775 2287 resor-

1036 2310 1205 2343 mationem
1230 2309 1435 2349 Sanctissimi,
1460 2314 1489 2341 et
1513 2319 1576 2342 non
1600 2308 1700 2349 aliter,
1717 2319 1774 2352 pro

1036 2363 1175 2406 quolibet
1206 2363 1279 2396 solio
1304 2363 1383 2395 bene
1408 2362 1525 2405 scripto
1550 2362 1635 2394 iuxta
1659 2361 1774 2394 dictam

1036 2417 1293 2450 reformationem
1311 2415 1368 2449 sub
1388 2415 1517 2448 rubrica
1539 2414 1577 2447 de
1593 2414 1771 2458 reqistrz's¹,

1035 2470 1192 2504 bononeni
1210 2480 1272 2502 sex.

1082 2525 1132 2558 91.
1158 2524 1191 2557 111
1216 2523 1318 2557 causis
1340 2533 1415 2556 vero
1440 2523 1675 2562 commissariis‚
1692 2523 1775 2556 iuxta

1037 2577 1228 2622 praedictam
1261 2578 1539 2617 reformationem,
1571 2587 1629 2620 pro
1653 2587 1776 2620 compa-

1791 289 1839 316 An.
1853 290 1880 317 C.
1907 290 1972 316 tet-2

1074 2650 1085 2676 1
1107 2648 1192 2680 Quam
1215 2648 1276 2676 vide
1295 2648 1322 2676 in
1342 2648 1432 2676 Const.
1460 2648 1586 2684 praeced.
1607 2648 1640 2676 ad
1660 2656 1721 2684 pag.
1741 2648 1776 2676 97
1816 2683 1819 2685 .

1037 2694 1073 2729 (a.
1090 2693 1137 2729 T.).
