2293 3231
278 299 328 325 Αη.
344 298 374 325 C.
393 297 459 325 ¹622

301 1371 462 1393 Ecclesiasticos

277 1401 361 1421 monet.
377 1398 462 1424 imposi-

278 1427 320 1445 tum
345 1425 462 1445 subsidium

277 1452 463 1478 alacriterpersot-

277 1480 333 1499 vant.

506 289 569 323 700
1056 296 1238 320 numanum
1261 295 1416 320 Romamn

477 358 574 380 uuum
610 346 818 390 quadraginta
853 344 1039 377 ducatorum
1075 344 1144 376 auri
1180 343 1318 386 denum
1339 348 1369 376 et
1405 343 1495 376 inane
1524 341 1676 386 quidquid
1700 352 1790 377 secus
1820 353 1916 388 super
1942 343 1992 377 his

478 404 600 434 camera
621 411 682 434 non
711 399 892 433 excedentia
921 399 1071 438 obtinent,
1089 402 1117 432 et
1135 397 1219 442 apud
1236 437 1237 443 ¹
1252 406 1269 428 a
1293 406 1463 440 quoquam,
1489 395 1599 440 quavis
1628 396 1835 437 auctoritate,
1859 397 1995 430 scienter

477 454 528 486 illa
557 464 610 486 seu
642 452 768 496 aliquod
793 462 903 485 corum
937 451 1145 495 personaliter
1169 461 1219 483 re·
1236 447 1237 461 ¹
1252 450 1300 482 vel
1318 450 1511 493 ignoranter,
1525 449 1693 493 contigerit
1714 449 1871 491 attentari,
1890 449 1995 484 decer-

477 507 587 542 sident,
610 506 769 538 dumtaxat
795 505 947 548 exceptis)
973 505 1062 537 annis
1087 505 1219 547 singulis
1252 503 1366 535 nimus.

477 560 506 592 in
524 560 617 593 celtis
642 560 719 592 locis
736 565 765 592 ct
783 559 925 592 terminis
941 559 978 591 ad
997 559 1026 591 id
1044 570 1100 602 pei
1117 559 1219 603 ipsum
1236 551 1237 555 ¹
1297 557 1352 600 §5
1366 557 1519 596 Quocirca
1535 556 1768 590 venerabilibus
1782 555 1932 590 fratribus
1948 566 1995 590 ar-

475 613 644 646 Antonium
677 613 860 657 episcopum
893 613 1081 646 modoinum
1107 618 1135 645 et
1161 623 1237 656 pro
1236 610 1454 654 chiepiscopo
1478 610 1694 652 Bracharensi‚
1715 614 1746 644 et
1769 611 1916 655 episcopo
1940 611 1995 645 Co·

477 672 617 710 tempore
651 667 835 699 existentem
861 667 1062 701 collectorem
1088 667 1215 711 praedi·
1252 664 1356 696 limbi
1351 674 1438 703 icnsi
1454 674 1576 697 necnon
1600 664 1715 697 dilecto
1732 663 1797 697 tilio
1814 655 2021 708 inquisitorgi

476 725 571 759 ctum,
588 720 736 764 aliasque,
758 726 788 753 ut
808 721 995 764 praefertur,
1013 720 1236 753 nominandas
1235 763 1237 766 Α
1252 717 1391 760 g'ssnelali
1415 723 1525 750 contra
1549 718 1740 751 haelelicam
1760 717 1945 761 pravitatem
1963 718 1995 751 in

476 784 628 817 pcisonas
638 774 820 810 statuendis
831 775 952 814 inico-re
965 785 1021 818 pei
1023 775 1088 807 soli
1092 774 1237 815 endum
1235 771 1363 804 eodem
1388 781 1488 814 regno
1509 771 1682 815 apostolica
1698 771 1884 805 auctoritate
1900 771 1996 816 depu-

476 831 506 858 et
530 837 625 870 penes
649 827 787 871 aliquem
808 828 869 860 side
894 834 924 861 et
944 827 1141 861 facultatibus
1158 828 1237 861 ido-
1211 802 1237 841 i
1253 830 1326 865 tam,
1347 825 1543 866 mandamus
1567 831 1721 869 quatenus
1745 825 1825 869 ipsi,
1857 825 1905 858 vel
1921 825 1994 866 duo,

476 890 581 921 neum,
607 891 661 913 seu
686 881 782 913 alium
808 882 905 925 ipsius
928 881 1054 915 Antonii
1078 881 1237 926 episcopi
1236 870 1303 913 aut
1328 890 1410 912 unus
1434 889 1556 921 eorum,
1580 890 1638 924 per
1663 890 1705 920 se,
1732 880 1780 913 vel
1805 879 1911 920 alium,
1940 889 1996 913 seu

477 936 505 964 et
531 942 586 975 per
589 942 737 965 sonarum
759 933 893 965 arbitrio
911 933 1091 975 eligendum
1113 925 1237 966 locum
1235 962 1237 994 A
1253 933 1340 974 alios,
1361 939 1544 977 praesentes
1557 933 1640 967 littei
1643 944 1676 966 as
1692 938 1722 967 et
1739 934 1770 967 in
1787 934 1832 967 eis
1849 938 1996 967 contenta

478 989 577 1017 tutum
603 990 634 1017 et
657 996 804 1019 secutum
834 986 962 1019 realiter
987 986 1237 1032 deponendum,
1235 999 1237 1021 ι
1252 996 1480 1031 quaecumque,
1500 987 1553 1020 ubi
1583 992 1613 1020 et
1636 987 1762 1031 quando
1785 998 1867 1032 opus
1890 987 1994 1029 suerit,

476 1043 505 1070 et
529 1039 567 1071 ad
592 1039 690 1083 ipsius
715 1040 800 1083 tegis
824 1040 1082 1084 tequisitionem‚
1103 1051 1139 1074 ac
1162 1041 1237 1074 An·
1234 1050 1288 1090 ac
1313 1041 1439 1084 quando
1471 1046 1502 1074 et
1525 1041 1648 1084 quoties
1683 1051 1742 1086 plo
1776 1046 1872 1101 parte
1896 1041 1995 1086 ipsius

476 1092 552 1125 tonii
584 1093 721 1137 episcopi
754 1098 784 1126 et
807 1104 1017 1138 pe1sonarum
1042 1094 1219 1138 piacdicta-
1234 1064 1390 1160 {Philippi
1407 1095 1502 1138 regis,
1520 1100 1573 1128 aut
1588 1095 1714 1128 Antonii
1732 1095 1884 1140 episcopi,
1898 1100 1928 1129 et
1943 1105 1996 1131 no-

476 1156 546 1178 rum
562 1147 755 1187 mandatum,
769 1147 800 1180 in
815 1158 908 1180 usum
923 1148 1120 1192 praedictum
1133 1147 1220 1181 dum·
1234 1162 1236 1170 ι
1252 1147 1472 1181 minandarum
1493 1158 1714 1192 personarum,
1731 1148 1867 1193 desuper
1879 1149 1995 1182 suerint

477 1204 559 1232 taxat
583 1201 800 1243 eiogmandum
825 1202 999 1245 apostolici
1023 1202 1218 1244 auct01itate,
1252 1201 1417 1244 requisiti,
1441 1202 1629 1235 solemniter
1651 1201 1856 1246 publicantes,
1888 1202 1996 1247 eisque

476 1258 585 1287 ιριιοη1
609 1255 840 1298 pmesemiurn,
866 1256 1080 1300 imponimus
1107 1257 1220 1290 eonsti-
1235 1255 1284 1294 in
1310 1255 1492 1298 praemissis
1516 1256 1651 1289 efficacis
1683 1256 1874 1290 defensionis
1903 1266 1996 1301 prae-

476 1308 595 1341 tuimus
620 1312 650 1342 et
673 1309 866 1343 ordinamus.

522 1361 537 1404 ξ
553 1361 582 1394 4.
599 1363 871 1421 Aichiepiscopos,
889 1364 1065 1408 episcopos,
1082 1364 1237 1406 abbates:

477 1424 514 1457 pl
519 1425 566 1447 ιοι
567 1425 611 1455 es
631 1420 658 1448 et
681 1416 757 1449 alias
781 1416 946 1460 uniusque
963 1428 1053 1450 sexus
1077 1418 1221 1451 ecclesia-

478 1468 591 1509 sticas,
618 1474 682 1501 tam
718 1471 876 1503 seculares
913 1481 1007 1514 quam
1039 1472 1218 1514 regulares,

477 1532 627 1565 personas
650 1524 826 1566 praedictas
851 1524 1022 1565 hortantes,
1038 1525 1161 1568 illisque
1178 1525 1237 1558 di*

477 1576 584 1609 stricte
616 1577 838 1620 praecipiendo
863 1578 1070 1619 mandamus,
1098 1584 1131 1611 ut
1155 1581 1219 1612 tota

477 1629 665 1662 christianae
688 1631 849 1664 charitatis
866 1632 1077 1676 propensione
1102 1633 1221 1666 incum—

475 1682 583 1717 bentes
607 1685 688 1718 hanc
719 1685 927 1718 necessariam
956 1697 1048 1730 opem
1073 1688 1219 1722 alacriter

475 1738 714 1781 amplectantur,
728 1743 758 1771 et
775 1738 882 1772 libenti
897 1739 1002 1773 animo
1014 1747 1218 1784 exequantur;

474 1801 532 1824 nos
556 1791 640 1824 enim
665 1791 840 1825 subsidium
864 1793 1074 1836 praemissum
1095 1795 1140 1828 sic
1166 1795 1220 1828 im-

475 1845 624 1888 positum,
645 1850 679 1880 ut
702 1848 893 1890 praetenui
918 1848 1011 1891 exigi,
1033 1848 1159 1892 deponi,
1177 1849 1220 1882 in-

475 1899 577 1942 sumi,
608 1905 637 1933 et
661 1901 821 1942 converti,
849 1911 886 1934 ae
909 1902 1165 1946 a1cb1eplscopos
1189 1908 1219 1936 et.

476 1952 651 1997 episcopos,
676 1955 817 1996 abbates,
842 1955 976 1999 priores,
997 1966 1169 1999 omnesque
1190 1960 1219 1990 et

475 2006 614 2049 singulas
637 2007 714 2041 alias
740 2019 900 2053 personas,
924 2018 1047 2042 necnon
1071 2010 1218 2054 capitula,

475 2062 757 2104 congregationes,
782 2063 914 2105 collegia
945 2069 975 2096 et
999 2063 1219 2098 universitates

475 2112 596 2147 fructus
631 2115 860 2148 ecclesiasticos
885 2116 915 2148 in
940 2117 1088 2150 universa
1113 2117 1220 2151 Portu-

476 2167 569 2209 gallia
594 2168 815 2211 percipientes,
841 2169 879 2202 ad
903 2169 986 2203 illius
1010 2171 1218 2204 contributio-

475 2230 546 2253 nem
572 2231 630 2264 pro
654 2223 723 2254 rata
747 2222 869 2263 teneri,
898 2228 927 2256 et
951 2223 1107 2267 obligatos
1131 2235 1217 2265 esse,

476 2275 680 2318 censurisque
705 2280 735 2308 et
758 2276 885 2319 poeniS,
912 2281 973 2309 tam
1000 2278 1218 2312 ecclesiasticis

475 2337 569 2369 quam
594 2328 795 2371 pecuniariis,
813 2328 911 2373 ipsius
927 2330 1052 2363 Antonii
1077 2331 1217 2376 episcopi

475 2380 606 2415 arbitrio
641 2381 863 2427 imponendis,
888 2394 1087 2428 quacumque
1111 2386 1218 2429 appel-

475 2433 601 2475 latione,
625 2435 725 2469 aliove
750 2437 946 2480 subterfugio
971 2443 1122 2479 cessante,
1147 2439 1218 2482 cogi

476 2492 506 2519 ct
530 2489 694 2532 compelli,
719 2495 747 2523 et
781 2491 825 2524 sic
850 2502 908 2535 per
932 2503 1149 2536 quoscumque
1174 2493 1219 2526 iu-

477 2539 561 2573 dices
585 2547 615 2574 et
639 2544 874 2578 commissarios
898 2545 1008 2588 quavis
1032 2546 1218 2580 auctoritate

476 2593 652 2637 fungentes,
677 2596 797 2630 sublata
821 2597 866 2631 eis
889 2598 998 2642 quavis
1027 2599 1117 2632 aliter
1141 2599 1219 2633 iudi-

477 2647 567 2680 candi
591 2654 622 2682 et
645 2649 871 2695 interpretandi
891 2652 1036 2686 facultate
1059 2658 1090 2687 et
1113 2658 1218 2688 aucto-

476 2702 579 2745 ritate,
594 2703 727 2738 iudicari
741 2710 772 2739 et
794 2705 920 2740 definiri
942 2705 1076 2749 debere,
1093 2717 1129 2742 ac
1149 2708 1218 2742 irri-

1235 1314 1237 1325 ¹
1235 1308 1332 1355 ³sidio
1349 1309 1539 1350 assistentes,
1553 1309 1666 1343 saciant
1683 1309 1868 1343 auctolitate
1887 1312 1996 1345 nostra

1236 1359 1372 1395 litteras
1395 1368 1426 1396 et
1450 1363 1480 1395 in
1505 1363 1550 1396 eis
1575 1369 1721 1397 contenta
1747 1364 1928 1398 huiusmodi
1944 1364 1996 1398 sir-

1254 1416 1347 1449 mitei
1372 1417 1557 1458 observari,
1583 1427 1619 1450 ac
1653 1428 1732 1461 quos
1765 1417 1850 1462 ipsae
1875 1417 1997 1452 litterae

1235 1475 1449 1526 {concernunt
1480 1470 1542 1503 illis
1575 1470 1606 1503 in
1638 1471 1788 1504 omnibus
1821 1481 1934 1516 parere
1966 1477 1997 1505 et

1253 1523 1399 1564 obedire;
1418 1524 1666 1558 contradictores
1682 1525 1840 1568 quoslibet
1853 1535 1911 1570 per
1927 1535 1998 1559 cen-

1253 1588 1342 1610 suras
1366 1583 1396 1611 et
1420 1588 1539 1622 poenas
1564 1584 1626 1612 tam
1651 1579 1878 1613 ecclesiasticas
1901 1589 1995 1624 quam

1235 1650 1237 1668 s
1252 1631 1462 1665 necessarias¹
1476 1643 1533 1667 suo
1550 1633 1682 1667 arbitrio
1699 1633 1917 1678 imponendas,
1931 1645 1998 1669 mo·

1253 1685 1407 1719 derandas
1420 1691 1450 1719 et
1466 1686 1677 1730 applicandas,
1690 1687 1900 1731 appellatione
1916 1693 1998 1732 post-

1252 1740 1370 1783 posita,
1399 1741 1650 1784 compescendo,
1671 1741 1815 1775 invocato
1839 1742 1934 1775 etiam
1958 1742 1996 1775 ad

1252 1793 1328 1834 hoc,
1354 1793 1378 1827 si
1404 1804 1483 1838 opus
1506 1794 1622 1836 suerit,
1655 1795 1772 1829 auxilio
1795 1795 1916 1829 brachii
1948 1805 1996 1829 se-

1252 1847 1377 1881 cularis.

1297 1901 1364 1945 ξὸ.
1390 1901 1459 1934 Non
1489 1901 1687 1935 obstantibus
1720 1901 1791 1946 piae
1823 1903 1995 1937 memoriae

1252 1954 1402 1988 Bonisacii
1426 1955 1527 1999 Papae
1545 1955 1611 1988 VIII
1626 1955 1878 1999 praedecessoris
1893 1957 1995 1990 nostri

1252 2008 1290 2041 de
1314 2011 1394 2050 una,
1421 2013 1449 2042 et
1482 2009 1608 2043 concilii
1632 2009 1788 2052 generalis
1812 2010 1850 2044 de
1874 2010 1995 2045 duabus

1251 2062 1363 2104 dietis,
1388 2063 1561 2097 dummodo
1593 2063 1663 2106 quis
1693 2063 1878 2097 auctoritate
1902 2075 1996 2109 prae·

1252 2117 1387 2149 sentium
1403 2117 1486 2150 ultra
1511 2122 1575 2150 tres
1591 2116 1690 2150 dietas
1707 2117 1745 2150 ad
1761 2117 1912 2151 iudicium
1931 2128 1995 2152 non

1252 2171 1405 2211 trahatur,
1429 2181 1464 2204 ac
1490 2171 1559 2204 aliis
1583 2171 1861 2206 constitutionibus
1887 2177 1918 2206 et
1941 2183 1994 2207 or-

1251 2224 1466 2258 dinationibus
1489 2224 1686 2269 apostolicis,
1711 2235 1747 2259 ac
1771 2225 1993 2267 ecclesiarum,

1252 2278 1526 2319 monasteriorum,
1551 2278 1710 2319 ordinum,
1730 2278 1929 2324 aliorumque
1948 2289 1995 2313 re-

1252 2331 1410 2374 gularium
1441 2332 1586 2366 locorum
1618 2332 1852 2376 praedictorum
1877 2332 1992 2376 (etiam

1252 2384 1440 2426 iuramento,
1464 2385 1706 2419 confirmatione
1729 2385 1920 2430 apostolica,
1944 2385 1992 2418 vel

1251 2439 1360 2482 quavis
1377 2439 1527 2473 firmitate
1551 2439 1613 2472 alia
1634 2439 1804 2483 roboratis)
1821 2438 1943 2473 statutis
1963 2444 1993 2472 et

1252 2492 1541 2534 consuetudinibus,
1566 2493 1803 2533 stabilimentis‚
1828 2492 1939 2526 usibus
1962 2497 1993 2526 et

1250 2546 1380 2587 naturis,
1397 2556 1433 2579 ac
1448 2551 1513 2579 tam
1537 2546 1716 2591 praedictis,
1739 2556 1834 2590 quam
1851 2546 1920 2579 aliis
1936 2546 1994 2580 im-

1251 2599 1456 2633 munitatibus
1492 2604 1523 2633 et
1558 2599 1811 2644 exemptionibus
1845 2609 1904 2644 per
1935 2609 1992 2634 nos

1287 2718 1297 2745 1
1314 2717 1458 2746 Viden-etur
1471 2715 1616 2753 tegendum
1628 2716 1819 2754 pecuniarias
1832 2718 1871 2754 (n.
1887 2718 1935 2755 ι).

2007 295 2062 322 An.
2078 295 2107 323 C.
2122 293 2194 324 1622

2048 569 2195 602 Exequutoru

2008 595 2097 617 huiusce
2112 596 2195 617 Consti·

2009 623 2096 675 upanpnls
2138 622 2194 644 deti-

2012 1914 2122 1937 Contraria
2133 1915 2194 1938 toltit.
2240 1912 2242 1915 '
