2293 3231
283 268 329 294 Αιι.
347 269 373 295 c.
398 269 460 296 *ὅτι
510 261 574 295 650

677 319 834 352 Greqosius
856 319 934 352 Papa
954 319 1009 349 XV,

606 365 641 390 ad
656 365 832 396 perpetuam
852 361 895 388 rei
915 361 1096 388 memoriam.

528 426 542 467 ξ
572 425 595 456 l.
622 424 704 456 Alias
734 423 831 456 felicis
861 423 1087 456 reeordationis
1112 424 1226 456 Paulus

424 471 467 510 ιῗι-Ῑῇ
485 478 564 521 Papa
591 477 611 508 V
637 477 863 520 praedecessor
888 483 995 510 noster
1019 488 1076 521 per
1099 488 1171 510 suas
1195 477 1226 510 in

285 520 310 536 sit
363 524 374 536 ,ι
392 518 467 536 lvi-ain
504 531 508 535 .

412 604 422 616 ι,
456 603 467 614 ,ι
487 593 580 615 ‚unm
607 582 767 626 expeditas
787 583 916 623 litteras,
934 589 1021 616 motu
1042 584 1176 627 proprio
1197 590 1225 617 ct

484 689 558 728 suis,
575 689 675 732 deque
693 690 883 732 apostolicae
908 691 1071 733 potestatis
1096 691 1228 734 plenitu-

484 743 574 784 dine,
606 743 731 775 Ordinis
770 744 902 777 fratrum
940 744 1098 777 minorum
1129 745 1226 777 sancti

487 796 642 829 l-‘rancisei
663 796 701 830 de
725 796 930 831 observantia
952 797 1227 838 Discalceatorum‚

485 862 539 882 seu
565 850 815 883 Recollectorum
845 855 1110 894 nuncupatorum,
1135 861 1227 895 supe-

486 904 643 943 rioribus,
675 909 707 937 ut
741 904 856 948 ubique
887 905 1029 938 locorum
1062 905 1175 938 domus
1199 909 1226 938 et

487 957 693 997 monasteria,
719 960 840 992 servata
865 958 965 991 forma
987 969 1150 992 sacrorum
1177 969 1227 991 ca-

487 1021 603 1044 nonum
630 1016 657 1043 ct
689 1011 813 1044 concilii
839 1011 1022 1052 Tridentini,
1044 1011 1081 1044 de
1100 1012 1165 1045 sola
1191 1012 1227 1045 li-

487 1064 588 1097 centia
609 1064 860 1105 Ordinariorum,
885 1065 972 1097 nullo
997 1065 1129 1098 aliarum
1155 1076 1227 1109 per-

487 1128 635 1151 sonarum
661 1118 799 1151 cuiusvis
817 1118 941 1151 Ordinis
968 1119 1162 1162 regularium
1183 1130 1229 1152 re-

486 1171 602 1215 quisito
639 1182 815 1212 consensu,
841 1171 993 1212 condere,
1030 1172 1163 1205 fundare
1199 1178 1229 1205 et,

487 1225 611 1268 erigere
636 1225 789 1265 valerent,
814 1225 971 1258 licentiam
997 1229 1025 1258 et
1051 1226 1228 1258 facultatem

488 1278 642 1312 concessit
667 1284 696 1311 et
721 1278 860 1318 indulsit,
881 1284 973 1323 prout
1006 1279 1037 1311 in
1064 1279 1155 1312 dictis
1179 1279 1229 1311 lit·

489 1331 582 1371 teris,
603 1342 739 1375 quorum
768 1337 893 1365 tenores
923 1332 1139 1376 praesentibus
1171 1343 1229 1376 pro

489 1385 644 1428 expressis
668 1384 778 1417 haberi
804 1386 959 1426 volumus,
985 1385 1107 1429 plenius
1132 1386 1230 1419 conti-

488 1443 590 1471 netur.

535 1492 549 1535 §
567 1492 595 1524 2.
615 1492 702 1525 Nunc
720 1502 794 1525 vero
807 1502 874 1532 nos,
893 1492 931 1525 ad
948 1492 1061 1524 uberes
1079 1497 1105 1524 ct
1121 1502 1231 1525 suaves

491 1546 627 1585 fructus,
653 1555 733 1589 quos
757 1545 861 1578 dilecti
891 1545 946 1578 tilii
970 1546 1082 1578 sratres
1107 1545 1231 1578 Ordinis

492 1598 643 1641 praedicti
673 1598 839 1632 strictioris
868 1598 1097 1631 Obseruantiass
1125 1598 1232 1631 Refor-

492 1652 565 1685 mati
582 1652 753 1696 nuncupati
768 1652 847 1684 citra
860 1656 981 1686 montes
999 1657 1232 1685 commorantes

492 1706 523 1738 in
548 1706 692 1740 militanti
716 1706 872 1744 Ecclesia,
899 1706 987 1738 cuius
1014 1706 1161 1747 regimini
1185 1706 1232 1738 di-

492 1759 562 1792 vina
586 1759 772 1803 disponente
801 1759 968 1792 clementia
999 1759 1232 1803 praesidemus,

492 1812 522 1844 in
536 1812 602 1845 dies
615 1812 760 1853 afferunt,
771 1812 883 1845 mentis
895 1818 1021 1845 nostrae
1038 1812 1137 1845 aciem
1157 1823 1232 1846 con-

493 1871 658 1907 vertentes,
675 1866 713 1899 ad
731 1876 777 1906 ea,
798 1877 877 1910 quae
895 1865 1080 1899 eorumdem
1097 1866 1232 1899 fratrum

491 1919 569 1952 citra
594 1925 716 1953 montes
736 1920 999 1953 commorantium
1018 1920 1184 1953 domorum
1203 1925 1231 1952 et

492 1974 634 2006 locorum
651 1973 845 2016 regularium
862 1979 1031 2017 augmento
1057 1973 1233 2007 conducere

492 2031 632 2070 possunt,
657 2027 793 2059 libenter
818 2027 1017 2068 intendimus,
1042 2032 1135 2070 prout
1159 2037 1234 2060 con-

318 1503 412 1530 Eamque
426 1503 474 1523 Gre-

292 1531 363 1556 gorius
382 1531 474 1550 extentu

291 1558 318 1578 ad
334 1558 419 1577 cosulem
435 1556 474 1576 sra-

291 1588 334 1605 tres
349 1589 360 1604 c
372 1586 404 1604 tra
419 1590 474 1604 mon-

292 1614 331 1633 tos.

493 2079 643 2123 spic-imus
667 2080 697 2112 in
722 2080 855 2124 Domino
886 2080 1054 2113 salubriter
1077 2081 1251 2124 expedire*

494 2135 618 2177 ltaque,
643 2133 754 2166 ultimo
778 2133 877 2167 dictos
902 2134 1013 2166 fratres
1039 2134 1233 2168 ltel'ormatos

494 2187 572 2220 citra
588 2191 708 2221 montes
725 2187 904 2221 huiusmodi
925 2187 1111 2231 specialibus
1124 2188 1235 2221 favori-

495 2241 552 2274 bus
566 2246 596 2273 et
610 2241 719 2284 gratiis
739 2241 889 2285 prosequi
911 2242 1059 2281 volentes,
1077 2246 1105 2273 et
1123 2251 1232 2274 eorum

495 2295 671 2337 singulares
699 2305 850 2338 personas
876 2305 892 2327 a
921 2294 1083 2338 quibusvis
1107 2305 1233 2328 excom-

496 2414 558 2437 tom.
575 2416 619 2444 xt,
641 2418 701 2446 pag.
719 2410 797 2444 35t):
819 2410 866 2437 sed
888 2410 993 2446 plenius
1013 2418 1108 2438 cernas
1123 2410 1233 2438 Constit.

495 2455 696 2491 approbationis
720 2455 856 2491 religionis
882 2455 1016 2483 dictorum
1046 2455 1160 2483 fratrum
1189 2464 1236 2491 per

495 2501 578 2527 (ilem.
597 2500 642 2527 Vll
659 2501 750 2527 Const.
763 2508 826 2527 xxiv
836 2501 998 2535 Reliyionz's
1010 2505 1074 2527 tom.
1088 2507 1121 2532 vt,
1137 2510 1160 2536 p.
1175 2501 1232 2528 1¹3.

532 2546 542 2571 1
563 2544 701 2571 Praedicta
718 2545 790 2571 Pauli
806 2545 827 2571 V
843 2544 980 2572 constituti
995 2545 1020 2572 in
1042 2545 1092 2572 loc.
1110 2546 1154 2572 cit.
1172 2545 1236 2581 legi-

498 2593 540 2614 tur
555 2589 617 2615 (lata
632 2596 658 2615 tv
673 2589 835 2625 septembris
851 2590 888 2624 (n.
903 2591 951 2624 τ.).

532 2632 548 2658 Ξ
566 2632 610 2659 Vel
627 2633 767 2668 legendum
793 2634 997 2661 Observanliae
1023 2634 1062 2661 vel
1086 2635 1118 2661 tle
1135 2634 1234 2663 obser-

499 2677 596 2704 vantis«
614 2677 648 2711 (a.
666 2678 714 2712 r).

367 549 386 563 n
416 550 467 562 ω..
485 530 579 562 simili
598 531 697 562 forma
719 530 824 562 Brevis
841 530 899 562 sub
912 530 961 562 die
981 529 1015 562 γ’
1040 529 1244 574 septembris'

1055 270 1234 294 nummum
1258 270 1411 294 Romnum

1259 317 1497 359 municationis‚
1524 319 1738 363 suspensionis
1765 325 1796 354 et
1825 319 1999 358 interdicti,

1259 371 1391 415 aliisque
1416 371 1636 405 ecclesiasticis
1660 374 1835 414 sententiis,
1859 374 2000 408 censuris

1259 429 1288 456 et
1313 424 1433 467 poenis,
1458 434 1474 456 a
1500 425 1568 457 iure
1593 425 1640 457 vel
1667 425 1706 457 ab
1729 425 1868 467 homine,
1891 427 2000 471 quavis

1260 477 1426 510 occasione
1452 477 1499 510 vel
1525 479 1618 510 causa
1644 478 1724 518 latis,
1740 478 1766 510 si
1789 479 1903 522 quibus
1926 491 2001 523 quo-

1262 529 1432 562 modolibet
1460 530 1597 563 innodati
1623 530 1769 571 existunt,
1793 531 1831 563 ad
1856 531 2000 566 effectum

1242 595 1244 615 ι
1261 583 1471 626 praesentium
1489 583 1647 616 dumtaxat
1667 584 1935 628 consequendum,
1951 585 2003 618 ha-

382 630 402 676 ,“
484 646 519 667 cx
545 638 631 668 certa
657 636 786 668 scientia
819 647 854 669 ac
888 638 975 669 mera
1000 637 1245 670 deliberatione·

1262 647 1333 669 rum
1358 636 1439 669 serie
1462 637 1669 677 absolventes,
1694 643 1722 670 et
1751 637 1911 671 absolutos
1936 639 2002 672 sore

1261 695 1434 730 censentes,
1447 695 1534 724 motu
1553 691 1683 735 proprio
1701 696 1731 724 et
1747 702 1785 724 ex
1803 693 1889 725 certa
1906 692 2003 726 scien-

1244 764 1245 775 i
1262 743 1304 776 tia
1320 754 1354 777 ac
1376 745 1499 776 matura
1516 743 1741 778 deliberatione
1757 745 1884 785 nostris,
1901 745 2003 789 deque

1261 797 1454 841 apostolicae
1475 798 1638 841 potestatis
1662 797 1866 842 plenitudine,
1884 798 2003 833 litteras

1262 851 1348 884 Pauli
1369 851 1622 895 praedecessoris
1638 851 1830 891 huiusmodi,
1847 862 1919 885 cum
1940 862 2003 886 om-

1262 904 1352 938 nibus
1377 905 1408 937 in
1433 905 1478 937 eis
1503 905 1658 938 contentis
1677 905 1835 945 clausulis,
1859 905 2003 947 decretis,

1261 969 1297 991 ac
1322 957 1592 1001 derogationibus,
1616 958 1655 991 ad
1683 958 1862 1002 praedictos
1890 958 2004 992 fratres

1263 1011 1460 1044 lleforinatos
1477 1011 1556 1044 citra
1573 1016 1696 1044 montes
1713 1017 1955 1052 commorantes,
1970 1017 2004 1046 ut

1262 1065 1455 1108 praefertur,
1485 1068 1593 1098 tenore
1621 1065 1835 1110 praesentium
1864 1065 2002 1098 extendi-

1263 1129 1342 1158 mus,
1363 1118 1610 1162 eorumdemque
1626 1119 1759 1152 fratrum
1785 1119 1863 1152 eitra
1883 1124 2006 1153 montes

1263 1173 1527 1206 commorantium
1563 1173 1799 1216 superioribus,
1824 1177 1858 1206 ut
1886 1173 2004 1217 ubique

1264 1227 1405 1259 locorum
1431 1226 1510 1259 citra
1527 1231 1650 1260 montes
1667 1226 1779 1260 domos
1798 1232 1828 1259 et
1852 1231 2006 1260 monaste-

1263 1279 1319 1317 ria,
1345 1281 1467 1313 servata
1493 1280 1594 1313 forma
1614 1290 1778 1313 sacrorum
1802 1290 1958 1314 canonum
1975 1285 2005 1314 et

1263 1333 1387 1367 concilii
1411 1333 1595 1373 Tridentini,
1611 1333 1649 1366 de
1674 1334 1741 1366 sola
1765 1333 2005 1367 Ordinariorum

1265 1387 1401 1427 licentia,
1418 1387 1506 1420 nullo
1523 1387 1657 1420 aliarum
1679 1397 1889 1431 personarum
1905 1387 2007 1421 cuius-

1265 1440 1309 1473 vis
1324 1440 1449 1473 Ordinis
1462 1440 1655 1483 regularium
1670 1440 1822 1484 requisito
1841 1450 2007 1481 consensu,

1266 1493 1412 1534 condere,
1438 1493 1569 1526 fundare
1589 1498 1619 1526 et
1643 1493 1767 1537 erigere
1793 1493 1892 1527 libere
1916 1498 1947 1527 et
1969 1493 2007 1526 li-

1265 1547 1326 1580 cite
1351 1548 1489 1587 raleant,
1514 1547 1701 1581 auctoritate
1734 1547 1924 1592 apostolica,
1949 1557 2004 1581 ea-

1267 1599 1411 1632 rumdem
1433 1604 1541 1632 tenore
1557 1599 1781 1643 praesentium,
1801 1599 1959 1633 licentiam
1979 1602 2008 1633 et

1267 1653 1444 1685 facultatem
1471 1653 1674 1686 concedimus
1697 1658 1727 1685 et
1752 1653 1962 1697 impertimur.

1311 1705 1368 1749 {3-
1383 1706 1451 1739 Non
1463 1706 1661 1739 obstantibus
1677 1706 1825 1739 omnibus
1841 1705 1913 1747 illis,
1926 1716 2008 1751 quae

1267 1759 1350 1792 idem
1371 1759 1485 1792 Paulus
1508 1759 1732 1804 praedecessor
1752 1759 1783 1792 in
1807 1760 1873 1793 suis
1897 1759 2008 1793 litteris

1267 1813 1434 1857 praedictis
1459 1813 1556 1847 voluit
1578 1823 1641 1846 non
1666 1813 1808 1853 obstare,
1833 1813 2008 1857 ceterisque

1268 1866 1435 1900 contrariis
1455 1866 1716 1909 quibuscumque.

1312 1921 1423 1953 Datum
1449 1920 1577 1960 Romae,
1591 1919 1674 1963 apud
1697 1923 1841 1953 sanctum
1868 1919 2007 1961 Petrum,

1268 1973 1326 2006 sub
1350 1973 1466 2006 annulo
1490 1973 1668 2013 piscatoris,
1695 1972 1746 2005 die
1774 1982 1853 2006 xxm
1881 1972 2008 2006 decem-

1268 2027 1333 2061 bris
1353 2037 1484 2068 uncxxi,
1502 2027 1702 2071 pontificatus
1714 2027 1814 2060 nostri
1839 2036 1921 2060 anno
1943 2037 1962 2060 1.

1304 2090 1361 2118 Dat.
1378 2090 1421 2117 die
1434 2089 1468 2117 23
1484 2090 1638 2118 decembris
1655 2089 1733 2122 ¹621,
1750 2089 1844 2125 pontif.
1861 2096 1932 2117 anno
1951 2096 1969 2116 i.

1570 2205 1696 2238 xtx'tlt.

1270 2277 1480 2321 Confirmatio
1501 2277 1771 2310 constitutionum
1794 2288 1816 2310 a
1833 2277 2010 2321 Conyreya-

1315 2331 1398 2364 lione
1413 2331 1612 2365 clericorum
1622 2331 1813 2374 Paupermn
1822 2330 1939 2364 Matris
1948 2329 2009 2363 Dei

1313 2384 1507 2418 Sclzolarum
1528 2384 1669 2417 Piarum
1688 2394 1748 2427 pro
1767 2383 1856 2426 felici
1872 2383 1941 2416 eius
1960 2393 2009 2415 re-

1313 2438 1437 2481 qimiue
1453 2438 1628 2470 editarum.

1474 2508 1630 2543 Gregorius
1650 2508 1728 2541 Papa
1745 2507 1802 2539 XV,

1392 2554 1428 2581 ad
1447 2556 1623 2588 perpetuam
1642 2552 1685 2579 rei
1705 2551 1886 2579 memoriam.

1314 2615 1399 2649 Sacri
1424 2615 1614 2659 apostolatus
1639 2613 1814 2647 ministerio
1834 2624 1892 2658 per
1912 2613 2009 2647 abun-

1271 2670 1406 2704 dantiam
1431 2668 1553 2702 divinae
1577 2667 1712 2711 gratiae,
1736 2667 1824 2702 nullo
1847 2668 1920 2702 licet
1942 2677 2008 2702 me-

2014 272 2062 300 An.
2079 273 2107 300 C.
2131 273 2194 302 ¹621

2048 1721 2143 1748 θοι-ειμι
2156 1725 2206 1742 con·
2242 1723 2243 1726 ’

2022 1748 2101 1770 trariis.

2048 2624 2189 2646 Prooominm.
2230 2654 2231 2658 Ἰ

2244 1211 2263 1402 -fiffb—QLOEQ.
2258 1196 2261 1203 .
2251 1121 2262 1187 αμα.
2247 1035 2262 1110 ι-Αμι
2254 986 2261 1020 2,-

2253 614 2261 699 -.aa-

2256 962 2261 984 μ.
2249 888 2262 954 ροψζᾈ
2250 816 2261 874 ,αῳᾼ
2250 742 2261 809 ..κε-4
2254 727 2261 734 ε
2245 703 2257 720 *-
