2293 3231
307 779 374 803 Edit„
393 781 466 804 Taur.

323 821 394 845 Tom.
412 829 448 845 xn

305 1314 365 1337 1612

329 1404 336 1416 )

329 1363 341 1376 >t

335 1403 341 1417 >

331 1444 341 1457 D

332 1485 343 1499 2

331 1526 343 1539 '

329 1566 342 1779 &zzz-u

873 344 1281 415 TABULA

353 488 464 536 Quae
490 502 647 531 novum
676 489 866 531 ordinem
895 492 1031 542 refert,
1068 507 1142 544 quo
1175 495 1440 547 claronoloffl‘ce
1475 498 1682 550 dispositae
1709 509 1799 542 sunt

396 568 632 620 Pontificiae
649 567 949 613 Constz'tationes
970 572 1013 613 in
1026 572 1214 616 Edicione
1233 575 1488 624 Taurinensz',
1503 579 1689 621 collatum
1709 593 1799 621 eum

396 649 522 691 veteri
551 649 698 692 ordine
725 649 935 693 Romanae
962 650 1165 695 Edicz‘om's
1193 653 1437 706 Hieronymi
1465 656 1689 700 Mainarcli.

861 781 926 806 Edit.
947 782 1018 806 Rom.

829 823 898 846 Tom.
914 831 936 849 v,
950 825 1012 855 part.
1028 831 1052 847 iv

589 904 729 937 PAULsz‘
736 915 764 938 v.

469 989 577 1013 CLXXV
596 989 690 1013 Sedula
701 989 808 1013 Romani
828 990 958 1015 Pontificis
977 1010 983 1015 .
1008 993 1052 1016 179

454 1030 577 1053 CLXXVI
593 1030 723 1053 Romanus
740 1030 858 1054 Pontifex
877 1031 950 1055 circa.
977 1050 982 1055 .
1008 1032 1052 1055 173

444 1070 579 1094 CLXXVII
595 1070 665 1094 Inter
680 1070 814 1102 pastoralis
832 1074 933 1095 nostrae
945 1090 950 1095 .
977 1091 982 1096 .
1008 1073 1052 1096 174

433 1111 579 1134 CLXXVIII
595 1110 752 1142 Redemptor
773 1113 860 1135 noster
876 1111 981 1143 unigen.

454 1151 576 1174 CLXXIX
592 1150 674 1174 Officii
691 1151 832 1182 pastoralis,
855 1159 914 1175 cura
943 1171 948 1177 .
974 1171 979 1176 .

466 1191 577 1215 CLXXX
593 1192 622 1214 In
635 1191 837 1223 supereminenti
855 1192 988 1216 militantis

455 1232 578 1256 CLXXXI
593 1232 722 1255 Romanus
733 1233 807 1256 Pont.
816 1232 842 1255 in
854 1234 981 1264 supreme..

439 1272 574 1296 CLXXXII
589 1271 725 1296 Pastoralis
737 1271 812 1295 officii
821 1280 882 1296 cura
894 1280 948 1296 nos.
975 1292 980 1296 .

1007 1113 1051 1136 175

1007 1154 1051 1176 176

1007 1194 1051 1216 177

1006 1235 1051 1257 178

1006 1274 1050 1297 179

430 1313 575 1336 CLXXXIII
591 1313 766 1337 Ecclesiarum
781 1313 918 1345 praelatos.
944 1333 949 1337 .
976 1334 980 1338 .
1006 1316 1050 1338 180

431 1354 576 1377 CLXXXIV
592 1355 622 1377 In
629 1353 831 1385 supereminenti
839 1353 980 1378 militantis.
1007 1357 1049 1379 181

438 1394 573 1417 CLXXXV
591 1394 660 1421 Cum,
671 1393 736 1418 sicut
747 1393 891 1426 accepimus
900 1394 985 1419 licent.

426 1435 575 1459 CLXXXVI
591 1435 631 1459 Ad
639 1436 783 1459 Romanum
792 1435 951 1460 Pontificem.
974 1455 978 1459 .
1004 1438 1049 1460 183

370 1469 373 1471 “
419 1476 577 1499 CLXXXVII
594 1476 655 1499 Cum
667 1483 750 1507 nuper
761 1475 886 1500 ecelesiae
911 1495 917 1500 .
943 1495 948 1499 .
975 1495 978 1500 .
1005 1478 1048 1500 184

408 1517 579 1540 CLXXXVIII
594 1516 678 1540 Hodie
696 1524 743 1548 per
759 1516 821 1540 alias
835 1518 948 1542 nostras.
974 1536 978 1540 .
1005 1517 1048 1540 185

429 1556 573 1579 CLXXXIX
590 1555 715 1582 Quoniam
727 1563 768 1580 res
781 1555 978 1580 ecclesiasticae.
1003 1557 1048 1579 186

513 1595 575 1618 CXC
591 1596 624 1618 Ut
631 1595 782 1626 urgentibus
790 1596 985 1620 necessitatibus
1004 1597 1047 1620 187

500 1635 573 1659 CXCI
589 1635 720 1660 Ecclesiae
733 1635 946 1667 Salisburgensis.
973 1656 977 1659 .
1003 1638 1047 1660 188

489 1676 575 1699 CXCII
590 1675 796 1700 Christifidelium
806 1676 977 1708 quorumlibet
1002 1677 1047 1700 316

477 1717 573 1740 CXCIII
591 1717 654 1741 Cum
665 1717 753 1742 dilecti
765 1717 811 1741 filii
822 1717 985 1749 praepositus
1002 1718 1047 1743 190

475 1758 573 1782 CXCIV
589 1757 708 1782 Universi
720 1757 774 1790 agri
790 1758 911 1782 dominici
941 1778 945 1782 .
972 1778 977 1783 .
1003 1760 1047 1783 189

488 1798 574 1822 CXCV
591 1799 652 1822 Cum
670 1806 716 1822 nos
728 1807 811 1831 nuper
822 1799 945 1830 generali.
971 1819 976 1823 .
1002 1800 1045 1823 191

477 1839 575 1863 CXCVI
592 1839 661 1867 Cum,
671 1838 736 1863 sicut
744 1839 986 1871 accepimus,nuper
1009 1854 1039 1858 --

463 1879 571 1904 CXCVII
588 1880 650 1904 Cum
666 1883 725 1912 post
745 1880 843 1912 aliquas
867 1880 981 1904 declara—

613 1920 696 1944 tiones
723 1939 977 1945 .........
1009 1934 1039 1938 -—

451 1961 571 1984 CXCVIII
586 1960 627 1983 Ad
643 1959 817 1992 VVestphaliae
836 1959 983 1991 provinciae
1002 1961 1046 1984 199

476 2001 572 2024 CXCIX
589 1999 891 2031 Cum38icutaccepimus,
902 2008 984 2031 nuper
1002 2001 1046 2024 193

533 2040 572 2063 CC
587 2040 657 2069 Cum,
667 2039 984 2072 sicutaccepimus‚nuper
1001 2041 1046 2063 194

522 2080 573 2103 CCI
589 2079 658 2108 Cum,
669 2079 735 2103 sicut
742 2079 894 2111 accepimus,
905 2087 986 2112 nuper
1001 2080 1046 2103 195

509 2119 570 2142 CCII
586 2119 626 2142 Ad
643 2119 797 2151 apostolatus
816 2119 914 2144 nostri.
939 2138 945 2143 .
971 2138 976 2143 .
1001 2120 1046 2143 196

499 2159 572 2182 CCIII
588 2160 656 2187 Cum,
674 2159 740 2183 sicut
751 2159 907 2191 accepimus²
922 2159 983 2183 dum
1000 2161 1045 2183 197

502 2199 574 2222 CCIV
589 2199 628 2222 Ex
638 2198 779 2223 maiestatis
790 2201 849 2224 tuae
861 2199 951 2223 litteris
1001 2201 1045 2223 198

511 2240 571 2263 CCV
587 2240 624 2263 Ex
636 2239 751 2263 iniuncto
766 2239 839 2263 nobis
857 2239 967 2271 desuper
1000 2241 1044 2264 199

501 2280 573 2303 CCVI
588 2279 752 2311 Apostolieae
761 2279 834 2303 Sedis
842 2283 964 2304 consueta
971 2280 1044 2304 2000*⁸

487 2320 571 2343 CCVII
586 2319 680 2343 Divina
687 2319 838 2352 disponente
847 2320 981 2344 clementia
999 2321 1045 2345 900

473 2361 570 2385 CCVIII
586 2360 670 2384 Hodie
683 2360 810 2392 siquidem
824 2361 978 2386 electionem
1004 2375 1035 2378 —

497 2401 569 2425 CCIX
585 2401 688 2425 Gratiae
701 2401 802 2425 divinae
814 2403 955 2434 praemium
1003 2417 1033 2421 ——-

506 2441 567 2465 CCX
583 2441 823 2466 Hodieelectionem
834 2442 980 2474 depersona
1004 2458 1034 2461 —-

494 2482 568 2505 CCXI
584 2482 667 2506 Hodie
676 2482 827 2507 electionem
834 2483 980 2515 depersona
1006 2498 1035 2502 —

483 2522 567 2546 CCXII
583 2522 666 2547 Hodie
673 2523 824 2547 electionem
832 2523 863 2547 de
871 2531 980 2555 persona
1005 2538 1036 2542 —--

474 2562 571 2585 CCXIII
586 2562 670 2586 Hodie
680 2562 831 2587 electionem
841 2563 979 2587 dilectifflii
1005 2578 1036 2582 —

473 2601 568 2627 CCXIV
585 2603 646 2626 Cum
657 2611 704 2628 nos
714 2603 815 2636 pridem
825 2603 976 2628 electionem
1003 2618 1034 2623 —

1006 1397 1051 1419 182
1091 1387 1095 1390 ’
1128 1406 1138 1418 »

1104 782 1171 807 Edit.
1190 784 1262 807 Taur.
1653 787 1719 813 Edit.
1738 790 1808 813 Rom.

1120 823 1190 846 Tom.
1210 831 1245 846 xu
1616 828 1684 851 Tom.
1702 836 1723 856 r,
1738 833 1802 860 part.
1817 838 1841 854 1v

1106 873 1166 897 1619
1292 874 1375 897 CCXV
1394 874 1537 899 Humilibus
1550 876 1646 908 piorum
1669 897 1674 900 .
1700 897 1705 902 .
1731 897 1735 902 .
1762 898 1766 902 .
1796 881 1840 903 901

1129 923 1141 936 n
1282 915 1376 938 CCXVI
1393 916 1452 938 Cum
1462 916 1547 940 dilecti
1556 917 1764 950 filiipraepositus
1771 921 1842 943 31601'1

1267 955 1373 978 CCXVII
1390 957 1512 980 Pastornli
1525 958 1599 981 officii
1611 966 1671 983 cura
1683 960 1779 984 meritis
1796 962 1842 984 909

1130 1004 1141 1017 »
1256 995 1375 1018 ccxvm
1392 996 1537 1020 Monialium
1548 997 1634 1029 quieti,
1645 1007 1709 1030 quae
1737 1018 1742 1023 .
1768 1019 1773 1023 .
1797 1001 1843 1024 903

1279 1035 1374 1058 CCXIX
1390 1037 1418 1058 In
1431 1036 1492 1060 sede
1504 1037 1570 1061 beati
1583 1038 1652 1062 Petri
1667 1038 1764 1063 meritis
1796 1042 1842 1064 204

1288 1075 1373 1098 CCXX
1389 1075 1465 1104 Aliais,
1479 1082 1613 1108 postquam
1627 1078 1707 1102 felicis
1736 1099 1740 1103 .
1767 1099 1772 1103 .
1796 1081 1842 1104 905

1275 1116 1372 1138 CCXXI
1389 1116 1461 1140 Sedis
1473 1119 1519 1148 Ap.
1535 1117 1718 1150 circumspecta
1736 1139 1741 1143 .
1768 1139 1772 1143 .
1796 1122 1842 1145 906

1267 1156 1374 1179 CCXXII
1390 1156 1459 1180 Alias
1472 1156 1552 1181 felicis
1566 1159 1746 1183 recordationis
1803 1175 1834 1179 —

1252 1197 1371 1220 CCXXIII
1388 1197 1510 1223 Quoniam
1524 1198 1685 1224 fraternitatis
1697 1203 1754 1225 tuae
1768 1221 1772 1224 .
1796 1203 1841 1225 907

1252 1237 1372 1260 CCXXIV
1388 1238 1494 1261 Romani
1504 1238 1689 1272 Pontificis‚qui
1698 1241 1774 1272 Regis
1796 1243 1842 1267 908

1267 1277 1374 1301 CCXXV
1391 1278 1548 1309 Accepimus,
1562 1287 1609 1303 nec
1621 1280 1675 1304 sine
1688 1281 1764 1304 ammi
1796 1284 1841 1306 909

1253 1317 1373 1341 CCXXVI
1390 1318 1459 1347 Cum,
1469 1325 1526 1349 post
1535 1318 1624 1342 saetam
1634 1320 1664 1344 de
1672 1329 1780 1352 persona
1797 1323 1843 1346 910

1128 1366 1138 1379 w
1241 1357 1373 1380 CCXXVII
1390 1358 1496 1381 Romani
1506 1359 1764 1391 Pontif.providentia
1796 1364 1840 1386 911

1232 1397 1375 1420 commi
1394 1397 1467 1425 Alias,
1482 1406 1528 1429 pro
1544 1401 1616 1430 parte
1628 1399 1713 1424 dilecti
1725 1401 1769 1424 fini
1797 1403 1842 1426 212
1874 1398 1876 1401 ’

1251 1438 1373 1461 CCXXIX
1390 1437 1467 1465 Alias,
1482 1446 1528 1469 per
1538 1446 1583 1462 nos
1599 1443 1703 1471 accepto
1713 1441 1780 1473 quod
1796 1443 1841 1466 913

1263 1479 1373 1503 CCXXX
1391 1479 1526 1503 Pastoralis
1544 1480 1618 1504 officii
1636 1489 1708 1505 cura.
1734 1501 1738 1505 .
1764 1501 1769 1506 .
1793 1484 1838 1507 914

1250 1519 1371 1542 CCXXXI
1389 1520 1777 1546 SacrosanetaeRomanaeEccl.
1796 1524 1841 1546 915

1240 1559 1373 1582 CCXXXII
1391 1560 1459 1587 Cum,
1475 1559 1541 1582 sicut
1554 1560 1704 1591 accepimus,
1717 1561 1748 1584 ad
1767 1581 1771 1585 .
1795 1563 1840 1586 915

1227 1599 1372 1622 CCXXXIII
1389 1599 1459 1627 Cum,
1474 1599 1537 1623 sicut
1550 1600 1700 1631 accepimus,
1720 1604 1747 1625 tu
1767 1620 1773 1627 .
1796 1604 1841 1626 916

1228 1639 1370 1662 CCXXXIV
1388 1640 1456 1668 Cum,
1472 1640 1538 1663 sicut.
1554 1641 1705 1672 accepimus,
1720 1647 1747 1665 tu
1765 1661 1770 1666 .
1795 1643 1841 1666 217

1234 1680 1369 1703 CCXXXV
1385 1681 1454 1707 Cum,
1469 1680 1534 1704 sicut
1551 1681 1701 1712 accepimus.
1722 1685 1748 1705 tu
1795 1683 1841 1706 918

1125 1729 1136 1742 >›
1225 1721 1371 1744 CCXXXVI
1387 1721 1436 1744 Pro
1453 1721 1532 1744 nostri
1543 1721 1676 1752 pastoralis
1705 1741 1710 1746 .
1736 1742 1741 1746 .
1767 1742 1772 1746 .
1796 1724 1841 1747 919

1216 1761 1371 1785 CCXXXVII
1388 1761 1426 1784 Ex
1438 1761 1551 1784 iniuncto
1563 1761 1636 1785 nobis
1649 1762 1758 1794 desuper
1795 1765 1841 1788 990

1202 1802 1369 1825 CCXXXVHI
1386 1801 1425 1825 Ad
1437 1810 1474 1830 ea,
1485 1810 1532 1834 per
1543 1810 1608 1834 quae
1625 1803 1777 1828 universita-

1420 1844 1473 1865 tum
1483 1861 1769 1868 ..........
1794 1846 1837 1868 991

1223 1882 1369 1906 CCXXXIX
1385 1882 1455 1906 Alias
1468 1883 1560 1906 dilecto
1574 1883 1625 1906 filio
1639 1883 1716 1907 nobili
1736 1903 1740 1907 .
1767 1903 1772 1909 .
1795 1886 1841 1909 999

1125 1932 1135 1944 >>
1291 1923 1372 1946 CCXL
1388 1923 1425 1946 Ex
1439 1922 1551 1947 iniuncto
1564 1924 1636 1947 nobis
1648 1924 1757 1956 desuper
1796 1927 1840 1949 993

1099 1963 1158 1986 1614
1276 1964 1371 1986 CCXLI
1387 1962 1463 1991 AliAs,
1478 1966 1611 1995 postquam
1625 1964 1705 1988 felicis
1735 1983 1740 1987 .
1767 1984 1770 1987 .
1794 1966 1840 1989 224

1123 2012 1134 2025 >a
1263 2003 1369 2026 CCXLII
1386 2004 1454 2027 Inter
1470 2003 1602 2035 pastoralis
1615 2004 1690 2027 officii
1703 2012 1775 2028 curas
1794 2006 1839 2028 995

1251 2044 1369 2067 CCXLIII
1385 2043 1437 2066 Piis
1450 2043 1631 2067 catholicorum
1649 2052 1737 2075 regum
1794 2046 1839 2069 996

1253 2084 1369 2107 CCXLIV
1386 2084 1423 2107 Ex
1436 2083 1550 2107 iniuncto
1562 2083 1634 2107 nobis
1647 2084 1756 2116 desuper
1794 2085 1839 2109 997

1123 2132 1134 2145 >>
1265 2124 1369 2146 CCXLV
1385 2123 1454 2147 Alius
1471 2132 1517 2155 per
1533 2131 1578 2147 nos
1597 2126 1708 2154 accepto.
1734 2143 1739 2148 .
1765 2143 1769 2147 .
1794 2125 1840 2148 998

1126 2172 1133 2185 ψ)
1253 2164 1368 2187 CCXLVI
1385 2165 1454 2192 Cum,
1474 2164 1540 2187 bono
1556 2164 1658 2196 publico
1671 2166 1695 2188 et
1713 2164 1744 2187 ad
1792 2166 1838 2188 999

1239 2204 1367 2227 CCXLVII
1384 2205 1421 2227 Ex
1433 2204 1566 2228 commissa
1578 2204 1650 2227 nobis
1668 2204 1777 2236 desuper
1792 2205 1838 2228 930

1102 1237 1162 1259 1613

1122 2253 1133 2266 n
1230 2245 1369 2268 CCXLVIII
1386 2245 1522 2269 Pastoralis
1534 2250 1619 2268 nostra
1634 2244 1776 2268 sollicitudo
1793 2246 1836 2268 931

1251 2286 1367 2309 CCXLIX
1385 2287 1472 2317 Nuper
1483 2293 1497 2308 a
1511 2285 1584 2308 nobis
1597 2288 1746 2308 emanarunt
1800 2299 1830 2304 —-

1122 2335 1133 2348 2>
1311 2326 1368 2349 CCL
1385 2325 1590 2349 Christifidelium
1604 2325 1791 2357 quorumlibet*

1298 2367 1367 2390 CCLI
1383 2365 1544 2397 Apostolicae
1562 2365 1620 2389 sedi
1636 2374 1682 2397 per
1701 2385 1704 2389 .
1731 2386 1737 2390 .
1763 2385 1767 2390 .
1792 2368 1838 2391 939

1287 2408 1367 2430 CCLII
1383 2407 1452 2430 Alias
1462 2414 1519 2430 cum
1529 2406 1617 2430 civitas
1627 2407 1775 2431 Cenetensis
1791 2409 1837 2432 933

1275 2447 1367 2470 CCLIII
1385 2448 1446 2470 Cum
1463 2446 1552 2470 civitas
1565 2447 1712 2471 cenetensis
1731 2466 1736 2470 .
1763 2466 1767 2470 .
1791 2449 1837 2472 ‘234

1273 2487 1365 2510 CCLIV
1381 2487 1409 2510 In
1420 2486 1619 2518 supereminenti
1631 2486 1763 2511 militantis
1791 2489 1836 2512 935

1284 2527 1364 2550 CCLV
1382 2527 1489 2551 Nomine
1501 2526 1605 2551 chariss.
1620 2527 1646 2550 in
1661 2527 1759 2551 Christo
1790 2529 1836 2552 936

1122 2575 1133 2588 »
1274 2567 1366 2590 CCLVI
1383 2566 1519 2599 Cupientes
1531 2567 1562 2591 ad
1572 2567 1711 2591 animarum
1731 2586 1736 2591 .
1761 2586 1766 2591 .
1790 2569 1835 2591 937

1121 2615 1132 2628 »
1263 2606 1366 2630 CCLvu
1382 2608 1431 2631 Pro
1443 2610 1527 2632 nostro
1536 2615 1641 2632 munere
1653 2606 1679 2630 in
1691 2607 1730 2631 his
1788 2607 1834 2631 938

796 2685 808 2698 ²¹
823 2685 860 2709 Ex
877 2684 960 2709 Const.
984 2692 999 2713 C
1016 2685 1094 2717 Greg.
1113 2686 1159 2711 XV
1177 2685 1204 2710 in
1221 2685 1262 2711 ed.
1280 2686 1351 2711 Rom.

438 2741 516 2771 Ball.
532 2740 617 2771 Rom.
642 2741 704 2772 Vol.
721 2742 787 2771 XII.
1038 2744 1058 2771 B
