2293 3231
313 288 354 313 in,
377 287 402 312 Γ..
428 288 486 315 1121

322 1766 356 1786 Cl.=
362 1773 382 1785 u=
388 1768 442 1787 ..t.=.·.

539 279 602 312 (316
1079 289 1254 312 animuum
1280 288 1432 312 nouatum

508 336 642 368 indebite
675 335 830 367 molestari
846 362 853 374 ,
877 340 929 367 aut
960 345 1005 367 eis
1038 335 1235 377 gravamina,
1251 343 1254 378 t
1269 335 1370 373 dietis,
1393 335 1439 367 rel
1463 335 1568 378 aliquo
1592 335 1653 368 alio
1677 335 1787 375 iudice,
1807 336 1898 369 etiam
1915 336 1999 370 ordi-

505 390 616 421 damna
635 389 679 420 vel
707 388 833 420 iniurias
857 387 992 430 desuper
1017 388 1160 429 irrogari,
1179 388 1236 419 sac-
1270 387 1357 419 uario
1382 388 1428 419 vel
1453 387 1605 429 delegato,
1621 393 1674 420 aut
1698 388 1783 428 alias,
1796 390 1998 429 examinatae,

504 442 562 473 iuri
586 441 708 475 rectori,
726 440 890 481 religiosis,
907 440 1049 479 collegio,
1067 446 1094 472 et
1116 439 1236 471 univer·
1269 439 1449 472 iustiticatae
1473 445 1502 471 et
1526 439 1701 472 veritieatae
1718 450 1779 473 non
1803 441 1928 481 suerint,
1944 452 1999 474 seu

503 493 592 527 sitati,
612 493 798 535 illoruuupu·
824 492 1038 533 collegialibus
1063 497 1090 525 et
1116 493 1233 524 stamin-
1250 526 1251 531 ,
1267 493 1374 536 quavis
1391 493 1451 525 alia
1469 494 1573 528 causa.
1591 492 1628 525 tle
1642 492 1862 536 subreptionis,
1878 494 1925 526 vel
1942 494 1998 527 ob-

502 545 604 581 ribus,
630 550 690 576 iam
717 544 890 587 peregrinis
914 555 1006 587 quam
1031 544 1232 581 dioecesanis,
1268 545 1427 588 reptionis,
1439 551 1488 577 aut
1503 545 1652 577 nullitatis
1666 546 1739 579 vitio
1752 556 1806 577 seu
1820 546 2000 580 intentionis

502 597 530 629 in
556 597 718 629 matricula
743 596 952 629 universitatis
977 597 1156 629 huiusmodi
1181 597 1232 629 de-
1248 585 1250 606 ⁵
1266 603 1407 637 nostrae,
1432 609 1487 632 seu
1511 599 1622 642 quovis
1645 599 1706 632 alio
1730 598 1851 631 defectu
1875 600 1997 641 notari,

500 650 632 693 serii-tis,
657 661 691 681 ae
717 650 858 693 personis
883 650 1072 686 huiusmodi,
1097 660 1168 682 cum
1193 650 1231 681 ab
1248 647 1249 667 ³
1265 651 1353 693 argui
1371 652 1417 684 rel
1432 651 1771 695 impugnat-hammitis
1784 652 2000 695 qumodolibet

500 703 543 734 eis
567 703 630 734 =<ire
654 713 763 735 eorum
792 708 968 745 protectore
993 702 1105 735 suerint
1131 703 1232 746 requi·
1266 703 1393 745 infringi
1418 704 1465 736 vel
1489 703 1662 743 retractari,
1679 714 1733 736 seu
1756 704 1847 736 etiam
1870 708 1926 748 per
1941 715 1998 737 nos

499 755 558 793 siti,
577 755 606 786 in
627 755 674 787 his
696 766 774 798 quae
796 755 970 787 iudicialem
996 755 1159 797 requirunt
1184 755 1230 787 in-
1265 762 1293 789 et
1306 767 1502 790 successores
1519 762 1643 790 nostros
1660 758 1818 790 Romanos
1834 758 1998 792 Pontifices

498 808 664 849 dziggineni,
697 808 886 847 summarie,
919 808 1102 851 simpliciter
1133 814 1160 840 et
1193 808 1230 839 de
1246 844 1247 851 ἵ
1265 820 1322 852 pro
1342 815 1484 852 ternpore
1507 809 1684 849 existentes,
1709 810 1755 842 vel
1782 810 1892 843 Sedem
1915 812 1997 854 Apo-

500 861 599 903 plano,
617 860 682 892 sine
703 861 833 903 strepitu
853 866 881 893 et
902 861 1003 903 figura
1029 860 1145 898 iudicii,
1164 861 1229 892 sula
1246 858 1248 862 ’
1264 862 1415 902 stolicam,
1433 862 1538 895 ciusve
1562 863 1692 905 legatos
1707 863 1800 895 ctiam
1824 862 1863 895 de
1887 863 1994 904 latere,

499 913 566 944 t'aeti
593 913 718 946 veritate
737 914 887 956 inspecta,
905 913 934 945 iu
951 913 1019 946 aliis
1037 924 1120 955 vero,
1136 919 1227 957 prout
1264 914 1414 954 revocari,
1431 914 1588 958 suspendi,
1606 915 1764 957 restringi,
1781 915 1918 955 limitari,
1932 926 1999 949 mo-

497 966 699 1008 negociorum
735 966 867 1009 qualitas
903 966 1058 1008 exegerit,
1096 966 1229 999 iustitiae
1263 967 1399 1007 diticari,
1424 967 1471 1000 vel
1496 968 1540 1001 eis
1565 968 1596 1000 in
1625 967 1730 1010 aliquo
1758 967 1921 1010 derogari,
1945 975 1999 1002 aut

496 1019 776 1062 complementum;
802 1025 1006 1062 occupatores
1037 1030 1091 1052 seu
1122 1013 1356 1052 detcn-‘etiam
1388 1020 1456 1053 illas
1485 1025 1516 1053 et
1547 1020 1599 1052 illa
1623 1020 1662 1052 ad
1687 1020 1767 1052 viam
1792 1026 1822 1052 et
1846 1021 1997 1054 terminos

497 1077 588 1107 tores,
603 1076 858 1115 praesumptores
871 1078 899 1104 et
915 1073 1112 1106 innovatores
1126 1073 1229 1105 huius-
1264 1073 1340 1105 iuris
1364 1072 1486 1113 reduci,
1512 1077 1564 1105 aut
1588 1078 1698 1105 contra
1721 1083 1775 1105 eos
1798 1078 1829 1105 et
1852 1083 1888 1106 ea
1910 1074 1998 1106 resti-

497 1125 590 1164 modi,
611 1135 666 1157 nec
684 1135 746 1157 non
763 1125 1009 1158 contradictores
1028 1126 1182 1169 quoslibet
1199 1132 1229 1159 et
1263 1125 1413 1158 tutionem
1438 1126 1470 1158 in
1493 1126 1661 1168 integrum,
1685 1136 1739 1158 seu
1758 1126 1889 1170 quodvis
1913 1126 1996 1159 aliud

497 1178 637 1216 rebelles,
663 1179 887 1222 cuiuscumque
912 1185 1020 1219 status,
1042 1179 1167 1221 gradus,
1187 1179 1229 1211 di·
1243 1170 1246 1232 ¹*
1262 1179 1379 1221 gratiae
1397 1180 1444 1212 xel
1464 1179 1599 1212 iustitiae
1624 1180 1797 1212 remedium
1823 1180 1995 1223 impetrari,

495 1232 620 1274 gnitatis
644 1237 673 1263 et
698 1232 884 1265 conditionis
908 1232 1050 1271 existant,
1079 1243 1134 1275 per
1158 1243 1245 1268 sen-,¹
1262 1232 1309 1264 rel
1334 1232 1472 1272 concedi,
1492 1237 1545 1265 aut
1568 1232 1737 1275 quidquam
1762 1233 1851 1265 atiud·
1871 1233 1901 1265 in
1926 1244 1997 1266 con-

495 1285 615 1325 tentius,
639 1295 786 1317 censuras
805 1290 832 1317 et
853 1295 968 1328 poenas
993 1285 1226 1325 ecclesiasticas,
1242 1269 1246 1334 Ι
1262 1285 1392 1317 trarium
1417 1285 1496 1325 lieri,
1522 1286 1614 1318 statui
1639 1285 1685 1317 vel
1710 1285 1848 1318 ordinari
1866 1286 1996 1320 nullate—

494 1337 614 1380 aliaque
640 1343 816 1380 opportuna
842 1338 918 1370 iuris
935 1343 962 1369 et
984 1338 1054 1371 sacti
1079 1339 1227 1377 remedia,
1261 1348 1318 1369 nus
1350 1347 1487 1380 unquam
1520 1347 1626 1380 posse;
1652 1343 1681 1369 et
1711 1337 1915 1370 nihilominus
1938 1339 1996 1371 sub

494 1390 701 1433 appellatione
727 1391 908 1433 postposita,
934 1391 1171 1434 compescendo,
1188 1390 1421 1441 le-Qquibusxis
1443 1391 1566 1423 illarum
1591 1395 1620 1422 et
1643 1390 1769 1422 illorum
1794 1391 1996 1424 revocationi-

495 1443 675 1487 gitimisquc
709 1454 803 1486 super
834 1444 881 1475 his
913 1444 1062 1476 habendis
1098 1445 1227 1477 servatis
1242 1444 1244 1454 ⁴
1261 1444 1328 1484 blm,
1349 1443 1607 1486 suspensionibus
1630 1449 1659 1476 et
1683 1443 1949 1486 derogationibus,
1965 1450 1997 1478 et

494 1496 707 1539 processibus,
734 1496 803 1528 illos
827 1497 1002 1535 sententias,
1027 1507 1174 1529 censuras
1198 1503 1228 1530 et
1260 1496 1329 1529 aliis
1351 1496 1517 1529 contrariis
1544 1495 1818 1539 dispositionibus,
1843 1497 1937 1530 etiam
1961 1502 1996 1530 ut

493 1559 609 1592 poenas
633 1549 806 1592 pras-dietas
831 1549 1009 1589 incurrisse,
1027 1552 1147 1583 servata
1169 1551 1228 1583 sor·
1261 1550 1452 1593 praefertur,
1483 1549 1531 1582 vel
1561 1549 1637 1582 alias
1668 1549 1905 1592 quomodolibet
1935 1560 1994 1593 pro

495 1604 544 1634 ma
569 1602 696 1635 Cone-ilii
720 1603 902 1642 Tridentini,
929 1603 1126 1645 declarando,
1145 1604 1228 1638 invo-
1261 1608 1401 1646 tempore
1415 1603 1577 1641 emanatis,
1592 1608 1622 1635 et
1637 1603 1899 1643 emmandis,n0n
1913 1614 1996 1636 com-

493 1658 562 1688 cato
587 1655 677 1687 etiam
697 1655 734 1686 ad
759 1655 828 1695 hoe,
846 1656 870 1688 si
888 1666 967 1700 opus
991 1657 1093 1697 suerit,
1111 1657 1226 1690 auxilio
1260 1655 1425 1699 prehendi,
1452 1655 1505 1688 sed
1530 1665 1652 1699 semper
1675 1656 1714 1688 ab
1737 1653 1798 1688 illis
1822 1656 1933 1700 excipi,
1949 1661 1991 1697 et,

493 1706 611 1740 brachii
638 1708 795 1740 secularis.
1260 1709 1382 1752 quoties
1406 1709 1477 1741 illae
1501 1709 1699 1749 emanabunt,
1724 1709 1814 1743 toties
1838 1709 1869 1742 in
1893 1710 1995 1754 pristi-

537 1760 552 1803 ς
576 1759 627 1792 14.
653 1761 834 1793 praesentes
858 1771 983 1805 quoquc
1008 1762 1126 1795 litteras
1149 1763 1334 1795 ctin111um
1358 1766 1387 1793 et
1413 1761 1637 1793 validissimum
1662 1766 1776 1794 statum
1800 1762 1937 1802 restitui,
1964 1766 1995 1796 et

493 1813 537 1845 eis
553 1819 697 1845 contenta
719 1824 935 1857 quaecumque
958 1820 1110 1858 perpetuo
1127 1816 1225 1848 valida
1259 1814 1350 1846 etiam
1366 1814 1404 1846 de
1424 1823 1515 1853 novo,
1533 1814 1626 1846 etiam
1651 1814 1708 1847 sul)
1731 1824 1927 1858 quacumque
1942 1826 1994 1859 po-

492 1870 522 1898 et
541 1865 676 1898 efficacia
700 1867 842 1906 existere,
866 1878 1000 1910 suosque
1023 1868 1179 1911 plenarios
1196 1874 1225 1901 et
1259 1867 1382 1899 steriori
1400 1866 1480 1906 data,
1498 1877 1554 1910 per
1570 1867 1794 1910 praepositum,
1814 1868 1989 1910 religiosos,

492 1918 630 1961 integros
647 1919 776 1952 elliu-tus
793 1920 897 1952 sortiri
912 1925 941 1953 et
955 1921 1106 1962 obtinere,
1120 1932 1155 1955 ac
1169 1933 1225 1966 per
1259 1925 1424 1959 rectorem,
1448 1924 1479 1952 et
1502 1920 1746 1960 universitatem,
1766 1930 1801 1953 ac
1822 1921 1993 1964 provincia-

491 1971 676 2004 modernum
696 1978 723 2004 et
742 1983 799 2016 pro
817 1978 957 2016 tempore
981 1974 1162 2008 existentem
1179 1986 1225 2007 ar·
1258 1974 1318 2006 lem
1348 1973 1542 2017 praedietOS,
1567 1978 1597 2006 et
1625 1983 1735 2006 eorum
1766 1974 1906 2017 singulos
1934 1985 1992 2018 pro

491 2024 724 2067 chiepiseopum
748 2025 960 2065 Elborensem,
978 2037 1149 2071 eorumque
1169 2028 1225 2060 mi-
1258 2030 1398 2070 tempore
1421 2026 1575 2069 eligenda,
1593 2037 1755 2059 concessas
1780 2037 1847 2060 esse
1869 2031 1898 2061 et
1923 2037 1992 2061 cen-

491 2076 616 2115 nistros,
633 2078 791 2117 officiales,
808 2089 843 2111 ac
861 2079 938 2112 alios
955 2090 1074 2119 omnes,
1091 2081 1128 2113 ad
1145 2091 1223 2124 quos
1257 2079 1332 2119 seri;
1349 2089 1385 2112 ae
1398 2079 1586 2123 praeposito,
1603 2080 1728 2118 rectori,
1741 2085 1771 2112 et
1786 2081 1990 2122 universitati,

492 2135 605 2172 spectat
632 2135 659 2161 et
685 2131 847 2173 spectabit,
867 2142 1008 2175 quosque
1033 2133 1222 2176 praemissae
1257 2143 1313 2166 nec
1336 2143 1398 2167 non
1423 2133 1604 2177 provinciali
1634 2134 1801 2177 praedictis
1824 2135 1990 2178 suffragari

491 2187 683 2217 concernunt
706 2189 758 2216 aut
778 2190 967 2217 concernent
989 2186 1221 2229 quomodolibet
1257 2186 1382 2226 debcre;
1404 2187 1551 2230 ipsosque
1574 2187 1798 2230 praepositum,
1816 2188 1990 2231 religiosos,

492 2236 520 2267 in
540 2236 688 2276 futurum,
707 2237 926 2270 inviolabiliter
950 2242 1102 2282 perpetuo
1120 2240 1224 2272 obser·
1258 2243 1422 2280 rectorem,
1440 2245 1470 2272 et
1493 2239 1736 2280 universitatem,
1759 2250 1794 2272 ae
1812 2241 1986 2284 provincia-

493 2289 555 2321 vari
580 2289 706 2329 dehere,
726 2300 782 2322 nec
801 2290 839 2322 ab
856 2291 900 2323 eis
920 2297 973 2323 aut
992 2302 1101 2324 eorum
1118 2293 1222 2336 aliquo
1257 2293 1329 2332 lem,
1350 2298 1380 2325 et
1402 2292 1612 2325 universitatis
1637 2293 1815 2326 huiusmodi
1839 2303 1990 2337 personas

491 2342 602 2374 resiliri
628 2353 763 2386 unquam
796 2354 904 2387 posse,
929 2355 985 2377 nec
1009 2345 1101 2377 etiam
1127 2356 1161 2379 ex
1185 2357 1222 2379 eo
1257 2345 1430 2387 singulares
1454 2355 1490 2378 ex
1514 2355 1597 2378 nunc
1621 2345 1766 2389 deinceps
1789 2356 1883 2389 super
1902 2356 1990 2390 prae-

489 2395 571 2438 quod
597 2396 862 2440 archiepiscopus,
889 2397 1018 2441 eiusque
1043 2398 1176 2431 ministri
1193 2405 1222 2432 et
1257 2398 1516 2431 missisomnibus
1528 2403 1558 2430 et
1571 2398 1702 2440 singulis
1716 2408 1772 2441 per
1785 2399 1990 2443 archiepisco-

490 2448 637 2481 officiales
654 2449 813 2492 praedicti,
831 2454 883 2482 aut
903 2450 1094 2494 quicumque
1110 2451 1161 2483 alii
1179 2451 1222 2484 in·
1257 2461 1343 2494 pum,
1360 2451 1490 2494 eiusque
1510 2450 1670 2483 ministros
1686 2461 1722 2483 ac
1740 2450 1887 2484 officiales
1902 2461 1990 2495 prae-

491 2504 605 2532 ter-esse
631 2502 796 2542 habentes,
822 2503 867 2535 rel
892 2509 1036 2547 putantes
1061 2514 1114 2537 seu
1135 2514 1224 2547 prae·
1256 2503 1366 2544 dictos,
1393 2509 1446 2537 aut
1469 2513 1683 2547 quoscumque
1707 2503 1796 2543 alios,
1819 2505 1989 2547 quomodo-

491 2553 667 2594 tendentes‚
695 2555 731 2587 ad
757 2556 815 2588 hoc
850 2556 966 2595 vocati,
992 2561 1021 2588 et
1045 2566 1138 2589 causa
1168 2567 1221 2589 seu
1256 2556 1331 2589 libet
1355 2556 1512 2589 molestari
1541 2557 1588 2588 vel
1618 2555 1770 2599 impedire
1793 2566 1856 2589 non
1879 2567 1988 2600 posse;

491 2615 612 2642 causae,
633 2613 870 2651 propterquam
887 2620 940 2642 seu
957 2619 1034 2653 quas
1051 2609 1222 2652 praemissa
1255 2609 1361 2651 sicque
1384 2608 1416 2641 in
1438 2608 1618 2652 praemissis
1641 2609 1786 2642 omnibus
1805 2614 1835 2642 et
1858 2610 1988 2652 singulis

491 2658 672 2698 emanarint,
685 2661 776 2692 eiiam
791 2671 896 2694 coram
913 2661 1122 2695 cardinalibus
1134 2671 1223 2705 prae·
1255 2661 1293 2694 ab
1309 2661 1456 2695 omnibus
1475 2661 1607 2703 censeri,
1623 2672 1659 2696 ac
1676 2662 1718 2695 ita
1736 2672 1793 2706 per
1811 2663 1988 2707 praedictos

2016 288 2066 316 An.
2081 288 2109 316 C.
2130 289 2195 318 ¹621
