2293 3231
511 266 576 301 844
1051 264 1229 291 autumn!
1252 263 1405 289 nouffluu

467 331 596 365 Militiae
621 329 651 362 S.
676 325 781 361 lacobi
805 324 845 357 de
870 321 1004 366 spatha,
1030 320 1070 353 de
1096 319 1267 354 Alcantara
1282 316 1371 352 etde
1395 314 1579 358 calatrava,
1603 315 1667 349 747
1692 324 1722 348 α.
1745 313 1937 350 Mercator-es
1961 312 2003 350 ad

558 392 611 417 cas
636 390 696 415 non
722 375 920 417 admittendi,
946 374 1009 408 747
1035 373 1061 407 b.

468 438 596 472 Militiae
621 436 651 468 S.
676 433 793 467 Mariae
818 430 857 464 de
882 429 1037 463 Montesia
1062 431 1093 461 ct
1116 426 1146 461 S.
1171 425 1302 469 Georgii
1327 423 1366 458 de
1391 422 1530 463 anama,
1556 422 1620 456 170
1646 422 1675 455 b.

468 490 604 524 Miniatis
625 486 683 531 (S.)
699 484 852 529 oppidum
876 484 908 517 in
933 484 1103 519 civitatem,
1121 484 1153 514 et
1177 479 1314 514 ecclesia
1337 478 1367 511 S.
1387 477 1506 511 Mariae
1528 485 1566 510 ac
1590 476 1621 510 S.
1645 475 1777 510 Genesii
1793 476 1826 510 in
1842 475 2008 510 cathedra-

556 542 617 575 lem
641 541 774 583 erigitur
797 546 816 571 a
839 537 992 579 Gregorio
1012 534 1076 576 XV,
1094 534 1159 568 760
1185 533 1212 567 b.
1237 532 1423 567 Ceterarum
1447 529 1659 564 ecclesiarum
1682 528 1915 564 cathedralium
1938 531 2010 564 iura

556 598 587 627 et
603 592 771 637 privilegia
787 591 817 624 ei
833 592 965 629 asserta,
983 588 1047 621 762
1063 598 1092 620 α.
1118 586 1372 629 Archiepiscopo
1396 583 1578 618 Florentino
1602 588 1765 629 tamquam
1787 585 2010 630 metropolitae

555 645 734 685 subiicitur,
759 643 823 677 763
847 642 874 675 b.
899 642 963 676 Dos
988 642 1140 684 episcopo
1165 640 1335 682 assignata,
1361 637 1426 671 762
1451 648 1480 670 α.

469 700 668 734 Minimorum
692 697 805 732 Ordini
830 697 862 730 in
888 699 1049 729 conventu
1074 693 1238 727 Bisunlino
1264 691 1498 736 philosophiam
1523 700 1560 726 ac
1590 691 1785 736 theologiam
1810 702 1867 736 pro
1890 693 2010 726 exteris

555 754 663 795 legere
688 749 850 784 inhibetur
871 758 889 782 a
913 747 1010 782 Paulo
1034 746 1077 789 V,
1104 746 1122 780 2
1142 757 1172 780 α.
1197 745 1360 781 Fratribus
1385 745 1480 779 huius
1505 743 1637 780 Ordinis
1664 745 1819 780 ambitum
1843 745 2011 780 interdixit

557 805 642 839 idem
669 803 792 845 Paulus,
820 803 882 837 452
909 802 937 835 b.

469 859 623 894 Minorum
647 855 912 892 Conventualium
937 853 1026 890 Ordo
1050 863 1069 888 a
1099 858 1208 888 sancto
1228 853 1397 887 Francisco
1428 855 1602 895 institutus,
1619 854 1684 888 385
1709 865 1738 887 a.
1763 853 1800 888 Ei
1825 853 2011 888 conceditur

557 911 714 945 indultum
739 908 892 943 recitandi
916 909 1057 942 officium
1081 908 1121 941 de
1147 907 1261 940 eodem
1285 910 1394 941 sancto
1411 907 1580 942 Francisco
1605 907 1705 941 semel
1727 910 1759 941 in
1779 917 1890 942 mense
1906 909 2011 952 prima

557 965 608 998 die
634 974 695 997 non
721 962 893 1007 impedita,
916 961 994 994 ibid.
1020 960 1122 995 Huius
1143 960 1274 996 Ordinis
1306 960 1457 995 fratribus
1490 961 1628 996 ambitus
1660 962 1868 1004 interdictus,
1893 962 1955 996 451
1983 961 2010 995 b.

557 1018 733 1061 Collegium
756 1018 857 1050 sancti
882 1016 1011 1050 Antonii
1036 1016 1068 1048 in
1094 1019 1256 1049 conventu
1280 1014 1474 1049 Melevitano
1499 1026 1556 1059 pro
1581 1015 1666 1050 illius
1693 1015 1896 1050 studentibus
1923 1017 2014 1050 insti·

559 1074 663 1114 tuitus,
689 1072 751 1106 477
778 1071 796 1103 b
820 1074 851 1105 et
873 1081 934 1115 seq.
961 1069 1138 1113 Collegium
1154 1068 1213 1103 sub
1234 1070 1471 1113 nuncupatione
1491 1069 1521 1103 S.
1538 1069 1782 1104 Bonaventurae
1806 1069 1928 1113 Pragae
1952 1070 2013 1103 eri-

557 1128 642 1170 gitur
666 1135 684 1160 a
707 1125 862 1168 Gregorio
887 1124 972 1168 Papa
997 1123 1056 1165 XV,
1083 1122 1147 1156 682
1173 1122 1200 1156 b.

469 1180 622 1214 Minorum
647 1179 687 1213 de
711 1178 924 1214 Observantia
937 1176 1070 1212 Ordinis
1086 1177 1236 1211 fratribus
1251 1177 1389 1212 ambitus
1412 1177 1610 1218 interdictus,
1630 1177 1693 1211 450
1710 1178 1738 1210 b.
1763 1177 2011 1212 Constitutiones

558 1231 724 1265 nonnullas
748 1240 804 1274 pro
835 1230 992 1273 regimine
1017 1229 1272 1263 Reformatorum
1302 1230 1411 1264 ltaliae
1439 1232 1576 1265 sancivit
1606 1228 1780 1275 Gregorius
1803 1231 1877 1274 XV,
1903 1231 1967 1265 578
1991 1241 2011 1264 a

557 1289 588 1318 et
610 1295 672 1329 seq.
695 1284 901 1318 Discalceatis
924 1283 1099 1327 Hispaniae
1123 1285 1281 1317 concessit
1303 1283 1419 1318 Paulus
1439 1284 1465 1317 V
1490 1289 1524 1319 ut
1547 1295 1629 1319 nova
1652 1287 1721 1319 loca
1739 1289 1868 1330 possent
1883 1286 2010 1329 erigere

559 1341 590 1372 in
615 1339 782 1382 Hispania,
807 1338 870 1371 650
895 1348 925 1370 α.
949 1336 1038 1370 Idem
1063 1337 1211 1371 concedit
1233 1336 1407 1380 Gregorius
1432 1337 1488 1371 XV
1512 1339 1592 1372 citra
1615 1342 1753 1380 montes,
1775 1337 1854 1372 ibid.
1879 1338 2012 1372 Praece-

560 1392 686 1426 dentiae
710 1392 760 1425 vel
790 1392 996 1435 paternitates
1027 1394 1230 1435 nuncupatae
1263 1395 1391 1434 praeter
1415 1390 1546 1427 Ordinis
1574 1393 1814 1427 constitutiones
1839 1400 2017 1426 concessae.

559 1446 677 1479 nemini
702 1445 869 1488 suffragari
894 1444 1090 1487 decernitur,
1116 1445 1181 1478 785
1202 1455 1231 1478 a.

472 1499 660 1533 Missionarii
685 1497 816 1534 Ordinis
840 1498 1100 1533 praedicatorum
1124 1500 1292 1533 mittuntur
1313 1498 1353 1533 ad
1378 1499 1546 1540 Armenos,
1574 1500 1637 1533 787
1664 1503 1695 1534 et
1719 1510 1781 1544 seq.

471 1552 724 1586 Monasteriensis
749 1552 903 1586 ecclesiae
928 1552 1104 1596 capitulum
1128 1553 1346 1587 coadiutorem
1370 1552 1466 1597 eligat
1490 1554 1651 1597 episcop0‚
1678 1554 1696 1587 9
1721 1563 1750 1586 a.

471 1604 652 1640 Monialium
677 1608 887 1648 monasteria,
915 1607 975 1641 184
1001 1607 1017 1640 b
1042 1606 1107 1640 314
1131 1606 1157 1639 b.
1175 1606 1337 1640 Licentiae
1354 1605 1446 1642 datae
1466 1607 1655 1642 mulieribus
1679 1606 1877 1641 secularibus
1901 1608 1933 1642 in
1957 1607 2011 1642 illa

560 1661 761 1704 ingrediendi
785 1664 816 1694 et
839 1661 1051 1695 conversandi
1076 1671 1149 1695 cum
1171 1660 1363 1695 monialibus
1387 1665 1586 1703 revocantur,
1614 1662 1677 1696 184
1701 1661 1728 1695 b.
1749 1661 1784 1695 ln
1811 1663 1850 1695 iis
1869 1672 1933 1696 non
1957 1662 2010 1696 ad·

560 1715 733 1749 mittendae
766 1717 826 1749 nisi
855 1719 932 1760 quot
962 1724 1003 1749 ex
1034 1715 1222 1749 eorumdem
1251 1714 1431 1750 redditibus
1463 1717 1585 1760 possint
1615 1717 1803 1757 sustentari,
1835 1716 1899 1750 314
1923 1716 1950 1750 b.
1974 1715 2019 1750 ln-

559 1771 757 1803 monasteriis
781 1768 844 1803 sibi
863 1769 1016 1804 subiectis
1032 1771 1177 1813 episcopi
1193 1771 1380 1804 auctoritate
1397 1769 1568 1810 ordinaria,
1586 1772 1618 1803 in
1636 1771 1794 1814 exemptis
1810 1779 1886 1804 vero
1904 1773 2013 1804 aueto-

559 1823 650 1856 ritate
667 1822 758 1857 Sedis
771 1823 972 1867 Apostolicac
989 1823 1170 1857 clausuram
1194 1825 1362 1858 restituere
1383 1828 1413 1858 et
1429 1833 1621 1858 conservare
1645 1823 1774 1866 debent,
1792 1824 1855 1858 656
1875 1824 1903 1858 b.

472 1874 560 1917 Mons
581 1875 709 1910 Pietatis
732 1876 772 1910 de
796 1876 879 1911 Urbe
896 1876 1012 1912 debeat
1026 1876 1272 1911 subventionem
1294 1876 1381 1912 mille
1405 1881 1569 1913 scutorum
1592 1881 1738 1912 mutuare
1761 1879 1847 1912 veris
1872 1877 2012 1922 agricul-

562 1928 690 1971 toribus,
717 1930 757 1963 18
781 1941 810 1963 α.

472 1981 638 2016 Montaltus
662 1983 842 2026 cardinalis,
867 1984 939 2017 vide
962 1984 1156 2019 Alexander.

473 2035 624 2069 Montesia
649 2036 693 2081 (S.
716 2037 832 2071 Mariae
855 2038 910 2081 de)
935 2040 1064 2081 militia,
1090 2039 1153 2073 170
1178 2039 1204 2072 b.

474 2087 587 2123 Montis
612 2089 734 2124 Senarii
764 2090 898 2125 Eremus
921 2091 1052 2126 Ordinis
1081 2092 1254 2126 Servorum
1278 2091 1312 2126 B.
1336 2091 1455 2126 Mariae
1487 2090 1650 2135 Virginis,
1676 2091 1739 2126 192
1764 2102 1793 2125 a.
1821 2091 1892 2133 Quo
1917 2094 2011 2136 pacto

563 2144 661 2186 recipi
686 2145 716 2177 in
742 2154 778 2177 eo
803 2146 922 2189 possint
946 2149 978 2179 et
1001 2145 1140 2180 debcant
1163 2148 1284 2189 novitii,
1311 2145 1388 2180 ibid.
1412 2145 1573 2191 Mitigatur
1597 2154 1615 2179 a
1639 2145 1737 2180 Paulo
1762 2144 1788 2179 V
1813 2146 1970 2180 ieiunium
1993 2154 2011 2180 a

562 2195 843 2232 Constitutionibus
859 2201 1089 2243 praescriptum
1106 2202 1236 2245 inpane
1256 2204 1288 2235 et
1303 2209 1387 2246 aqua
1410 2199 1572 2234 nonnullis
1595 2199 1767 2234 cuiuslibet
1789 2197 2023 2235 hebdomadae?

564 2250 687 2293 diebus,
713 2252 775 2285 192
801 2252 828 2285 b.

475 2301 627 2337 Montium
651 2304 780 2339 Pietatis
805 2308 962 2350 pecuniae
992 2307 1024 2341 in
1053 2306 1130 2342 alios
1156 2318 1232 2343 usus
1256 2312 1384 2353 praeter
1408 2309 1640 2343 institutionem
1663 2307 1787 2353 absque
1811 2307 1904 2342 Sedis
1926 2307 2012 2353 Apo-

562 2357 691 2391 stolicae
716 2358 843 2394 licentia
868 2370 931 2394 non
955 2360 1202 2404 impendendae,
1229 2363 1290 2396 297
1317 2362 1344 2397 b.

476 2407 691 2456 Mozambique
717 2414 881 2456 provincia
905 2413 945 2447 ab
970 2414 1106 2448 ecclesia
1129 2414 1238 2449 Goana
1262 2417 1451 2460 seiungitur‚
1478 2415 1517 2450 21
1535 2426 1597 2460 seq.
1615 2415 1653 2450 Et
1668 2416 1701 2449 in
1726 2415 1880 2450 vicariam
1895 2423 2012 2459 perpe-

563 2466 647 2497 tuam
671 2466 814 2509 erigitur,
829 2467 869 2500 22
887 2467 914 2500 b.
932 2466 1023 2508 Quae
1048 2467 1166 2502 suerint
1190 2470 1309 2504 vicario
1334 2469 1501 2504 facultates
1524 2469 1706 2508 attributae,
1725 2468 1806 2502 ibid.
1821 2467 1960 2512 Populus
1980 2471 2013 2503 et

567 2516 670 2551 clerus
693 2522 724 2552 et
747 2520 883 2554 vicarius
907 2521 1057 2565 episcopo
1081 2521 1189 2555 Goano
1214 2522 1339 2558 subsint
1361 2523 1466 2569 quoad
1491 2533 1529 2558 ea
1552 2533 1635 2568 quae
1650 2526 1724 2558 sunt
1741 2522 1879 2568 ordinis,
1898 2523 1938 2556 25
1955 2533 1986 2556 a.

476 2566 621 2603 Mutellae
645 2574 782 2606 castrum
806 2574 839 2607 in
863 2575 1012 2609 comitatu
1036 2574 1185 2612 Bobiensi
1208 2576 1248 2611 ad
1274 2576 1439 2613 Cameram
1463 2576 1682 2622 Apostolicam
1706 2577 1888 2621 pertinens,
1913 2576 1956 2611 19
1979 2574 2026 2609 α·.“
