2293 3231
91 343 141 373 Au.
161 343 190 373 G.
207 343 275 372 1622

112 1253 129 1274 Ο
146 1252 217 1283 pidum
226 1257 273 1273 sau·

30 1293 41 1306 ,-
89 1280 132 1301 etii
150 1280 220 1300 inians
228 1284 275 1299 cum

89 1306 193 1328 nonnullis
227 1305 274 1326 aliis

89 1333 144 1355 locis
161 1335 225 1359 atque
240 1338 274 1353 ee-

89 1361 275 1387 clesiacottegiats

89 1390 176 1409 sanctae
193 1388 275 1410 Mariae

90 1420 104 1435 a
128 1415 275 1436 iurisdictione

91 1441 185 1471 episcopi
196 1442 276 1464 Lucani

91 1470 215 1490 eximuntur.

863 346 1039 370 caecemus

288 391 450 425 colendam
469 393 604 436 publicis
626 393 786 436 stipendiis
805 394 979 437 deputatos,
995 404 1031 426 ac

288 445 447 487 sexaginta
470 446 667 485 sacerdotes,
700 452 729 478 et
762 447 925 490 utriusque
955 432 1048 487 iurisi

289 497 434 530 doctores
458 508 551 542 supra
577 498 797 542 (piadraginta,
822 504 848 531 et
877 500 1030 542 plurimos

288 550 422 591 nobiles,
439 561 561 583 necnon
578 551 670 583 etiam
692 556 883 584 armatarum
909 552 1031 584 militia-
1047 566 1048 579 i

289 613 360 636 rum
373 603 488 635 milites
500 603 618 643 adesse,
629 604 707 636 adeo
716 609 751 636 ut
763 604 913 647 oppidum
926 605 1030 648 ipsum

288 656 317 690 S.
328 655 461 689 Miniatis
471 655 612 696 civitatis,
622 656 743 689 etillius
760 657 923 700 collegiata
937 658 1032 690 ecclc-

289 708 336 742 sia
352 708 381 742 S.
399 709 514 741 Mariae
531 712 561 743 et
577 709 709 743 Genesio
721 709 822 742 dicata
835 710 929 753 <quae
945 720 1032 753 prae-

290 761 442 805 positura,
453 760 603 803 dignitate
614 761 689 793 inibi
699 762 874 805 principali,
884 767 914 794 et
927 773 1030 795 annuo

288 814 415 847 redditu
431 815 676 858 quingentorum
701 820 859 848 scutorum
878 820 1031 857 monetae,

288 867 337 899 vel
361 867 462 908 circa,
487 867 608 907 dotata,
634 879 696 911 quo
718 872 858 912 tempore
886 868 1031 901 obtinens

288 930 381 952 usum
406 920 633 964 pontificalium
658 921 718 953 sibi
739 920 944 964 praetendere
963 931 1032 953 con-

288 973 397 1014 tendit,
405 983 528 1006 necnon
537 974 644 1007 decem
655 974 888 1007 canonicatibus
901 979 931 1006 et
945 984 1032 1017 prae-

288 1025 399 1059 bendis
424 1026 679 1059 sufficientissimi
704 1026 869 1067 redditus¹,
891 1031 920 1058 et
936 1037 1031 1069 quam

288 1079 435 1122 plurimis
460 1080 661 1123 cappellaniis
682 1080 834 1113 collatixis
861 1080 1030 1123 perfulget)

290 1132 478 1165 cathedralis
488 1133 638 1166 ecclesiae
650 1133 788 1173 nomine,
801 1133 890 1166 titulo
904 1136 933 1166 et
945 1143 1032 1175 prae-

289 1184 430 1226 rogativa
446 1184 514 1216 iure.
530 1185 650 1228 optimo
667 1185 810 1228 insigniri
828 1189 1001 1218 mereatur:

333 1237 348 1279 ᾗ
372 1236 401 1269 ⁶2.
426 1237 509 1277 Nos,
541 1236 578 1269 iis
610 1242 702 1281 atque
731 1237 800 1270 aliis
824 1237 1031 1270 rationalibus

289 1290 391 1324 causis
408 1291 484 1323 moti
495 1319 502 1333 ,
522 1290 630 1324 habita
647 1301 743 1334 super
763 1291 800 1324 iis
817 1302 888 1324 cum
904 1302 1032 1324 venera-

289 1344 406 1377 bilibus
414 1344 564 1378 fratribus
575 1344 691 1377 nostris
699 1344 727 1378 S.
738 1345 770 1377 R.
780 1345 811 1377 E.
820 1344 1031 1377 cardinalibus

290 1400 414 1432 matura
432 1398 666 1439 deliberatione,
683 1398 721 1432 de
738 1399 863 1431 illorum
889 1398 1030 1437 consilio,

291 1455 320 1485 et
344 1452 533 1495 apostolicae
561 1452 724 1496 potestatis
754 1452 947 1496 plenitudine
962 1479 969 1492 ,
993 1452 1031 1484 ad

291 1506 516 1550 omnipotentis
539 1506 593 1539 Dei
613 1506 736 1539 laudem
762 1510 791 1540 et
815 1505 971 1549 gloriam,
997 1516 1031 1537 ac

290 1559 536 1603 gloriosissimae
559 1560 626 1593 eius
643 1559 808 1593 Genitricis
822 1559 956 1602 Virginis
974 1560 1032 1592 Ma-

290 1613 356 1646 riae
384 1618 414 1645 et
432 1613 564 1656 praefati
587 1614 616 1646 S.
642 1613 764 1646 Genesii
796 1623 919 1645 necnon
939 1613 1033 1646 totius

291 1667 398 1700 curiae
423 1667 563 1700 caelestis
586 1667 751 1706 honorem,
769 1676 803 1699 ac
822 1666 909 1698 Fidei
924 1666 1034 1699 Catho-

290 1719 369 1752 licae
385 1720 616 1760 exaltationem,
632 1730 667 1752 ac
685 1719 798 1752 civium
813 1724 843 1751 et
858 1718 1032 1751 incolarum

290 1772 365 1806 dicti
385 1773 492 1817 oppidi
509 1773 686 1805 animarum
705 1772 900 1816 spiritualem
926 1782 1034 1805 conso-

289 1826 456 1867 lationem,
480 1826 641 1870 ipsiusque
672 1825 853 1868 collegiatae
885 1826 1034 1858 eeclesiae

291 1891 327 1913 ac
342 1880 427 1914 illius
444 1880 615 1925 praepositi
636 1885 665 1913 et
686 1880 909 1913 canonicorum
928 1880 1032 1920 decus,

291 1933 396 1966 omnia
414 1939 444 1967 et
461 1934 584 1977 singula
606 1933 732 1977 oppida,
757 1938 868 1974 terras,
895 1933 980 1965 villas
1005 1939 1032 1965 et

292 1987 360 2019 loca
377 1996 594 2030 quaecumque
619 1985 656 2017 ad
678 1996 825 2029 praesens
843 1986 900 2019 sub
917 1986 1033 2018 ditione

292 2040 459 2082 temporali
475 2040 627 2083 praedicti
643 2039 748 2082 magni
764 2039 853 2072 ducis
863 2039 1033 2079 existentia,

292 2102 413 2126 necnon
429 2093 582 2136 oppidum
598 2093 772 2133 Fusecchii,
787 2093 872 2136 quod
889 2103 946 2136 pro
961 2098 1035 2125 tem-

292 2156 370 2189 pore
386 2145 546 2178 existentis
560 2145 571 2162 ²
586 2146 760 2179 abbatissae
774 2146 955 2179 monasterii
969 2157 1035 2179 san-

293 2204 360 2232 ctae
369 2199 475 2232 Clarae
485 2199 626 2232 Lucanae
639 2199 670 2231 in
679 2199 893 2243 spiritualibus
907 2200 1034 2232 subesse

293 2252 452 2293 asseritur,
474 2262 509 2285 ac
526 2252 558 2284 in
577 2251 713 2285 dioecesi
730 2257 760 2284 et
783 2252 924 2285 dominio
948 2263 1035 2296 prae-

293 2305 362 2338 fatis
386 2305 499 2345 existit,
524 2315 595 2337 cum
612 2305 761 2338 omnibus
778 2310 808 2337 et
825 2306 956 2347 singulis
974 2306 1033 2338 illis

293 2359 446 2400 terminis,
472 2358 650 2400 territoriis,
676 2359 764 2399 locis,
789 2369 911 2392 necnon
937 2359 1033 2399 clero,

292 2413 411 2458 populo
436 2418 465 2445 et
488 2412 642 2457 personis,
667 2412 876 2452 monasteriis,
902 2417 963 2444 tam
988 2413 1033 2444 vi-

293 2478 403 2501 rorum
423 2478 517 2511 quam
542 2467 728 2507 mulierum,
754 2477 790 2499 ac
813 2466 960 2499 domibus
984 2477 1034 2498 re-

293 2521 456 2564 gularibus
470 2548 477 2561 ,
502 2520 732 2564 hospitalibus,
759 2519 898 2552 ecclesiis
922 2523 951 2553 et
973 2519 1033 2563 piis

292 2574 370 2608 loeis
390 2579 421 2608 et
435 2573 598 2607 beneficiis
622 2573 850 2613 ecclesiasticis,
868 2583 939 2605 cum
957 2574 1033 2605 eura

330 2657 342 2681 1
358 2654 409 2682 Ed.
425 2654 503 2681 Main.
526 2657 553 2681 et
566 2653 672 2689 Ughelli
692 2653 786 2688 legunt
805 2652 987 2680 canonicatus
1009 2654 1033 2679 et

287 2699 461 2734 praebendis
475 2698 718 2734 sufficientissime
733 2697 864 2725 redditus
879 2698 918 2732 (a.
934 2697 982 2730 τ,).

323 2743 392 2771 2Vel
400 2744 459 2779 lege
467 2744 611 2778 eaeistentz,
620 2743 659 2770 vel
670 2742 738 2770 adde
748 2742 945 2771 iurisdictioni
951 2742 1030 2778 (ns).

377 2796 456 2825 Bull.
475 2796 559 2825 Rom.
575 2810 610 2816 -—
626 2796 687 2824 Vol.
703 2795 768 2826 XII.
946 2795 982 2822 96

1064 347 1105 370 xv
1131 347 1176 370 rr.
1711 334 1768 368 761

1063 399 1093 425 et
1117 395 1183 426 sine
1208 396 1305 433 eura,
1332 394 1526 426 secularibus
1558 398 1589 425 et
1619 392 1803 435 quorumvis

1064 447 1214 479 Ordinum
1234 447 1441 489 regularibus,
1458 457 1475 479 a
1498 447 1579 479 dicta
1596 446 1730 479 dioecesi
1748 447 1804 478 Lu-

1064 501 1152 537 cana,
1177 500 1268 532 etiam
1294 500 1410 543 absque
1436 510 1589 532 consensu
1616 498 1803 531 venerabilis

1064 552 1169 584 fratris
1186 552 1351 585 Alexandri
1367 552 1508 585 moderni
1524 551 1662 595 episcopi
1678 551 1803 591 Lucani,

1064 614 1099 636 ac
1124 605 1216 637 etiam
1241 605 1425 637 dilectarum
1459 605 1488 636 in
1520 603 1642 637 Clu-isto
1666 603 1803 635 siliarum

1065 656 1233 689 modernae
1267 657 1441 689 abbatissae
1473 662 1502 689 et
1533 661 1704 689 conventus
1729 655 1803 689 dicti

1064 710 1256 750 monasterii,
1281 710 1422 753 quinimo
1443 709 1517 753 ipsis
1542 709 1645 741 invitis
1661 713 1690 741 et
1710 709 1804 741 recla-

1065 762 1221 795 mantibus
1246 773 1281 795 ac
1306 762 1606 802 contradicentibus,
1629 761 1803 805 apostolica

1065 815 1259 855 auctoritate,
1282 820 1390 848 tenore
1412 814 1634 858 praesentium,
1651 818 1803 857 perpetuo

1065 878 1247 911 separamus
1271 878 1307 900 ac
1327 867 1600 908 dismembramus,
1618 871 1647 899 et
1663 866 1701 899 ab
1718 866 1803 899 omni

1065 920 1298 961 iurisdictione,
1323 920 1558 964 superioritate,
1587 919 1803 959 correctione,

1065 973 1215 1013 dominio,
1233 973 1408 1006 visitatione
1433 978 1463 1005 et
1486 975 1637 1016 potestate
1655 982 1713 1015 pro
1730 977 1804 1004 tem-

1064 1036 1141 1068 pore
1166 1025 1366 1058 existentium
1392 1025 1529 1069 episcopi
1555 1025 1670 1057 Lucani
1695 1027 1724 1057 et
1747 1024 1804 1057 ah-

1064 1078 1197 1110 batissae
1210 1078 1400 1119 huiusmodi,
1415 1078 1606 1120 illorumque
1623 1076 1803 1109 officialium

1065 1136 1094 1163 et
1118 1131 1326 1172 vicariorum,
1352 1141 1474 1164 necnon
1502 1141 1560 1174 per
1592 1129 1749 1162 dationem
1774 1134 1805 1162 et

1065 1183 1269 1217 solutionem*
1295 1194 1568 1227 quorumcumque
1593 1183 1709 1215 iurium
1738 1182 1804 1225 epi-

1065 1247 1159 1280 scopo
1181 1238 1306 1269 Lucano
1325 1248 1379 1269 seu
1395 1237 1570 1268 abbatissae
1586 1246 1644 1279 pro
1661 1241 1804 1279 tempore

1065 1290 1268 1323 existentibus
1287 1290 1443 1334 praefatis,
1467 1289 1587 1323 ratione
1605 1289 1805 1332 superiorita-

1066 1345 1113 1388 tis,
1137 1345 1371 1385 iurisdictionis,
1392 1345 1603 1385 subiectionis,
1622 1345 1805 1378 visitationis

1065 1410 1100 1431 ac
1115 1399 1192 1442 legis
1205 1399 1406 1432 dioecesanae
1421 1399 1608 1437 debitorum,
1627 1398 1718 1431 etiam
1733 1409 1805 1442 per-

1065 1458 1159 1497 petuo
1173 1480 1180 1493 ,
1206 1453 1390 1486 auctoritate
1415 1457 1445 1485 et
1468 1457 1577 1485 tenore
1602 1452 1804 1495 praemissis,

1066 1507 1232 1539 eximimus
1258 1511 1287 1539 ct
1312 1506 1448 1540 totaliter
1472 1505 1652 1545 liberamus;
1678 1505 1804 1537 iurisdi-

1066 1559 1223 1602 ctionique
1247 1558 1344 1591 futuri
1362 1564 1392 1590 et
1408 1569 1466 1601 pro
1484 1563 1626 1601 tempore
1644 1557 1805 1590 existentis

1066 1612 1094 1644 S.
1117 1611 1250 1644 Miniatis
1275 1612 1340 1654 (ita
1364 1616 1469 1643 tamen
1501 1611 1585 1654 quod
1614 1611 1717 1644 dilecti
1750 1611 1805 1643 filii

1066 1666 1168 1698 clerus
1193 1665 1447 1709 supradictorum
1472 1666 1615 1698 locorum
1640 1665 1683 1697 sie
1707 1674 1802 1707 sepa-

1066 1724 1207 1751 ratorum
1232 1719 1363 1761 singulis
1388 1717 1575 1762 privilegiis,
1600 1717 1805 1750 immunitati-

1066 1771 1141 1811 bus,
1165 1771 1415 1814 exemptionibus
1447 1776 1475 1803 ct
1504 1770 1804 1814 compositionibus,

1067 1825 1160 1857 etiam
1185 1824 1305 1857 ratione
1336 1824 1510 1867 spoliorum
1536 1829 1566 1856 et
1589 1823 1783 1856 decimarum
1798 1851 1805 1863 ,

1067 1878 1115 1911 vel
1140 1878 1243 1918 studii,
1262 1878 1392 1921 aliisque
1412 1877 1520 1920 gratiis
1541 1877 1756 1920 spiritualibus
1777 1882 1807 1909 et

1068 1931 1293 1975 temporalibus
1317 1931 1589 1974 quibuscumque,
1621 1930 1735 1973 quibus
1768 1930 1806 1962 ad

1067 1995 1215 2028 praesens
1240 1985 1477 2028 quomodolibet
1494 1988 1523 2018 et
1540 1995 1574 2017 ex
1592 1984 1702 2027 quavis
1720 1994 1808 2016 occa-

1068 2038 1154 2071 sione
1177 2043 1317 2079 utuntur,
1342 2038 1488 2081 deinceps
1510 2037 1670 2081 perpetuis
1694 2037 1807 2069 suturis

1068 2091 1263 2134 temporibus
1287 2090 1424 2134 gaudere
1449 2095 1478 2122 ct
1502 2090 1547 2123 uti
1582 2090 1737 2132 debeant)
1768 2089 1808 2121 si-

1068 2144 1183 2178 militer
1207 2149 1380 2188 perpetuo,
1416 2143 1533 2176 eisdem
1564 2143 1749 2176 auctoritate
1777 2148 1808 2174 et

1069 2203 1185 2237 tenore,
1209 2197 1393 2230 subiicimus
1417 2202 1446 2229 ct
1466 2207 1658 2240 separamus.

1112 2252 1126 2294 g
1149 2250 1179 2284 3.
1204 2251 1355 2284 Volumus
1380 2255 1494 2290 tamen,
1518 2255 1552 2282 ut
1576 2251 1644 2282 loca
1669 2260 1723 2281 seu
1751 2259 1807 2292 op-

1066 2304 1138 2347 pida
1158 2304 1195 2336 de
1216 2304 1316 2347 Barga
1333 2309 1363 2336 et
1380 2304 1579 2337 Petrasancta
1601 2303 1701 2335 libera
1717 2303 1806 2342 sacta,

1067 2368 1139 2390 cun]
1170 2368 1281 2390 eorum
1308 2357 1410 2397 villis,
1437 2356 1604 2389 territoriis
1629 2366 1664 2388 ac
1689 2356 1807 2399 capita-

1066 2410 1218 2450 neatibus,
1242 2410 1315 2443 licet
1338 2410 1447 2443 ditioni
1468 2409 1635 2453 temporali
1653 2409 1805 2452 praedicti

1068 2464 1173 2506 magni
1189 2464 1277 2496 ducis
1294 2464 1428 2503 subsint,
1451 2463 1655 2495 nihilominus
1680 2462 1807 2506 speciali

1067 2517 1275 2550 iurisdietioni
1299 2517 1429 2560 praefati
1454 2516 1591 2560 episcopi
1616 2516 1749 2556 Lucani,
1775 2520 1807 2548 ut

1067 2575 1167 2611 antea,
1187 2574 1377 2603 remaneant.

1822 344 1871 370 An.

1913 343 1940 370 C.
1960 344 2009 371 162

1847 1672 1917 1693 Salvis
1934 1674 2005 1692 tamen

1820 1699 1901 1728 illerum
1921 1699 2005 1724 privile-

1821 1731 1866 1751 giis.

1862 2255 2006 2275 Reservantur

1823 2282 1923 2307 episcopo
1939 2281 2008 2302 Luca-

1823 2314 1848 2328 no
1878 2308 1956 2334 oppida
1981 2308 2006 2329 de

1822 2335 1891 2360 Barga
1904 2337 1925 2355 et
1934 2335 2009 2356 Petra-

1822 2366 1905 2383 sancta.

1111 2624 1168 2667 §ln
1182 2624 1313 2667 Insuper
1322 2623 1438 2656 dictum
1456 2621 1622 2667 oppidum²
1634 2623 1663 2656 S.
1677 2622 1809 2656 Miniatis
1843 2628 1953 2649 Ecclesiae
1961 2632 2009 2648 san-

1103 2698 1112 2722 1
1131 2695 1247 2722 Mallem:
1263 2703 1371 2722 necnon
1380 2703 1397 2721 α
1408 2694 1515 2721 ditione
1528 2697 1554 2721 et
1567 2693 1707 2721 solutione
1716 2695 1756 2727 (n.
1767 2694 1805 2728 T).

1099 2741 1116 2768 ἰ).
1131 2740 1231 2768 Forsan
1238 2740 1314 2767 deest
1325 2740 1355 2768 in
1364 2739 1543 2768 civitatem...
1554 2737 1798 2774 nuncupandam.
