2293 3231
288 299 337 326 An.
359 296 386 325 c.
410 296 477 325 1612
523 286 588 321 132

1068 291 1245 316 nuru-imru
1270 290 1423 315 Romnum

531 343 583 378 38.
609 344 640 377 Si
665 349 753 376 extra
777 342 926 381 officium,
950 340 1109 374 bononeni
1128 339 1228 384 vigin-
1263 349 1316 372 rac
1333 348 1500 382 processus
1522 337 1560 370 de
1588 336 1741 381 partibus,
1754 341 1878 371 scutum
1902 346 2002 370 unum

488 398 661 442 tiquinque.

531 449 583 484 39.
609 450 640 483 Si
666 449 815 482 materiae
840 448 870 480 in
895 446 1036 480 articulis
1061 446 1108 479 vel
1134 445 1230 478 inter·

488 503 657 546 rogator-iis
682 501 797 534 suerint
823 500 1010 539 excessivae,
1036 499 1067 531 in
1091 498 1229 543 quolibet

488 567 524 589 ex
550 556 673 589 casibus
706 553 874 599 praedictis
903 553 1013 596 augeri
1037 553 1136 597 possit
1160 557 1231 584 taxa

488 610 572 643 iuxta
596 608 858 647 excessivitatem,
870 606 1003 640 arbitrio
1020 605 1142 639 iudicis.

531 662 583 695 40.
610 662 670 695 Pro
694 661 839 694 examine
857 660 943 694 testis
968 660 1000 692 in
1024 659 1128 693 officio
1145 669 1231 692 sum-

487 716 586 750 marie
609 715 729 760 absque
749 715 891 748 articulis
915 719 945 747 et
969 713 1231 757 interrogatoriis‚

487 770 582 803 iulius
605 779 696 809 unus;

530 822 583 855 41.
608 821 638 855 Si
663 826 752 855 extra
775 821 932 860 officium,
955 820 1114 853 bononeni
1139 820 1231 864 quin-

487 875 600 908 decim.

531 929 582 962 4⁶2.
608 928 669 962 Pro
686 929 864 963 ostensione
881 927 1088 972 depositionis
1105 927 1231 960 testium

487 981 720 1025 publicatorum
746 981 865 1025 absque
889 981 991 1025 eopia,
1005 981 1145 1013 solvatur
1169 990 1232 1012 me-

487 1034 586 1068 dietas
603 1035 680 1073 eius,
697 1034 782 1078 quod
810 1035 947 1067 solutum
974 1033 1065 1067 suerit
1083 1043 1143 1077 pro
1159 1043 1231 1065 exa-

489 1088 573 1121 mine
598 1088 782 1132 respective.

532 1141 584 1175 43.
611 1142 671 1175 Pro
696 1142 789 1186 eopia
818 1141 919 1186 ipsius
947 1140 1156 1185 depositionis
1186 1145 1231 1172 te-

488 1195 601 1235 stium,
626 1206 685 1239 pro
709 1194 849 1239 quolibet
874 1195 948 1228 sotio
972 1195 1053 1228 sacto
1076 1194 1107 1227 in
1132 1194 1233 1226 formal

487 1248 562 1282 boni
588 1253 748 1282 extractus
771 1249 856 1281 iuxta
882 1248 1141 1281 reformationem
1159 1247 1233 1280 San-

489 1301 620 1336 ctissimi
645 1302 704 1335 sub
727 1302 856 1335 rubrica
881 1301 919 1335 cle
942 1301 1093 1345 reqt'stris
1107 1328 1114 1341 ‚
1138 1301 1234 1334 bono-

490 1355 563 1388 neni
582 1365 646 1388 sex.

533 1408 585 1442 44.
598 1409 658 1442 Pro
672 1409 813 1453 quolibet
826 1409 910 1443 solio¹
921 1409 1029 1453 copiae
1043 1409 1232 1442 indiciorum

491 1462 670 1495 continente
702 1463 801 1495 lineas
833 1462 1090 1506 vigintiquatuor,
1115 1466 1145 1495 et
1175 1471 1234 1504 pro

490 1514 629 1558 qualibet
653 1515 735 1548 linea
759 1515 927 1548 duodecim
952 1514 1086 1559 syllabas
1110 1513 1148 1546 ad
1176 1513 1234 1545 mi-

490 1578 559 1609 nus,
584 1568 609 1601 si
627 1578 708 1601 unus
726 1572 846 1602 tantum
865 1578 937 1601 reus
955 1567 1060 1606 suerit,
1078 1566 1233 1600 bononeni

494 1621 643 1665 quinque3

535 1674 587 1708 45.
613 1674 643 1708 Si
661 1675 723 1709 duo
741 1676 787 1708 vel
806 1676 914 1719 plures
932 1676 977 1708 rei
996 1675 1122 1714 suerint,
1140 1674 1234 1706 etiam

491 1738 551 1772 pro
575 1728 728 1771 collegio,
759 1728 980 1768 universitate,
1006 1728 1053 1760 vel
1079 1727 1234 1771 capitulo,

492 1781 635 1815 eamdem
651 1782 774 1826 copiam
792 1781 921 1814 insimul*
937 1781 1085 1815 omnibus
1100 1781 1174 1813 dare
1194 1785 1236 1812 te-

492 1840 636 1876 neantur,
661 1839 690 1869 et
713 1833 772 1879 pro
796 1835 937 1879 quolibet
962 1835 1036 1868 folio
1061 1834 1166 1875 simili,
1184 1834 1236 1867 bo-

492 1888 608 1920 noneni
626 1892 746 1932 septem
764 1899 836 1921 cum
853 1888 985 1921 dimidio
1003 1887 1042 1921 ad
1064 1898 1234 1920 summum.

537 1941 590 1975 46.
616 1941 678 1974 Pro
705 1941 847 1985 quolibet
875 1941 951 1975 solio
981 1947 1139 1975 extractus
1164 1941 1235 1975 facti

494 1994 579 2028 iuxta
603 1995 795 2038 praedictam
820 1995 1079 2029 reformationem
1104 1995 1237 2028 Sanctis-

493 2048 577 2090 simi,
601 2049 723 2082 etiamsi
741 2049 858 2082 suerint
873 2049 981 2093 plures
998 2049 1043 2082 rei
1061 2049 1107 2082 vel
1125 2048 1236 2082 adhae-

494 2107 599 2135 rentes
610 2102 640 2134 in
654 2102 763 2135 eadem
777 2104 882 2142 eausa,
895 2102 1054 2135 bononeni
1071 2112 1136 2142 sex,
1149 2102 1237 2135 dum-

495 2154 590 2189 modo
615 2155 646 2188 in
663 2156 769 2199 aliquo
785 2165 823 2188 ex
840 2155 1009 2199 praedietis
1026 2155 1236 2188 tribunalibus

494 2208 599 2242 minor
614 2214 685 2242 taxa
700 2219 764 2243 non
781 2209 902 2249 existat,
919 2219 1014 2253 quam
1031 2209 1161 2242 omnino
1174 2219 1237 2242 ser-

496 2261 562 2295 vari
587 2262 741 2296 volumus.

538 2314 592 2349 47.
619 2316 678 2350 Pro
701 2315 842 2360 quolibet
867 2315 940 2350 solio
956 2316 1031 2349 boni
1049 2316 1176 2359 registri
1195 2316 1237 2348 sa—

495 2368 536 2401 cti
561 2369 645 2402 iuxta
668 2369 785 2403 dictam
809 2369 1068 2403 reformationem
1086 2369 1116 2401 in
1133 2369 1236 2402 causis

497 2422 528 2455 in
552 2422 667 2467 quibus
692 2422 765 2456 mai
781 2423 850 2457 (ieri
873 2423 965 2464 licet,
983 2423 1122 2456 solvatur
1142 2422 1234 2455 idem.

541 2474 593 2509 48.
619 2476 680 2510 Pro
703 2476 844 2522 quolibet
866 2476 1047 2510 centenario
1063 2476 1237 2510 rubricatu-

533 2566 544 2592 1
568 2564 726 2594 Declaratur
744 2566 772 2594 in
791 2565 883 2595 Const.
911 2574 970 2603 seq.
999 2566 1014 2602 5
1039 2566 1074 2594 22
1094 2568 1132 2601 (n.
1155 2572 1181 2593 τ.
1205 2574 1237 2593 ex

497 2608 639 2645 Cherub).

532 2652 550 2680 2
569 2653 624 2681 Nisi
643 2654 788 2690 legendum
806 2655 843 2683 sit
860 2655 936 2683 illud
954 2663 1052 2692 nempe
1079 2655 1237 2691 registrum

497 2699 537 2735 (n.
553 2699 602 2737 τ.).

1264 403 1336 425 cum
1360 390 1501 425 dimidio.

1309 444 1360 479 49.
1387 444 1446 477 Pro
1464 443 1610 476 mandato
1627 442 1665 475 de
1682 442 1850 476 relaxando
1867 442 2003 486 aliquem

1266 498 1296 530 in
1321 499 1414 530 eausa
1438 496 1574 541 capitali,
1598 495 1646 529 vel
1670 495 1731 529 alia
1747 495 1779 529 in
1799 506 1860 540 qua
1884 495 2005 529 veniret

1266 551 1455 595 imponenda
1478 560 1580 595 poena
1603 550 1747 594 eorporis
1770 549 1925 592 afflictiva,
1949 548 2003 582 ubi

1265 604 1495 649 praecesserint
1519 603 1643 643 indicia,
1667 607 1697 637 et
1720 613 1794 636 reus
1818 602 1913 636 suerit
1936 612 2006 635 exa-

1265 659 1418 699 minatus,
1447 668 1510 691 non
1539 662 1643 690 tamen
1673 656 1768 690 suerit
1790 656 1853 690 lata
1876 660 1907 690 et
1930 655 2004 689 sub-

1265 713 1381 757 scripta
1405 711 1568 752 sententia,
1589 710 1655 744 iulii
1678 710 1826 754 quinque.

1309 766 1360 800 50.
1385 766 1443 799 Ubi
1465 775 1539 798 vero
1552 775 1636 805 reus,
1652 763 1913 808 praecedentibus
1929 762 2006 796 indi-

1266 819 1321 852 ciis
1345 818 1550 859 examinatus,
1565 817 1659 851 fuerit
1686 816 1932 857 condemnatus,
1957 815 2005 849 vel

1266 867 1358 907 etiam
1385 878 1446 905 tam
1472 876 1542 905 ante
1567 882 1662 915 quam
1684 876 1756 915 post
1780 869 2005 914 composuerit,

1266 931 1316 960 aut
1341 926 1467 960 solverit
1493 935 1637 969 poenam,
1662 934 1718 957 seu
1735 934 1772 957 ex
1789 923 1890 967 gratia
1905 931 2006 967 poena

1266 979 1293 1012 ei
1318 979 1450 1012 remissa
1475 978 1579 1018 suerit,
1604 982 1729 1010 scutum
1753 986 1862 1009 unum.

1310 1031 1361 1065 51.
1389 1032 1448 1065 Pro
1465 1030 1612 1064 mandato
1629 1030 1667 1063 de
1684 1029 1853 1063 relaxando
1869 1029 2006 1073 aliquem

1267 1085 1297 1117 in
1322 1086 1382 1118 alia
1407 1087 1501 1118 causa
1526 1085 1578 1117 ubi
1603 1083 1796 1128 praecedunt
1821 1082 1953 1123 indicia,
1977 1087 2007 1115 et

1266 1151 1339 1173 reus
1363 1143 1548 1183 componat,
1580 1138 1627 1171 vel
1656 1147 1790 1181 poenam
1815 1137 1930 1177 solvat,
1954 1140 2008 1169 aut

1266 1192 1492 1227 condemnatus
1509 1202 1545 1224 ex
1566 1191 1667 1234 gratia
1680 1191 1841 1230 liberetur,
1856 1189 1922 1222 iulii
1933 1193 2006 1223 tres.

1311 1246 1361 1279 52.
1389 1246 1422 1279 ln
1446 1245 1515 1278 aliis
1531 1255 1606 1278 vero
1623 1244 1786 1288 quibusvis
1809 1242 1934 1276 casibus
1950 1253 2009 1287 pro

1266 1299 1360 1332 simili
1375 1299 1521 1332 mandato
1534 1298 1572 1331 de
1587 1296 1830 1336 excarcerando,
1848 1295 1914 1329 iulii
1934 1295 2007 1329 duo.

1311 1352 1362 1386 53.
1388 1353 1449 1385 Pro
1472 1356 1641 1396 praecepto
1666 1350 1806 1383 iniuncto
1830 1349 1874 1382 illi
1891 1349 1945 1393 qui
1960 1358 2010 1382 ex-

1267 1411 1459 1445 carceratur‚
1475 1405 1564 1438 nihil.

1312 1459 1362 1492 54.
1389 1459 1449 1492 Pro
1474 1458 1579 1501 rogitu
1603 1457 1770 1491 cuiuslibet
1799 1455 2010 1490 fideiussionis

1269 1513 1298 1545 in
1323 1512 1428 1545 officio
1453 1512 1499 1544 vel
1525 1521 1662 1551 carcere,
1688 1510 1782 1543 iulius
1806 1520 1910 1550 unus;

1313 1565 1364 1599 55.
1385 1566 1415 1598 Si
1441 1570 1527 1598 extra
1545 1564 1683 1598 officium
1701 1569 1732 1597 et
1748 1573 1921 1605 carcerem,
1942 1562 2009 1596 iulii

1268 1619 1340 1652 duo.

1313 1673 1364 1707 56.
1390 1673 1450 1706 Pro
1472 1672 1619 1706 mandato
1643 1672 1681 1705 dc
1705 1670 1857 1715 capiendo
1873 1670 2010 1715 aliquem

1269 1738 1327 1771 pro
1353 1726 1476 1759 indiciis
1505 1727 1550 1759 rel
1569 1736 1627 1770 pro
1647 1725 1753 1759 curiae
1777 1723 2010 1765 informatione,

1268 1780 1355 1813 nihil.

1313 1833 1365 1866 57.
1391 1833 1451 1866 Pro
1476 1832 1623 1865 mandato
1639 1831 1678 1865 de
1695 1831 1848 1875 capiendo
1865 1841 1925 1876 pro
1941 1840 2012 1864 eau-

1270 1887 1352 1921 tione
1377 1886 1415 1919 de
1439 1897 1501 1920 non
1527 1885 1732 1926 offendendo,
1756 1885 1914 1918 bononeni
1939 1894 2010 1929 sep-

1270 1946 1331 1974 tem
1357 1951 1428 1973 cum
1453 1940 1595 1974 dimidio.

1313 1992 1364 2027 58.
1390 1993 1450 2027 Pro
1467 2003 1533 2027 non
1556 1996 1722 2037 ,στω-εἰκῆ
1739 1991 1899 2025 bononeni
1923 1990 2012 2035 quin-

1268 2057 1338 2091 que.
1866 2080 1870 2084 ,

1313 2099 1364 2133 59.
1383 2099 1444 2132 Pro
1461 2098 1609 2132 mandato
1625 2098 1664 2132 de
1680 2097 1862 2132 evacuando
1878 2096 2010 2131 servatis

1269 2153 1440 2194 servandis,
1466 2152 1532 2186 iulii
1556 2152 1629 2186 duo.

1313 2206 1364 2239 60.
1391 2206 1450 2239 Pro
1475 2205 1650 2240 inventario
1680 2205 1712 2239 in
1743 2206 1838 2239 eausa
1870 2203 2010 2249 capitali,

1270 2265 1392 2294 scutum
1417 2270 1526 2293 unum.

1313 2314 1365 2348 61.
1386 2314 1447 2347 Pro
1464 2314 1557 2347 simili
1576 2313 1749 2347 inventario
1766 2312 1846 2346 sacto
1862 2311 2010 2345 mandato

1270 2367 1381 2401 iudicis
1406 2368 1436 2400 in
1461 2368 1570 2412 quavis
1586 2367 1647 2401 alia
1663 2368 1758 2401 causa
1782 2365 1949 2407 criminali,
1966 2365 2011 2399 iu-

1270 2421 1302 2454 lii
1327 2421 1485 2465 quinque,
1510 2426 1541 2454 et
1563 2421 1633 2466 plus
1657 2420 1705 2453 vel
1730 2419 1853 2461 minus,
1877 2418 2010 2453 arbitrio

1270 2474 1390 2508 iudicis.

1314 2528 1366 2563 622.
1391 2529 1429 2562 Et
1452 2538 1510 2572 pro
1534 2527 1628 2561 simili
1659 2526 1834 2561 inventario
1858 2526 1890 2560 in
1914 2526 2010 2561 causa

1270 2581 1364 2622 civili,
1389 2581 1414 2615 si
1439 2581 1507 2615 fieri
1531 2580 1702 2623 contingat,
1726 2580 1793 2613 iulii
1816 2579 1888 2614 duo.

1313 2634 1365 2669 63.
1391 2634 1452 2668 Pro
1470 2634 1696 2675 aestimatione,
1716 2632 1962 2676 subhastatione,
1977 2637 2009 2668 et

1270 2689 1446 2724 venditione
1469 2688 1626 2725 bonorum
1650 2687 1816 2724 mobilium
1839 2687 1889 2723 vel
1904 2696 2008 2724 semo-

2014 287 2064 315 Αη.
2080 287 2112 316 ε..
2131 286 2201 316 im
2217 266 2220 271 ’
