2293 3231
104 283 151 309 Λη.
165 281 192 307 C.
217 280 285 307 tfs‘zo

945 279 1062 303 PAVLVS
1088 279 1106 301 Υ
1132 279 1178 302 ῘῬ.

299 339 371 361 eum
396 333 426 360 et
450 327 663 365 habitandum,
682 338 719 360 ne
743 328 786 360 sie
806 327 934 360 admissi
951 333 1055 359 extra'

299 381 580 423 Congregationem
606 381 717 423 degant
756 387 880 425 praeter
915 386 1038 424 tempus

300 433 423 466 dierum
437 434 565 477 aliquot,
579 439 609 466 ut
623 434 660 466 ad
675 444 835 466 summum
849 433 1037 477 quindecim.

345 486 479 519 Admissi
505 487 541 519 ad
567 488 701 530 primam
726 486 955 531 probationem,
977 496 1039 519 non

302 539 450 573 continuo
482 540 645 584 tyronibus
676 539 956 583 aggregabuntur,
987 539 1040 571 sed

302 603 443 626 inensem
467 594 561 626 veluti
588 594 726 638 hospites
759 593 789 625 in
813 593 928 626 nostris
957 592 1040 625 aedi-

302 646 359 679 bus
380 647 597 686 morabuntur,
614 652 649 679 ut
669 646 795 679 interim
813 646 918 679 omnia
934 650 1041 678 nostra

302 706 503 743 cognoscant,
528 711 563 733 ae
588 701 742 733 maturius
766 700 956 737 deliberent;
982 704 1009 731 ct
1025 710 1041 731 e

303 758 412 786 eontra
429 754 570 797 ipsorum
588 754 764 797 periculum
782 753 844 791 siat,
861 753 887 785 si
903 752 1041 796 prompti

304 805 364 838 sint
385 807 416 839 in
442 807 589 839 omnibus
605 817 727 850 parere,
744 806 791 838 vel
809 806 839 838 in
856 805 1042 838 humillimis

302 869 337 891 ac
348 859 535 899 durissimis,
545 860 570 892 si
580 859 854 892 exercitationibus
863 863 1041 891 sanctarum

302 912 541 946 meditationum
558 917 587 944 et
613 916 881 945 sacramentorum
899 911 960 943 sint
977 922 992 943 a
1011 921 1042 943 se

305 965 361 1008 ipsi
387 965 501 1005 devoti,
526 976 589 998 non
613 964 809 1004 contentiosi,
826 974 889 997 non
905 964 1042 1008 pertina-

302 1029 363 1058 ces,
388 1029 451 1052 non
475 1018 603 1062 superbi
627 1017 690 1052 ulla
715 1018 842 1051 omnino
875 1018 905 1050 in
931 1029 964 1050 re
989 1018 1043 1049 ad-

304 1082 412 1105 versus
436 1072 581 1111 maiores,
607 1077 657 1103 aut
684 1071 776 1104 etiam
802 1071 948 1104 minores.

346 1125 377 1157 Si
402 1125 520 1158 bonum
546 1125 594 1157 sui
620 1125 779 1169 specimen
802 1124 956 1163 dederint,
974 1129 1042 1168 post

303 1189 443 1211 mensem
468 1189 579 1212 eorum
604 1179 732 1212 nomina
757 1178 787 1210 in
808 1178 889 1211 libro
911 1178 948 1210 ad
968 1178 1042 1210 baec

302 1231 456 1265 destinato
465 1232 667 1271 notabuntur,
681 1237 709 1264 et
723 1232 795 1264 inde
809 1242 908 1264 annus
922 1232 1042 1275 primae

302 1285 495 1329 probationis
513 1285 648 1328 incipiet,
662 1296 718 1328 per
727 1285 811 1328 quod
826 1285 897 1317 anni
908 1285 1042 1329 spatium

303 1339 328 1371 si
353 1338 468 1371 suerint
492 1339 523 1370 in
546 1338 625 1370 vitae
650 1338 814 1371 laudabilis
833 1339 952 1371 ratione
975 1349 1043 1371 ver—

302 1392 370 1432 sati,
389 1392 420 1424 in
437 1392 572 1425 secunda
591 1391 775 1435 probatione
792 1391 954 1424 biennium
971 1402 1043 1425 eon-

302 1445 422 1485 sistent,
439 1445 578 1488 alioquin
601 1445 799 1477 dimittentur
823 1456 839 1478 a
863 1445 1042 1489 praeposito

303 1503 332 1530 et
341 1497 507 1542 deputatis,
517 1509 653 1541 quorum
667 1503 713 1531 est
724 1509 838 1531 munus
855 1498 893 1531 ad
906 1499 1040 1542 primam

303 1556 333 1584 et
350 1551 519 1584 secundam
538 1551 757 1595 probationem
773 1551 948 1584 admittere.
967 1552 1042 1584 Exa-

302 1609 352 1637 cto
368 1609 473 1637 autem
495 1604 640 1644 triennio,
656 1604 681 1637 si
698 1604 821 1637 laudem
839 1604 933 1637 simili
947 1605 1041 1638 modo

301 1657 450 1701 probatae
475 1658 554 1690 vitae
579 1657 742 1690 habuerint
769 1657 800 1690 in
824 1657 983 1698 convictu,
1008 1664 1040 1690 ιιι

302 1720 370 1742 esse
392 1710 513 1754 possint
537 1720 554 1742 e
577 1710 827 1752 Congregatione
856 1710 1040 1743 nominatim

301 1763 534 1797 decernendum
549 1769 603 1797 est.
618 1764 882 1807 Aggregabuntur
895 1775 971 1807 ergo
984 1775 1041 1808 per

301 1823 423 1851 secreta
435 1818 596 1861 suffragia,
613 1823 823 1862 poteruntque
840 1818 987 1862 deinceps
1003 1819 1040 1851 ad

301 1871 407 1905 omnia
435 1872 629 1911 ministeria,
654 1878 784 1916 excepto
813 1873 983 1917 praepositi
1011 1878 1039 1906 et

301 1924 440 1968 deputati
457 1935 599 1965 munere,
609 1925 692 1969 eligi.
709 1925 759 1958 Ius
771 1930 875 1958 autern
892 1925 950 1969 ipsi
963 1926 1040 1959 alios

302 1978 437 2021 eligendi
453 1983 524 2022 post
540 1978 727 2012 decennium
750 1979 852 2011 solum
869 1978 1039 2019 habebunt,

301 2030 361 2064 nisi
377 2031 415 2064 de
432 2042 587 2065 consensu
604 2031 826 2075 deputatorum
842 2032 1040 2075 praepositus

302 2084 361 2117 boc
379 2084 426 2117 ius
443 2095 480 2117 ex
497 2087 591 2118 eausa
608 2085 751 2117 statuerit
770 2085 988 2118 ditl‘erendum.

345 2138 434 2177 Quod
458 2138 483 2171 si
507 2138 577 2181 quis
601 2148 730 2179 eorum,
754 2139 814 2172 alia
834 2139 920 2171 nulla
943 2139 1039 2172 inter-

302 2191 431 2224 cedente
456 2195 550 2226 causa
573 2191 634 2224 nisi
658 2192 824 2224 oblivionis
848 2197 899 2225 aut
936 2192 1041 2226 mode-

303 2245 398 2283 stiae,
423 2245 461 2278 ad
491 2250 614 2289 tempus
646 2256 709 2279 non
744 2246 890 2290 petierit,
915 2246 999 2290 quod
1023 2257 1039 2279 a

302 2297 550 2341 Congregatione
575 2299 683 2331 fuisset
707 2304 902 2342 accepturus,
920 2310 992 2331 eum
1009 2299 1040 2332 in

303 2356 484 2385 nostrorum
503 2352 680 2395 catalogum
697 2351 852 2384 admissus
876 2352 1040 2392 reseretur,

303 2404 341 2436 ab
361 2415 398 2438 eo
423 2410 565 2449 tempore.
582 2411 746 2439 censeatur
762 2411 961 2449 aggregatus,
979 2416 1041 2449 quo

304 2458 461 2502 expletum
479 2459 571 2492 fuerit
597 2464 780 2492 consuetum
806 2458 975 2491 triennium
994 2447 1059 2508 vel]

304 2510 500 2545 decennium.

314 2589 316 2592 ,
347 2563 519 2598 Admittere
535 2565 574 2598 ad
592 2565 873 2608 Congregationem
891 2570 920 2597 et
936 2563 1041 2598 onmia

305 2617 482 2661 supradicta
494 2618 662 2662 pertinebit
678 2618 717 2652 ad
734 2618 911 2652 sacerdotes
928 2617 1041 2661 expleti

305 2671 455 2711 decennii,
481 2677 506 2704 et
533 2672 665 2706 stabitur
690 2672 799 2705 maim-i
825 2672 903 2713 parti
930 2670 1041 2703 suffra-

1742 267 1778 299 ’ὦ

1071 327 1217 369 giorum;
1245 327 1281 358 ad
1311 326 1446 369 primam
1467 330 1568 357 tamen
1590 330 1618 357 et
1641 326 1808 357 secundam

1072 380 1299 422 probationem,
1317 385 1349 412 ut
1372 379 1489 412 dietum
1515 384 1570 414 est,
1587 378 1625 411 ad
1650 378 1810 421 praeposi-

1072 438 1137 465 tum
1155 438 1183 465 et
1201 433 1374 477 deputatos.

1117 487 1214 519 Nemo
1239 487 1335 530 possit
1361 487 1472 530 expelli
1504 497 1520 517 e
1552 485 1811 529 Congregatione,

1073 539 1130 572 nisi
1157 539 1295 582 primum
1321 540 1350 571 in
1380 550 1477 572 unum
1503 540 1605 572 lot-um
1630 539 1811 580 congregati

1073 592 1187 625 suerint
1213 603 1322 625 omnes
1347 593 1520 637 presbyteri
1549 593 1601 636 qui
1626 591 1812 625 decennium

1074 646 1233 687 exegerint
1253 646 1283 678 in
1303 646 1562 688 Congregatione,
1580 643 1810 681 numerandum

1074 708 1090 729 a
1108 698 1158 730 die
1175 709 1234 742 qua
1251 704 1321 731 sunt
1346 698 1472 731 admissi
1494 699 1531 731 ad
1550 699 1684 742 primam
1702 698 1813 742 proba-

1075 751 1202 789 tionem,
1221 757 1250 783 et
1275 752 1389 794 singuli
1407 763 1498 784 suum
1517 752 1703 794 suffragium
1718 751 1812 784 dede-

1076 803 1134 836 rint
1147 814 1153 843 ;
1169 809 1208 844 et,
1219 804 1302 848 quod
1312 804 1390 837 duae
1405 815 1420 836 e
1431 804 1529 836 tribus
1542 804 1682 847 partibus
1696 809 1811 836 statue-

1075 856 1125 895 rit,
1140 856 1170 888 id
1187 857 1248 889 siat.
1266 857 1353 897 Quod
1371 857 1395 889 si
1420 858 1450 889 in
1476 863 1539 890 tres
1556 862 1660 901 partes
1683 867 1745 890 non
1760 868 1813 901 po-

1076 910 1145 942 terit
1161 910 1228 943 fieri
1243 911 1501 955 presbyterorum
1515 921 1613 954 aequa
1623 910 1812 949 distributio,

1077 968 1149 996 tune
1180 964 1356 997 servabitur
1386 964 1482 1000 ratio,
1507 974 1585 1008 quae
1611 969 1656 996 est
1680 969 1750 997 oeto
1775 964 1812 996 ad

1077 1017 1248 1055 tredecim,
1273 1023 1324 1050 aut
1348 1018 1597 1061 quatuordecim,
1622 1018 1663 1050 ita
1686 1023 1719 1050 ut
1743 1023 1813 1050 octo

1076 1071 1211 1115 exempli
1228 1072 1329 1114 gratia
1347 1072 1510 1104 eontieiant
1525 1072 1601 1104 duas
1618 1077 1731 1115 partes,
1749 1071 1813 1103 sive

1077 1125 1242 1158 tresdecim
1270 1125 1327 1157 sint
1354 1125 1545 1167 presbyteri,
1575 1125 1638 1157 sive
1662 1130 1812 1167 quatuor-

1075 1178 1186 1211 deeim.

1122 1232 1219 1265 Nemo
1244 1232 1339 1275 possit
1366 1232 1477 1275 expelli
1503 1243 1518 1261 e
1548 1231 1812 1274 Cong1egatione,

1076 1284 1134 1317 nisi
1152 1289 1281 1328 propter
1302 1285 1455 1324 iteratam,
1473 1294 1664 1328 gravemque
1681 1284 1815 1328 pertina-

1075 1337 1166 1373 ciam.
1185 1338 1231 1369 vel
1254 1348 1348 1380 grave
1366 1337 1532 1370 delictum:
1551 1337 1604 1369 sed
1627 1337 1730 1381 qualia
1755 1337 1810 1369 sint

1076 1390 1199 1433 singula
1224 1390 1416 1429 huiusmodi,
1441 1391 1574 1423 stabitur
1599 1390 1715 1423 iudicio
1739 1390 1813 1422 dua-

1075 1454 1146 1476 rum
1163 1444 1300 1487 partium
1327 1454 1342 1475 e
1368 1443 1478 1478 tribus.
1496 1444 1763 1477 numerandarum
1783 1449 1812 1475 ut

1074 1508 1178 1541 supra.

1366 1570 1436 1603 ΕΑΓ.
1464 1569 1523 1602 ΥΙΙ.

1213 1632 1259 1665 De
1281 1636 1433 1675 lyronmn
1458 1633 1672 1665 institutione.

1119 1711 1253 1744 Admissi
1278 1712 1316 1744 ad
1340 1712 1475 1755 primam
1492 1712 1726 1755 probationem,
1751 1712 1815 1745 sive

1075 1765 1196 1805 cleriei,
1213 1765 1276 1797 sive
1301 1765 1489 1804 sacerdotes,
1506 1765 1605 1798 donee
1623 1765 1749 1804 fuerint,
1767 1775 1816 1798 ex-

1074 1819 1159 1862 pleto
1172 1818 1318 1857 triennio,
1332 1818 1449 1851 nostris
1465 1818 1624 1862 adscripti,
1639 1818 1705 1851 eius
1721 1829 1815 1851 curae

1075 1872 1345 1912 commendantur,
1363 1872 1415 1916 qui
1434 1872 1465 1904 id
1482 1872 1622 1905 muneris
1640 1872 1670 1904 in
1683 1872 1816 1914 Congre-

1074 1925 1198 1968 gatione
1214 1925 1354 1959 sustinet.
1371 1925 1399 1958 Is
1420 1925 1458 1957 ad
1479 1925 1618 1958 fructum
1635 1925 1814 1957 animorum

1074 1980 1179 2012 onmia
1192 1980 1341 2019 referens,
1354 1984 1478 2023 praeter
1492 1979 1643 2012 virtutum
1656 1980 1814 2022 singulare

1074 2033 1223 2073 studium,
1240 2043 1375 2077 quarum
1401 2033 1535 2066 maxime
1561 2038 1722 2076 compotes
1747 2043 1814 2065 esse

1075 2092 1198 2120 nostros
1220 2092 1362 2131 oportet,
1381 2092 1469 2119 curet
1492 2086 1551 2119 alia
1568 2086 1720 2130 quaedam
1746 2097 1815 2129 pro-

1074 2151 1191 2184 ponere
1208 2151 1287 2184 quae
1304 2145 1373 2173 sunt
1405 2140 1555 2172 haetenus
1572 2139 1752 2172 observata:
1781 2145 1811 2170 ut

1075 2193 1216 2226 videlieet

1118 2246 1213 2279 Sacro
1230 2245 1369 2289 quotidie
1388 2246 1573 2281 inserviant:

1119 2300 1142 2332 A
1165 2299 1275 2332 studiis
1298 2298 1473 2331 litterarum
1496 2297 1666 2341 superioris
1684 2296 1813 2329 arbitrio

1075 2351 1263 2389 abstineant,
1276 2352 1350 2384 haee
1362 2351 1445 2383 enim
1460 2349 1651 2383 moderanda
1663 2349 1812 2393 primum.

1074 2409 1107 2437 ut
1133 2404 1237 2437 divina
1260 2404 1410 2447 sapientia
1435 2403 1543 2435 imbuti
1571 2403 1689 2435 discant
1707 2412 1813 2435 amare

1075 2457 1203 2495 nesciri:

1119 2509 1164 2542 Ad
1182 2520 1333 2549 mensam,
1350 2509 1439 2552 signo
1456 2509 1538 2550 dato,
1556 2509 1622 2542 sine
1640 2509 1704 2541 ulla
1724 2511 1813 2542 morit

1075 2563 1278 2603 conveniant,
1304 2562 1419 2606 ibique,
1437 2573 1474 2595 ex
1494 2563 1706 2606 praescripto,
1725 2562 1813 2595 mini-

1075 2616 1218 2649 stratoris
1236 2616 1283 2648 vel
1299 2616 1426 2648 lectoris
1443 2616 1548 2649 officio
1565 2616 1753 2659 fungantur;

1119 2670 1236 2712 Singuli
1267 2669 1441 2701 ministrent
1472 2671 1516 2702 rel
1551 2670 1651 2711 legant
1682 2668 1811 2712 siugulis

1825 277 1875 302 An.
1891 277 1918 302 (ἰ,
1943 277 2008 303 1620
