2293 3231
58 293 107 321 An.
123 291 153 319 C.
176 291 238 318 1621

574 336 671 369 xtA'l.
1014 336 1015 347 ¹

262 415 471 458 Confirmatio
500 419 527 447 e!
548 414 714 447 innovatio
731 414 998 446 constitutionum
1014 414 1015 458 ᾗ

305 468 456 512 Greqorii
483 468 574 501 XIII
596 472 623 500 et
657 466 807 510 Greslorii
836 466 919 500 XIV
950 476 999 498 su-

301 532 359 566 per
396 521 618 565 prohibitione
657 520 829 552 delationis
869 519 999 551 habitus
1014 529 1016 565 t

303 577 447 619 fratrum
460 575 748 618 Cappuccinornm,
758 574 807 606 rel
821 573 999 606 consimilis
1015 568 1016 571 '

307 629 449 669 habitus,
463 639 522 671 per
545 628 627 660 alios
653 627 827 671 rcywdorcs:
855 637 911 660 nec
934 637 999 659 non

303 682 484 716 commissio
505 681 694 715 ordinariis
720 682 860 715 Iocorum
886 691 998 724 reyno-

303 746 380 769 rnm
401 735 585 779 Hispaniae
598 763 607 775 ,
634 735 665 768 F
665 736 814 775 ranciac,
841 735 1016 774 aliorum-¹

304 799 366 833 que
379 799 555 832 reynorum
568 793 596 821 et
608 789 855 832 provinciarum
865 788 994 827 Italiae,
1015 788 1017 838 ᾗ

305 852 345 875 ne
361 841 440 874 aliis
456 841 625 884 quibusvis
642 841 801 885 retiyiosis
817 841 999 873 cm'uscnm-

308 906 370 939 que
391 894 537 935 Ordinis,
558 894 719 927 societatis
738 899 766 927 et
789 895 934 927 instituti
953 905 999 927 re·

304 948 483 993 yolaribns,
500 948 559 980 sub
576 948 688 992 quovis
699 951 881 991 praetextu,
899 948 1000 990 impo-

305 1007 428 1036 sterum
457 1011 575 1034 nomen
604 1000 653 1034 rel
680 1001 829 1033 habitum
854 1001 1017 1043 ipsorum„

306 1056 450 1099 fratrum
465 1054 744 1098 Cappuccinorum
761 1053 823 1086 sibi
834 1053 1000 1086 vindicare

305 1108 356 1141 vel
374 1117 534 1151 usurpare
546 1106 750 1150 permittant,
767 1105 821 1138 secl
833 1106 921 1149 ipsas
934 1105 1000 1138 ccli-

309 1165 357 1194 tas
367 1160 609 1194 constitutiones
619 1169 677 1203 per
690 1159 917 1192 ecclesiasticas
930 1169 1000 1192 cen-

305 1224 400 1247 suras
417 1217 446 1246 et
464 1222 585 1257 poenas
605 1212 765 1245 observari
781 1210 934 1255 facianffi.

469 1283 626 1319 Gregorius
642 1284 721 1317 Papa
734 1283 790 1317 XV,

385 1329 422 1357 ad
441 1331 615 1363 perpetuam
634 1327 680 1355 rei
699 1327 880 1355 memoriam.

307 1391 352 1424 Ex
375 1390 515 1424 iniuncto
531 1390 622 1423 nobis
639 1389 829 1434 apostolicae
844 1389 1002 1422 servitutis

264 1444 378 1485 officio,
408 1444 447 1477 ad
474 1455 520 1486 ea,
549 1454 606 1488 per
637 1454 718 1487 quae
751 1442 1002 1476 christifidelium

265 1497 501 1542 quorumlibet,
525 1498 710 1541 praesertim
735 1497 792 1529 sub
820 1497 907 1529 suavi
933 1497 1004 1529 reli-

263 1552 366 1595 gionis
382 1551 457 1594 iugo
476 1551 635 1584 Altissimo
659 1550 888 1590 famulantium,
906 1549 1004 1594 quieti

264 1610 295 1639 et
309 1605 380 1649 paci
403 1609 578 1649 opportune
602 1604 786 1644 consulitur,
805 1603 938 1636 libenter
958 1603 1004 1635 in-

265 1658 433 1699 tendimus,
454 1668 490 1691 ac
514 1658 547 1691 in
570 1657 619 1691 his
643 1657 737 1691 officii
761 1655 884 1690 nostri‘2
900 1662 1005 1701 partes

265 1705 511 1773 interponimus,
536 1716 630 1755 prout
654 1711 866 1755 conspicimus
890 1710 921 1743 in
944 1711 1004 1744 Do-

266 1765 352 1799 mino
376 1764 543 1799 salubriter
568 1764 725 1808 expedire.

90 1407 224 1430 Prooemium

93 1833 186 1863 niueas
202 1832 252 1853 cre·
311 1820 327 1863 g
343 1819 373 1853 1.
391 1819 474 1852 Alias
490 1819 645 1862 siquidem
666 1830 683 1851 a
700 1819 798 1853 felicis
818 1818 1006 1852 recordatio-

68 1858 252 1916 {illlufflffmfflff
266 1871 315 1905 nis
334 1872 487 1915 Gregorio
503 1872 571 1906 Xlll
588 1876 617 1906 et
639 1872 793 1915 Gregorio
809 1872 874 1905 XIV
896 1872 1007 1904 Roma-

68 1915 98 1933 ¹¹⁰
113 1911 240 1933 mruhnea.
269 1925 316 1958 nis
340 1925 546 1963 Pontificibus
570 1925 867 1969 praedecessoribus
891 1925 1007 1958 nostris

269 1983 455 2011 emanarunt
477 1979 600 2011 litterae
624 1978 742 2012 tenoris
770 1978 1006 2022 subsequentis,

268 2030 449 2064 videlicet³:

423 2111 599 2154 Gregorius
623 2112 719 2154 Papa
743 2111 851 2151 XIII,

361 2164 404 2197 ad
423 2169 615 2208 perpetuam
638 2165 687 2197 rei
710 2165 910 2197 memoriam.

314 2244 517 2287 Regularium
556 2254 782 2288 personarum,
822 2243 1008 2287 praesertim

272 2298 482 2342 exemplarem
505 2297 601 2331 vitam
625 2297 657 2330 in
681 2297 864 2331 humilitatis
889 2303 918 2330 et
937 2309 1010 2341 pau-

269 2352 400 2396 pertatis
424 2351 537 2396 spiritu
559 2351 759 2392 ducentium,
783 2351 879 2395 quieti
904 2362 939 2384 ac
964 2352 1010 2384 in-

307 2459 319 2485 1
337 2459 440 2487 Horum
454 2458 569 2486 fratrum
584 2458 693 2494 regulae
708 2458 929 2494 approbationem
950 2466 1010 2486 cum

272 2503 379 2531 habitus
408 2503 595 2539 praefinitione
619 2503 673 2530 vid.
703 2503 731 2529 in
755 2502 838 2530 Clem.
867 2503 913 2530 VII
940 2502 1008 2530 Con-

272 2547 325 2576 stit.
347 2554 409 2575 xxiv
427 2548 593 2582 Religionis,
615 2550 681 2575 tom.
702 2554 738 2582 w,
758 2555 819 2583 pag.
842 2547 902 2574 113.

306 2592 324 2619 2
343 2592 414 2620 Edit.
429 2592 508 2620 Main.
525 2592 591 2628 legit
605 2593 712 2621 nostris
725 2593 763 2628 (11.
780 2593 827 2627 1.).

308 2635 325 2663 3
343 2635 404 2671 Seq.
421 2636 578 2665 Constitutio
598 2638 649 2665 sub
668 2637 764 2674 pontif.
786 2638 867 2673 Greg.
889 2636 947 2664 XIII
967 2645 1010 2665 re-

274 2679 328 2708 lata
341 2687 396 2709 non
409 2680 497 2709 fuerat
511 2681 547 2717 (R.
563 2681 612 2717 T.).

859 285 1034 309 eumentes
1059 284 1077 307 X
1084 285 1100 307 V
1127 284 1172 307 ΓΡ.

1673 271 1735 303 ⁶27
1784 279 1830 305 Λιι,
1849 278 1877 305 e.
1899 277 1963 304 1621

1031 332 1191 364 demnitati
1218 342 1275 375 pro
1302 330 1470 363 commisso
1495 329 1585 361 nobis
1604 328 1769 372 pastoralis

1014 385 1123 417 *oflicii
1150 385 1254 417 debito
1279 384 1442 417 consulere
1471 382 1645 426 cupientes,
1671 381 1710 413 ad
1734 391 1768 414 ca

1031 438 1238 477 removenda,
1264 448 1344 480 quae
1369 436 1445 480 ipsis
1470 434 1696 479 praeiudicium
1720 433 1770 466 ad-

1033 492 1113 523 ferre
1140 494 1168 523 et
1193 489 1328 523 scandali
1353 488 1515 521 materiam
1543 492 1703 531 praestare
1727 486 1769 519 di-

1033 548 1245 586 gnoscuntur,
1271 552 1378 575 curam
1407 547 1545 575 nostram
1571 540 1704 574 libenter
1728 540 1770 572 iu-

1032 596 1198 629 tendimus.
1218 596 1402 639 Accepimus
1420 594 1584 638 siquidem,
1598 593 1681 637 quod
1699 593 1767 626 licet

1032 650 1106 682 alias
1130 649 1228 682 felicis
1253 648 1478 682 recordationis
1503 648 1616 681 Paulus
1632 647 1714 690 Papa
1731 646 1768 678 ΙΙΙ

1034 703 1258 747 praedecessor
1275 707 1381 734 noster
1396 712 1453 745 per
1470 711 1541 733 suas
1557 701 1675 732 litteras
1691 700 1770 732 inter

1033 756 1092 788 alia
1116 755 1288 788 districtius
1320 754 1489 787 inhibuerit
1518 753 1680 797 quibusvis
1704 762 1772 795 per-

1033 811 1128 853 sonis,
1146 810 1371 853 cuiuscumque
1390 808 1576 842 conditionis
1593 807 1771 848 existerent,

1034 864 1091 896 sub
1123 862 1455 896 excomnumicationis
1486 862 1564 893 latae
1600 860 1772 893 sententiae

1033 919 1135 961 poena
1150 927 1186 949 co
1206 916 1272 959 ipso
1287 915 1489 955 incurrendo,
1503 924 1542 947 ne
1558 913 1699 946 habitum
1716 924 1773 956 per

1033 971 1146 1002 fratres
1170 969 1294 1002 Ordinis
1323 968 1479 1001 Minorum
1502 966 1773 1010 Cappuccinorum

1033 1026 1285 1066 nuncupatorum
1311 1021 1426 1064 gestari
1451 1021 1594 1060 solitum,
1625 1019 1685 1052 nisi
1715 1019 1773 1051 sub

1033 1086 1091 1119 pro
1116 1081 1257 1119 tempore
1290 1074 1450 1108 existentis
1481 1073 1590 1106 vicarii
1618 1072 1773 1116 generalis

1035 1129 1174 1162 eiusdem
1200 1128 1324 1161 Ordinis
1348 1127 1526 1160 obedientia
1551 1131 1579 1159 et
1605 1128 1681 1159 cura
1706 1136 1775 1169 pcr—

1035 1186 1207 1222 manerent,
1233 1184 1355 1223 gestare
1379 1190 1506 1223 quoquo
1532 1179 1626 1212 modo
1651 1189 1776 1222 praesu-

1036 1239 1157 1267 merent
1175 1234 1194 1273 ¹;
1215 1239 1243 1266 et
1261 1235 1331 1277 piae
1352 1232 1524 1266 memoriae
1540 1232 1613 1265 Pius
1626 1232 1711 1275 Papa
1727 1232 1775 1272 lv,

1035 1288 1129 1321 etiam
1162 1287 1388 1331 praedecessor
1412 1291 1529 1326 noster,
1546 1285 1666 1317 litteras
1689 1285 1775 1318 Pauli

1036 1340 1290 1386 praedecessoris
1304 1339 1483 1372 huiusmodi
1498 1339 1552 1382 (ita
1565 1338 1649 1382 quod
1662 1339 1776 1380 nullus,

1036 1395 1263 1438 cuiuscumque
1277 1392 1464 1426 conditionis
1480 1392 1638 1433 existeret,
1652 1402 1714 1425 non
1732 1403 1778 1425 so-

1036 1449 1102 1481 lum
1126 1447 1269 1480 habitum
1294 1446 1482 1491 praefatum,
1496 1446 1581 1478 iuxta
1599 1446 1777 1479 litterarum

1037 1501 1122 1534 Pauli
1148 1500 1401 1544 praedecessoris
1420 1498 1601 1532 huiusmodi
1625 1503 1777 1540 tenorem,

1038 1565 1148 1587 verum
1176 1553 1269 1587 etiam
1299 1563 1355 1586 nee
1381 1553 1423 1585 ita
1455 1552 1668 1592 consimilem,
1693 1552 1778 1596 quod

1037 1613 1168 1651 propter
1193 1617 1265 1639 eum
1290 1606 1375 1639 credi
1395 1606 1492 1638 frater
1512 1616 1622 1638 eorum
1647 1606 1780 1648 Congre-

1039 1660 1184 1703 gationis,
1198 1659 1255 1692 nisi
1273 1659 1331 1692 sub
1348 1659 1480 1702 praefati
1498 1658 1606 1691 vicarii
1623 1658 1780 1701 generalis

1038 1724 1096 1758 pro
1114 1717 1258 1757 tempore
1279 1711 1439 1745 existentis
1459 1711 1637 1744 obedientia
1654 1716 1685 1744 et
1704 1712 1780 1744 cura

1039 1769 1249 1810 permaneret,
1275 1765 1332 1798 sub
1357 1764 1451 1797 simili
1476 1766 1577 1808 poena
1602 1774 1782 1798 excommu-

1038 1819 1204 1852 nicationis
1229 1819 1308 1851 latae
1332 1817 1503 1852 sententiae
1531 1828 1660 1862 quoquo
1685 1817 1779 1851 modo

1040 1877 1163 1916 gestare
1184 1872 1419 1915 praesumeret)
1438 1881 1495 1914 per
1512 1871 1589 1903 alias
1608 1881 1679 1903 suas
1703 1871 1781 1905 litte—

1040 1936 1090 1958 ras
1104 1924 1339 1958 confirmaverit
1352 1929 1381 1956 et
1394 1923 1624 1968 approbaverit,
1635 1934 1670 1956 ac
1688 1924 1780 1956 etiam

1040 1979 1077 2011 ad
1096 1978 1127 2011 id
1149 1977 1323 2010 extenderit
1337 1976 1363 2008 ²:
1381 1977 1588 2010 nihilominus
1612 1977 1701 2010 multi
1722 1978 1779 2009 sra-

1042 2037 1104 2065 tres
1121 2030 1265 2064 Tertiarii
1281 2030 1463 2074 nuncupati,
1480 2029 1604 2063 Ordinis
1625 2030 1781 2064 Minorum

1040 2085 1298 2119 Conventualium
1322 2084 1419 2117 sancti
1443 2083 1601 2117 Francisci
1625 2094 1782 2127 nuncupa-

1042 2144 1157 2179 torum,
1182 2138 1213 2170 in
1236 2147 1336 2181 regno
1360 2137 1483 2171 Siciliae
1507 2136 1674 2179 degentes,
1698 2136 1782 2169 habi-

1042 2197 1108 2225 tum
1135 2191 1275 2225 eiusdem
1307 2190 1402 2235 panni
1427 2194 1455 2224 et
1480 2190 1611 2230 coloris,
1636 2201 1698 2233 quo
1724 2190 1781 2233 ipsi

1041 2247 1155 2279 fratres
1168 2244 1356 2290 Cappuccini
1370 2249 1512 2284 utuntur,
1525 2249 1658 2286 gestare,
1673 2248 1712 2283 et,
1726 2244 1782 2275 sal-

1043 2309 1081 2332 vo
1098 2299 1182 2342 quod
1198 2298 1404 2342 cappuccium
1420 2296 1601 2336 rotundum,
1620 2306 1709 2329 more
1725 2297 1783 2329 sra-

1044 2357 1127 2385 trum
1143 2351 1400 2385 Conventualium
1417 2349 1609 2390 huiusmodi,
1627 2349 1782 2390 deserunt,

1044 2405 1075 2438 in
1094 2405 1225 2448 reliquis
1242 2405 1283 2436 ita
1301 2404 1479 2437 consimiles
1497 2403 1613 2436 eisdem
1632 2403 1783 2436 fratribus

1044 2458 1250 2501 Cappuccinis
1267 2457 1412 2490 incedere
1429 2461 1646 2500 praesumunt,
1663 2461 1698 2488 ut
1714 2466 1783 2500 pas-

1081 2549 1092 2574 1
1111 2546 1183 2574 Idest
1196 2547 1223 2573 in
1238 2555 1286 2574 sua
1302 2547 1392 2574 Const.
1409 2554 1452 2580 xv,
1468 2546 1481 2582 ἓ
1495 2546 1522 2581 9,
1537 2550 1567 2573 ut
1581 2545 1672 2573 videre
1694 2550 1735 2574 est
1754 2546 1781 2573 in

1044 2595 1108 2619 tom.
1125 2598 1160 2625 vt,
1178 2599 1238 2626 pag.
1255 2591 1307 2619 232
1323 2592 1362 2626 (a.
1377 2591 1425 2625 T.).

1078 2636 1094 2662 2
1110 2635 1267 2663 Huiusmodi
1286 2635 1325 2663 Pii
1344 2636 1380 2662 IV
1399 2636 1504 2663 litterae
1528 2636 1555 2662 in
1579 2635 1713 2664 Bullario
1728 2643 1781 2663 non
1813 2668 1816 2671 ,

1043 2684 1106 2709 sunt
1119 2681 1157 2716 (R.
1177 2680 1214 2715 T.)
