2293 3231
92 283 139 310 An.
158 282 187 309 C.
208 279 271 307 ¹621

100 1039 214 1069 Dei-offatm
220 1044 270 1060 eou-

87 1068 206 1087 tration-um.

79 2077 82 2080 ,
126 2053 201 2075 Officia
216 2053 272 2074 clau-

88 2081 162 2102 stralia
190 2085 272 2107 suppri-

88 2109 173 2130 muntur
194 2107 215 2128 iu
230 2112 272 2128 mo-

87 2134 219 2159 naster-timu
228 2134 273 2163 quj-

88 2162 128 2182 hus
150 2161 273 2183 reformatio

88 2188 152 2210 fucrit

88 2215 159 2237 ducta.

209 2188 272 2209 intro·

898 280 1074 304 Gnnoonltts
1095 281 1135 305 XV
1158 283 1204 305 ΡΡ.

1707 271 1771 305 5537

288 326 359 360 illae
385 326 592 367 emanabunt,
618 326 709 361 toties
735 327 765 360 in
790 329 976 373 pristinum,
1002 335 1029 362 et
1066 330 1330 363 monasteriorum
1357 328 1519 363 monachis
1544 329 1717 373 respective
1738 341 1806 373 pro-

288 378 514 413 validissimum
541 385 654 413 statum
681 382 848 421 restituta&
867 383 1029 426 repositas,
1065 382 1162 414 videri
1187 382 1307 415 debeat.

287 438 318 466 et
334 432 473 477 plenarie
490 434 708 477 reintegratus,
727 445 761 467 ac
775 434 813 467 de
826 445 907 468 novo
925 435 1028 475 etiam,

1107 437 1217 469 Datum
1240 437 1367 473 Itomae,
1386 436 1469 480 apud
1494 437 1642 470 Sanctum
1667 437 1805 477 Petrum,

287 485 345 519 suh
370 496 568 530 quacumque
592 487 760 531 posteriori
780 487 850 520 data
869 499 926 531 per
946 488 1028 520 vica-
1063 490 1122 522 sub
1136 489 1805 530 annulol‘iscatoris,diexv11maiiliment.

288 539 370 572 rium
397 541 577 582 generalem
602 546 631 572 et
657 541 829 574 monachos
853 541 1030 584 Congrcga-
1064 543 1265 587 pontificatus
1290 543 1386 577 nostri
1412 554 1493 577 anuo
1518 555 1537 577 1.

289 593 381 626 tionis
397 603 455 638 per
469 598 651 637 praesentes
672 599 794 628 erectae
818 594 1029 638 (luandocum-

287 657 348 692 que
361 647 516 690 eligenda,
533 658 697 681 concessas
710 659 777 681 esse
791 652 820 682 et
833 649 908 688 fore,
923 649 1028 693 sicque

287 710 343 744 per
363 711 580 746 quoscumque
597 701 715 735 iudices
733 701 920 743 ordinarios,
934 705 963 735 et
980 701 1029 734 de-

249 778 252 781 .
288 754 417 797 legatos,
439 754 532 787 etiam
553 765 718 788 causarum
738 754 843 798 palatii
865 754 1028 798 apostolici

287 806 448 841 auditores
475 807 607 841 iudicari
634 813 661 841 et
687 807 811 841 definiri
835 808 968 847 debere,
993 819 1027 841 ac

287 861 411 894 irritum
428 865 458 895 et
475 862 576 903 inane,
590 862 615 895 si
633 872 721 895 secus
738 872 832 906 super
849 862 907 902 his,
923 872 939 894 a
955 873 1029 905 quo-

287 925 393 959 quam,
417 915 527 959 quavis
552 916 751 956 auctoritate,
777 915 911 948 scienter
935 916 983 948 vel
1007 916 1029 948 i-

287 974 468 1011 gnoranter,
489 969 656 1012 contigerit
673 969 827 1003 attentari.

331 1023 346 1067 g
374 1021 402 1056 8.
428 1023 496 1057 Non
527 1022 722 1056 obstantibus
757 1021 960 1066 praemissis,
992 1033 1027 1056 ac

285 1076 560 1110 constitutionibus
573 1079 603 1110 et
615 1075 866 1112 ordinationibus
879 1075 1028 1119 apostoli-

285 1131 340 1171 cis,
351 1129 571 1174 dictorumque
581 1129 705 1163 Ordinis
718 1135 746 1162 et
762 1129 1026 1162 monasteriorum

285 1184 392 1220 (etiam
402 1184 589 1223 iuramento,
598 1183 837 1217 confirmatione
845 1182 1027 1227 apostolica,

285 1239 333 1272 vel
350 1237 459 1283 quavis
474 1237 625 1271 firmitate
642 1237 703 1270 alia
720 1237 891 1281 roboratis)
905 1237 1028 1270 statutis

284 1298 314 1326 et
330 1291 618 1332 consuetudinibus,
635 1291 808 1336 privilegiis
828 1301 964 1335 quoque,
981 1290 1028 1323 in-

285 1346 379 1380 dultis
393 1351 423 1380 et
438 1346 551 1379 litteris
565 1346 755 1390 apostolicis,
769 1345 840 1386 illis,
854 1355 1027 1388 corumque

286 1399 504 1445 superioribus
525 1405 555 1433 et
573 1399 727 1444 personis,
748 1398 806 1432 sub
828 1399 1028 1442 quibuscum-

287 1464 348 1498 que
364 1454 527 1488 tenoribus
544 1459 573 1486 et
590 1454 709 1494 formis,
723 1464 757 1486 ac
775 1464 846 1486 cum
866 1453 1027 1496 quibusvis

287 1507 436 1540 clausulis
453 1512 482 1540 et
499 1506 643 1547 decretis,
662 1507 693 1539 in
710 1507 903 1540 contrarium
922 1506 1027 1539 forsan

286 1560 520 1604 quomodolibet
535 1560 702 1601 concessis,
720 1560 923 1601 confirmatis,
940 1565 969 1593 et
985 1560 1028 1593 in-

285 1614 415 1647 novatis.
426 1613 544 1653 Quibus
554 1614 701 1647 omnibus
713 1620 741 1646 ct
753 1613 894 1657 singulis,
906 1614 1026 1647 etiamsi

285 1668 324 1701 de
343 1667 404 1700 illis
422 1668 574 1713 specialis,
596 1668 752 1712 specifica,
770 1678 916 1711 expressa
936 1673 962 1699 ct
986 1668 1028 1700 in-

285 1721 411 1755 dividua
431 1721 549 1755 mentio
574 1722 718 1754 habenda
738 1726 830 1763 esset,
851 1733 960 1755 eorum
983 1726 1027 1755 le-

284 1786 378 1810 nores
390 1775 609 1820 praesentibus
623 1787 681 1820 pro
693 1777 782 1820 plene
795 1780 823 1809 et
837 1776 1027 1809 sufficienter

285 1829 442 1874 expressis
460 1835 490 1862 et
503 1829 629 1862 insertis
647 1829 808 1869 habentes,
826 1829 887 1862 illis
903 1829 979 1862 alias
996 1829 1028 1862 in

285 1892 342 1916 suo
365 1882 482 1916 robore
505 1883 737 1927 permansuris,
763 1884 821 1916 hac
846 1883 912 1916 vice
935 1884 1027 1916 dum-

286 1940 370 1969 taxat
393 1936 569 1980 specialiter
594 1941 624 1970 et
648 1947 796 1981 expresse
820 1937 1026 1981 derogamus,

288 1989 462 2034 ceterisque
486 1990 652 2024 contrariis
676 1991 937 2035 quibuscumque.

333 2043 348 2087 ἓ
371 2042 400 2076 9.
418 2044 568 2077 Volumus
588 2049 703 2084 autem,
721 2044 806 2088 quod
826 2045 928 2078 officia
947 2045 1028 2077 clau-

288 2093 395 2132 stralia
418 2108 584 2143 suppressa
609 2104 639 2132 et
664 2099 797 2132 extincta
822 2099 882 2132 sint
907 2104 937 2132 et
960 2110 1027 2132 esse

289 2157 485 2193 censeantur,
505 2157 659 2196 quatenus
676 2152 707 2185 in
728 2152 805 2196 ipsis
829 2153 1027 2186 monasteriis

289 2206 471 2239 reformatio
496 2205 676 2239 huiusmodi
697 2216 769 2238 vere
791 2210 818 2238 et
839 2205 965 2239 realiter
985 2206 1028 2239 in-

289 2259 433 2294 troducta
456 2259 560 2300 fuerit,
584 2270 638 2293 seu
663 2259 890 2299 introducatur,
911 2265 942 2291 et
965 2270 1026 2293 non

288 2313 373 2354 alias,
394 2313 501 2357 sicque
526 2323 693 2357 suppressa
715 2316 743 2346 et
764 2311 898 2345 extincta
924 2323 1027 2345 rema-

1099 607 1156 633 Dat.
1179 607 1222 633 die
1239 607 1269 633 17
1291 606 1355 633 maii
1378 607 1455 642 1621,
1477 607 1571 642 pontif.
1595 615 1638 635 an.
1659 612 1677 634 1.

1411 758 1460 792 XI.

1061 839 1187 873 Erectio
1209 837 1344 882 hospitii
1361 842 1389 870 et
1407 837 1536 881 colleqii
1554 837 1751 882 Greqoriani
1770 839 1807 872 in

1110 892 1191 926 Urbe
1213 902 1273 935 pro
1300 890 1463 924 mziversis
1488 891 1654 924 monachis
1677 891 1735 925 sub
1758 902 1807 925 rc-

1105 944 1187 988 ριιῖάΓ
1223 945 1327 977 sancei
1359 944 1530 978 Benedicti
1562 944 1802 986 militantibus,

1105 999 1172 1031 und
1198 1008 1271 1031 cum
1293 998 1547 1042 privileqiorum
1571 998 1769 1032 concessione
1785 997 1804 1031 ¹.

1258 1077 1414 1112 Gregorius
1434 1077 1609 1113 Episcopus,

1248 1130 1353 1151 servus
1374 1130 1529 1151 servorum
1548 1123 1618 1157 Dei,

1182 1168 1218 1195 ad
1238 1171 1413 1202 perpetuam
1432 1168 1477 1196 rei
1497 1168 1678 1196 memoriam.

1107 1238 1277 1272 Salvatoris
1293 1238 1391 1272 nostri
1410 1239 1478 1271 lesu
1495 1239 1620 1280 Christi,
1634 1239 1687 1273 Dei
1706 1240 1806 1273 Patris

1064 1293 1231 1336 Unigeniti,
1244 1293 1309 1337 qui,
1324 1298 1357 1325 ut
1369 1303 1437 1333 nos,
1451 1293 1604 1337 religione
1619 1294 1711 1327 claris
1726 1295 1804 1327 ritae

1062 1346 1212 1391 probatae
1237 1347 1388 1391 exemplis
1413 1348 1637 1392 comprobata,
1663 1348 1805 1381 caelestis

1061 1401 1180 1445 patriae
1198 1402 1335 1435 cultores
1349 1401 1497 1443 efficeret,
1511 1401 1549 1435 de
1563 1401 1694 1435 summis
1707 1402 1806 1436 caelo-

1062 1466 1132 1488 rum
1146 1454 1202 1488 ad⁹
1215 1455 1308 1488 huius
1322 1455 1431 1488 mundi
1446 1456 1555 1488 infima
1568 1455 1760 1489 descendere
1775 1462 1805 1489 et

1062 1508 1092 1541 in
1112 1511 1166 1542 ara
1186 1509 1472 1542 venerandissimac
1493 1510 1596 1543 crucis
1616 1509 1648 1542 in
1667 1510 1805 1554 pretium

1060 1562 1219 1596 immolari
1238 1573 1301 1596 non
1323 1563 1441 1604 abnuit,
1459 1563 1542 1596 vices
1562 1563 1635 1597 licet.
1655 1563 1802 1597 immeriti

1060 1622 1206 1659 gerentes
1224 1617 1254 1650 in
1272 1617 1374 1657 teri-is,
1391 1617 1472 1650 inter
1492 1617 1684 1661 multiplices
1701 1628 1804 1657 curas,

1060 1682 1140 1715 quae
1164 1671 1255 1704 nobis
1279 1682 1316 1703 ex
1341 1671 1534 1715 apostolatus
1559 1671 1662 1705 officio
1687 1671 1805 1704 incum-

1062 1725 1134 1757 bere
1159 1724 1398 1767 dignoscuntur,
1424 1724 1508 1756 illam
1533 1735 1592 1768 per
1616 1735 1711 1768 quam
1735 1724 1805 1757 reli—

1060 1778 1111 1821 gio
1128 1779 1205 1822 ipsa,
1219 1778 1405 1822 praesertim
1422 1778 1521 1811 sancti
1538 1777 1707 1818 Benedicti,
1724 1788 1804 1822 quae

1061 1833 1154 1875 longa
1174 1836 1202 1865 et
1224 1832 1402 1865 continuata
1429 1832 1602 1864 multorum
1624 1831 1803 1865 seculorum

1061 1886 1141 1919 serie
1166 1886 1312 1927 effloruit,
1334 1885 1550 1929 multiplicatis
1576 1884 1659 1917 illius
1680 1885 1804 1918 cultori—

1061 1940 1130 1980 bus,
1140 1950 1275 1984 quorum
1290 1939 1423 1972 assiduis
1437 1938 1584 1983 precibus
1595 1944 1621 1971 et
1632 1938 1804 1972 fructuosis

1061 1993 1210 2037 operibus
1241 1994 1322 2026 Deus
1351 1993 1416 2037 ipse
1449 1992 1657 2036 propitiatur,
1686 1993 1803 2025 nostris

1061 2047 1257 2090 temporibus
1275 2046 1494 2090 amplificetur,
1506 2045 1638 2090 eiusque
1652 2045 1803 2089 religiosi,

1060 2100 1099 2133 ad
1123 2101 1236 2133 almam
1269 2100 1385 2133 Urbem
1416 2105 1557 2133 nostram
1586 2109 1645 2143 pro
1670 2099 1803 2142 negotiis

1061 2154 1265 2194 confluentes,
1283 2154 1321 2186 ab
1337 2153 1443 2197 inopia
1458 2157 1488 2186 et
1503 2152 1659 2185 indecenti
1673 2157 1802 2196 quaestu

1061 2212 1249 2240 revocentur
1277 2211 1429 2250 quantum
1454 2217 1526 2239 cuin
1550 2206 1615 2238 Deo
1635 2215 1804 2249 possumus

1061 2260 1194 2293 libenter
1222 2260 1460 2303 amplectimur,
1490 2263 1529 2299 et,
1556 2264 1587 2291 ut
1617 2258 1748 2291 feliciter
1773 2258 1802 2290 id

1061 2314 1207 2357 subsequi
1229 2314 1338 2351 valeat,
1359 2312 1499 2345 eiusdem
1520 2312 1614 2345 officii
1636 2316 1752 2355 partes,
1769 2316 1803 2343 ut

1822 283 1867 308 tn.
1891 284 1916 308 s..
1939 284 2000 311 1th

1848 1253 1987 1273 Prooemium.

286 2371 389 2407 neant,
410 2366 510 2400 donec
534 2371 564 2399 et
588 2376 751 2409 quousque
777 2365 958 2400 reformatio
983 2256 1191 2456 sicipiissimi
1218 2367 1354 2411 pastoris
1379 2372 1433 2406 est,
1454 2365 1667 2399 favorabiliter
1689 2365 1804 2409 imper-

286 2419 464 2454 introducta
487 2420 519 2452 in
544 2420 588 2453 eis
613 2419 782 2459 duraverit,
801 2425 829 2453 et
850 2430 911 2452 non
935 2421 1026 2460 ultra,
1062 2421 1170 2455 timur:
1196 2426 1288 2464 prout
1316 2420 1409 2452 etiam
1434 2419 1524 2452 uobis
1549 2423 1578 2452 ct
1602 2418 1801 2462 Apostolicae

287 2474 329 2507 ita
344 2474 427 2508 utin
444 2478 601 2515 eventum,
623 2473 654 2507 in
678 2484 770 2517 quem
797 2474 882 2506 illam
904 2484 1027 2507 cessare
1061 2474 1132 2507 Sedi
1153 2474 1337 2507 devotarum
1357 2482 1565 2517 personarum
1586 2472 1726 2506 eiusdem
1746 2483 1799 2506 re-

288 2528 335 2562 vcl
352 2527 489 2572 extingui
511 2528 774 2572 quandocumque
791 2528 969 2571 contigerit,
987 2530 1029 2561 os-
1061 2527 1187 2571 ligionis
1204 2527 1254 2571 pia
1272 2532 1341 2560 vota
1358 2526 1395 2559 ad
1413 2527 1471 2560 hoc
1489 2526 1628 2563 tendere,
1644 2531 1674 2559 et
1690 2526 1723 2559 in
1739 2527 1803 2560 Deo

287 2581 358 2615 ficia
384 2582 545 2626 praedicta
568 2582 599 2615 in
624 2581 791 2626 pristinum
819 2585 932 2615 statum
959 2582 1027 2626 ipso
1061 2581 1273 2625 conspicimus
1294 2579 1464 2613 salubriter
1488 2580 1645 2623 expedire.

289 2635 357 2670 iure
388 2641 603 2678 revertantur,
627 2636 670 2669 ita
694 2636 796 2680 quod,
822 2641 855 2669 ut
884 2636 972 2681 prius
996 2637 1026 2669 in

288 2689 414 2724 titulum
445 2690 599 2731 conferri,
624 2696 654 2724 et
679 2690 717 2723 de
746 2690 807 2724 illis
841 2691 1027 2725 eorumdem

442 2753 521 2784 Bull.
535 2753 619 2782 Rom.
638 2753 699 2783 Vol.
715 2753 781 2782 XII.
924 2753 960 2782 68

1097 2655 1107 2681 1
1128 2654 1165 2681 Ex
1178 2653 1286 2689 Regest.
1303 2653 1331 2679 in
1346 2652 1447 2680 Secret.
1464 2652 1545 2680 Brev.

1097 2700 1113 2727 2
1128 2699 1223 2735 Praep.
1241 2698 1278 2727 acl
1294 2706 1343 2727 nos
1358 2697 1483 2726 addimus
1497 2698 1534 2733 (a.
1550 2698 1598 2732 r.)‚
