<?xml version="1.0" encoding="UTF-8"?>
<!DOCTYPE html PUBLIC "-//W3C//DTD XHTML 1.0 Transitional//EN"
    "http://www.w3.org/TR/xhtml1/DTD/xhtml1-transitional.dtd">
<html xmlns="http://www.w3.org/1999/xhtml" xml:lang="en" lang="en">
 <head>
  <title>
</title>
<meta http-equiv="Content-Type" content="text/html;charset=utf-8" />
  <meta name='ocr-system' content='tesseract 3.04.00' />
  <meta name='ocr-capabilities' content='ocr_page ocr_carea ocr_par ocr_line ocrx_word'/>
</head>
<body>
  <div class='ocr_page' id='page_1' title='image "./bullarumdiplomat12cath_0278.png"; bbox 0 0 2293 3231; ppageno 0'>
   <div class='ocr_carea' id='block_1_1' title="bbox 319 288 505 316">
    <p class='ocr_par' dir='ltr' id='par_1_1' title="bbox 319 288 505 316">
     <span class='ocr_line' id='line_1_1' title="bbox 319 288 505 316; baseline 0.011 -2"><span class='ocrx_word' id='word_1_1' title='bbox 319 288 368 315; x_wconf 78' lang='lat' dir='ltr'>An.</span> <span class='ocrx_word' id='word_1_2' title='bbox 386 288 414 314; x_wconf 77' lang='lat' dir='ltr'>C.</span> <span class='ocrx_word' id='word_1_3' title='bbox 440 288 505 316; x_wconf 75' lang='lat'><strong>16¹3</strong></span> 
     </span>
    </p>
   </div>
   <div class='ocr_carea' id='block_1_2' title="bbox 321 1467 506 1541">
    <p class='ocr_par' dir='ltr' id='par_1_2' title="bbox 321 1467 506 1541">
     <span class='ocr_line' id='line_1_2' title="bbox 331 1467 506 1488; baseline -0.006 0"><span class='ocrx_word' id='word_1_4' title='bbox 331 1467 449 1488; x_wconf 55' lang='lat' dir='ltr'>concordia</span> <span class='ocrx_word' id='word_1_5' title='bbox 457 1472 506 1487; x_wconf 80' lang='lat' dir='ltr'>con·</span> 
     </span>
     <span class='ocr_line' id='line_1_3' title="bbox 321 1494 506 1514; baseline 0 0"><span class='ocrx_word' id='word_1_6' title='bbox 321 1494 415 1514; x_wconf 65' lang='lat' dir='ltr'>[luuntur</span> <span class='ocrx_word' id='word_1_7' title='bbox 425 1500 437 1514; x_wconf 77' lang='lat' dir='ltr'>a</span> <span class='ocrx_word' id='word_1_8' title='bbox 453 1494 506 1514; x_wconf 80' lang='lat' dir='ltr'>l&#39;ou·</span> 
     </span>
     <span class='ocr_line' id='line_1_4' title="bbox 321 1520 385 1541; baseline 0 0"><span class='ocrx_word' id='word_1_9' title='bbox 321 1520 385 1541; x_wconf 76' lang='lat' dir='ltr'>unce.</span> 
     </span>
    </p>
   </div>
   <div class='ocr_carea' id='block_1_3' title="bbox 349 2428 467 2449">
    <p class='ocr_par' dir='ltr' id='par_1_3' title="bbox 349 2428 467 2449">
     <span class='ocr_line' id='line_1_5' title="bbox 349 2428 467 2449; baseline 0 0"><span class='ocrx_word' id='word_1_10' title='bbox 349 2428 467 2449; x_wconf 70' lang='lat' dir='ltr'>clausulae.</span> 
     </span>
    </p>
   </div>
   <div class='ocr_carea' id='block_1_4' title="bbox 519 279 1268 434">
    <p class='ocr_par' dir='ltr' id='par_1_4' title="bbox 519 279 1268 434">
     <span class='ocr_line' id='line_1_6' title="bbox 551 279 615 313; baseline 0 0"><span class='ocrx_word' id='word_1_11' title='bbox 551 279 615 313; x_wconf 71' lang='lat'>-240</span> 
     </span>
     <span class='ocr_line' id='line_1_7' title="bbox 519 337 1268 382; baseline 0.001 -13"><span class='ocrx_word' id='word_1_12' title='bbox 519 337 725 370; x_wconf 86' lang='lat' dir='ltr'>instrumenta</span> <span class='ocrx_word' id='word_1_13' title='bbox 741 343 767 369; x_wconf 80' lang='lat' dir='ltr'>et</span> <span class='ocrx_word' id='word_1_14' title='bbox 784 337 970 369; x_wconf 68' lang='lat' dir='ltr'>documenta</span> <span class='ocrx_word' id='word_1_15' title='bbox 987 347 1206 381; x_wconf 82' lang='lat' dir='ltr'>quaecumque</span> <span class='ocrx_word' id='word_1_16' title='bbox 1216 348 1268 382; x_wconf 86' lang='lat' dir='ltr'>op-</span> 
     </span>
     <span class='ocr_line' id='line_1_8' title="bbox 519 390 1268 434; baseline 0.001 -11"><span class='ocrx_word' id='word_1_17' title='bbox 519 396 653 434; x_wconf 86' lang='lat' dir='ltr'>portuna</span> <span class='ocrx_word' id='word_1_18' title='bbox 668 397 694 421; x_wconf 68' lang='lat' dir='ltr'>et</span> <span class='ocrx_word' id='word_1_19' title='bbox 711 390 885 422; x_wconf 82' lang='lat' dir='ltr'>necessaria</span> <span class='ocrx_word' id='word_1_20' title='bbox 899 402 970 423; x_wconf 82' lang='lat' dir='ltr'>cum</span> <span class='ocrx_word' id='word_1_21' title='bbox 985 390 1154 424; x_wconf 73' lang='lat' dir='ltr'>insertione</span> <span class='ocrx_word' id='word_1_22' title='bbox 1172 390 1268 424; x_wconf 75' lang='lat' dir='ltr'>‹licto-</span> 
     </span>
    </p>
   </div>
   <div class='ocr_carea' id='block_1_5' title="bbox 519 496 1266 701">
    <p class='ocr_par' dir='ltr' id='par_1_5' title="bbox 519 496 1266 701">
     <span class='ocr_line' id='line_1_9' title="bbox 520 496 1266 541; baseline 0.001 -13"><span class='ocrx_word' id='word_1_23' title='bbox 520 496 668 536; x_wconf 75' lang='lat' dir='ltr'>saciendi,</span> <span class='ocrx_word' id='word_1_24' title='bbox 688 497 811 539; x_wconf 75' lang='lat' dir='ltr'>poenali</span> <span class='ocrx_word' id='word_1_25' title='bbox 838 497 1048 541; x_wconf 71' lang='lat' dir='ltr'>stipulatione,</span> <span class='ocrx_word' id='word_1_26' title='bbox 1073 497 1266 541; x_wconf 71' lang='lat' dir='ltr'>obligatione</span> 
     </span>
     <span class='ocr_line' id='line_1_10' title="bbox 520 550 1263 585; baseline 0.005 -5"><span class='ocrx_word' id='word_1_27' title='bbox 520 550 679 582; x_wconf 88' lang='lat' dir='ltr'>bonorum</span> <span class='ocrx_word' id='word_1_28' title='bbox 710 560 854 582; x_wconf 72' lang='lat' dir='ltr'>camerae</span> <span class='ocrx_word' id='word_1_29' title='bbox 887 556 915 582; x_wconf 87' lang='lat' dir='ltr'>et</span> <span class='ocrx_word' id='word_1_30' title='bbox 949 551 1127 584; x_wconf 86' lang='lat' dir='ltr'>cominunis</span> <span class='ocrx_word' id='word_1_31' title='bbox 1159 551 1263 585; x_wconf 84' lang='lat' dir='ltr'>Bono-</span> 
     </span>
     <span class='ocr_line' id='line_1_11' title="bbox 519 602 1265 643; baseline 0.004 -9"><span class='ocrx_word' id='word_1_32' title='bbox 519 602 654 642; x_wconf 88' lang='lat' dir='ltr'>niensis,</span> <span class='ocrx_word' id='word_1_33' title='bbox 681 603 878 643; x_wconf 86' lang='lat' dir='ltr'>iuramento,</span> <span class='ocrx_word' id='word_1_34' title='bbox 904 609 931 635; x_wconf 84' lang='lat' dir='ltr'>et</span> <span class='ocrx_word' id='word_1_35' title='bbox 966 604 1034 636; x_wconf 89' lang='lat' dir='ltr'>aliis</span> <span class='ocrx_word' id='word_1_36' title='bbox 1066 605 1213 637; x_wconf 85' lang='lat' dir='ltr'>clausulis</span> <span class='ocrx_word' id='word_1_37' title='bbox 1238 611 1265 637; x_wconf 91' lang='lat' dir='ltr'>et</span> 
     </span>
     <span class='ocr_line' id='line_1_12' title="bbox 520 655 1266 701; baseline 0.004 -14"><span class='ocrx_word' id='word_1_38' title='bbox 520 655 648 687; x_wconf 72' lang='lat' dir='ltr'>cautelis</span> <span class='ocrx_word' id='word_1_39' title='bbox 673 655 796 695; x_wconf 76' lang='lat' dir='ltr'>vallata,</span> <span class='ocrx_word' id='word_1_40' title='bbox 813 667 893 700; x_wconf 88' lang='lat' dir='ltr'>quae</span> <span class='ocrx_word' id='word_1_41' title='bbox 922 656 966 689; x_wconf 78' lang='lat' dir='ltr'>cis</span> <span class='ocrx_word' id='word_1_42' title='bbox 983 657 1030 689; x_wconf 76' lang='lat' dir='ltr'>vel</span> <span class='ocrx_word' id='word_1_43' title='bbox 1053 657 1164 690; x_wconf 90' lang='lat' dir='ltr'>maiori</span> <span class='ocrx_word' id='word_1_44' title='bbox 1186 657 1266 701; x_wconf 87' lang='lat' dir='ltr'>parti</span> 
     </span>
    </p>
   </div>
   <div class='ocr_carea' id='block_1_6' title="bbox 520 708 1285 755">
    <p class='ocr_par' dir='ltr' id='par_1_6' title="bbox 520 708 1285 755">
     <span class='ocr_line' id='line_1_13' title="bbox 520 708 1285 755; baseline 0.005 -15"><span class='ocrx_word' id='word_1_45' title='bbox 520 708 647 741; x_wconf 92' lang='lat' dir='ltr'>illorum</span> <span class='ocrx_word' id='word_1_46' title='bbox 678 708 837 742; x_wconf 76' lang='lat' dir='ltr'>videbitur</span> <span class='ocrx_word' id='word_1_47' title='bbox 863 710 1022 754; x_wconf 74' lang='lat' dir='ltr'>expedire,</span> <span class='ocrx_word' id='word_1_48' title='bbox 1051 710 1184 753; x_wconf 75' lang='lat' dir='ltr'>rogandi</span> <span class='ocrx_word' id='word_1_49' title='bbox 1211 720 1285 755; x_wconf 75' lang='lat' dir='ltr'>pcr&#39;</span> 
     </span>
    </p>
   </div>
   <div class='ocr_carea' id='block_1_7' title="bbox 519 761 1267 1178">
    <p class='ocr_par' dir='ltr' id='par_1_7' title="bbox 519 761 1267 1178">
     <span class='ocr_line' id='line_1_14' title="bbox 519 761 1266 808; baseline 0.005 -15"><span class='ocrx_word' id='word_1_50' title='bbox 519 761 680 805; x_wconf 87' lang='lat' dir='ltr'>publicum</span> <span class='ocrx_word' id='word_1_51' title='bbox 713 762 871 795; x_wconf 81' lang='lat' dir='ltr'>notarium</span> <span class='ocrx_word' id='word_1_52' title='bbox 904 773 1024 801; x_wconf 78' lang='lat' dir='ltr'>unum,</span> <span class='ocrx_word' id='word_1_53' title='bbox 1058 764 1104 796; x_wconf 71' lang='lat' dir='ltr'>vel</span> <span class='ocrx_word' id='word_1_54' title='bbox 1137 764 1266 808; x_wconf 82' lang='lat' dir='ltr'>plureS‚</span> 
     </span>
     <span class='ocr_line' id='line_1_15' title="bbox 520 815 1267 861; baseline 0.004 -15"><span class='ocrx_word' id='word_1_55' title='bbox 520 819 686 858; x_wconf 82' lang='lat' dir='ltr'>ceteraque</span> <span class='ocrx_word' id='word_1_56' title='bbox 726 815 857 848; x_wconf 78' lang='lat' dir='ltr'>faciendi</span> <span class='ocrx_word' id='word_1_57' title='bbox 891 816 1069 849; x_wconf 85' lang='lat' dir='ltr'>necessaria</span> <span class='ocrx_word' id='word_1_58' title='bbox 1097 821 1127 849; x_wconf 81' lang='lat' dir='ltr'>et</span> <span class='ocrx_word' id='word_1_59' title='bbox 1151 826 1267 861; x_wconf 91' lang='lat' dir='ltr'>oppor-</span> 
     </span>
     <span class='ocr_line' id='line_1_16' title="bbox 520 868 1267 913; baseline 0.004 -14"><span class='ocrx_word' id='word_1_60' title='bbox 520 872 620 899; x_wconf 86' lang='lat' dir='ltr'>tuna:</span> <span class='ocrx_word' id='word_1_61' title='bbox 655 868 843 905; x_wconf 76' lang='lat' dir='ltr'>contrariis,</span> <span class='ocrx_word' id='word_1_62' title='bbox 877 873 951 905; x_wconf 85' lang='lat' dir='ltr'>etc.;</span> <span class='ocrx_word' id='word_1_63' title='bbox 984 869 1204 913; x_wconf 77' lang='lat' dir='ltr'>promittentes</span> <span class='ocrx_word' id='word_1_64' title='bbox 1235 880 1267 902; x_wconf 88' lang='lat' dir='ltr'>se</span> 
     </span>
     <span class='ocr_line' id='line_1_17' title="bbox 521 922 1267 963; baseline 0.004 -11"><span class='ocrx_word' id='word_1_65' title='bbox 521 925 624 952; x_wconf 88' lang='lat' dir='ltr'>ratum</span> <span class='ocrx_word' id='word_1_66' title='bbox 653 926 683 953; x_wconf 87' lang='lat' dir='ltr'>et</span> <span class='ocrx_word' id='word_1_67' title='bbox 719 927 844 963; x_wconf 75' lang='lat' dir='ltr'>gratum</span> <span class='ocrx_word' id='word_1_68' title='bbox 877 932 913 954; x_wconf 83' lang='lat' dir='ltr'>ac</span> <span class='ocrx_word' id='word_1_69' title='bbox 943 923 1072 955; x_wconf 83' lang='lat' dir='ltr'>tirmum</span> <span class='ocrx_word' id='word_1_70' title='bbox 1103 922 1267 955; x_wconf 84' lang='lat' dir='ltr'>habituros</span> 
     </span>
     <span class='ocr_line' id='line_1_18' title="bbox 521 972 1267 1019; baseline 0.005 -15"><span class='ocrx_word' id='word_1_71' title='bbox 521 972 673 1016; x_wconf 86' lang='lat' dir='ltr'>quidquid</span> <span class='ocrx_word' id='word_1_72' title='bbox 687 974 855 1016; x_wconf 79' lang='lat' dir='ltr'>superinde</span> <span class='ocrx_word' id='word_1_73' title='bbox 869 975 883 1007; x_wconf 81' lang='lat' dir='ltr'>s</span> <span class='ocrx_word' id='word_1_74' title='bbox 883 974 960 1008; x_wconf 91' lang='lat' dir='ltr'>uerit</span> <span class='ocrx_word' id='word_1_75' title='bbox 976 976 1091 1007; x_wconf 86' lang='lat' dir='ltr'>sactum</span> <span class='ocrx_word' id='word_1_76' title='bbox 1101 975 1267 1019; x_wconf 87' lang='lat' dir='ltr'>perdictos</span> 
     </span>
     <span class='ocr_line' id='line_1_19' title="bbox 522 1026 1266 1070; baseline 0.005 -12"><span class='ocrx_word' id='word_1_77' title='bbox 522 1026 751 1060; x_wconf 80' lang='lat' dir='ltr'>illustrissimos</span> <span class='ocrx_word' id='word_1_78' title='bbox 779 1028 916 1070; x_wconf 78' lang='lat' dir='ltr'>legatum</span> <span class='ocrx_word' id='word_1_79' title='bbox 941 1039 975 1061; x_wconf 88' lang='lat' dir='ltr'>ac</span> <span class='ocrx_word' id='word_1_80' title='bbox 1000 1028 1145 1062; x_wconf 86' lang='lat' dir='ltr'>dominos</span> <span class='ocrx_word' id='word_1_81' title='bbox 1171 1029 1266 1062; x_wconf 79' lang='lat' dir='ltr'>vexil-</span> 
     </span>
     <span class='ocr_line' id='line_1_20' title="bbox 521 1079 1266 1126; baseline 0.005 -14"><span class='ocrx_word' id='word_1_82' title='bbox 521 1079 646 1113; x_wconf 80' lang='lat' dir='ltr'>liferum</span> <span class='ocrx_word' id='word_1_83' title='bbox 663 1084 691 1114; x_wconf 91' lang='lat' dir='ltr'>et</span> <span class='ocrx_word' id='word_1_84' title='bbox 705 1087 893 1125; x_wconf 89' lang='lat' dir='ltr'>assumptos,</span> <span class='ocrx_word' id='word_1_85' title='bbox 909 1083 956 1115; x_wconf 62' lang='lat' dir='ltr'>vel</span> <span class='ocrx_word' id='word_1_86' title='bbox 974 1082 1126 1116; x_wconf 83' lang='lat' dir='ltr'>maiorem</span> <span class='ocrx_word' id='word_1_87' title='bbox 1144 1088 1266 1126; x_wconf 88' lang='lat' dir='ltr'>partein</span> 
     </span>
     <span class='ocr_line' id='line_1_21' title="bbox 522 1139 819 1178; baseline 0 -11"><span class='ocrx_word' id='word_1_88' title='bbox 522 1144 644 1175; x_wconf 85' lang='lat' dir='ltr'>eorum,</span> <span class='ocrx_word' id='word_1_89' title='bbox 661 1139 695 1167; x_wconf 84' lang='lat' dir='ltr'>ut</span> <span class='ocrx_word' id='word_1_90' title='bbox 715 1145 819 1178; x_wconf 89' lang='lat' dir='ltr'>supra.</span> 
     </span>
    </p>
   </div>
   <div class='ocr_carea' id='block_1_8' title="bbox 521 1206 1267 1433">
    <p class='ocr_par' dir='ltr' id='par_1_8' title="bbox 521 1206 1267 1306">
     <span class='ocr_line' id='line_1_22' title="bbox 565 1206 1267 1242; baseline 0.003 -3"><span class='ocrx_word' id='word_1_91' title='bbox 565 1206 748 1240; x_wconf 89' lang='lat' dir='ltr'>Dominicus</span> <span class='ocrx_word' id='word_1_92' title='bbox 772 1207 964 1240; x_wconf 85' lang='lat' dir='ltr'>Castellanus</span> <span class='ocrx_word' id='word_1_93' title='bbox 992 1208 1196 1242; x_wconf 77' lang='lat' dir='ltr'>illustrissimi</span> <span class='ocrx_word' id='word_1_94' title='bbox 1223 1219 1267 1242; x_wconf 88' lang='lat' dir='ltr'>se-</span> 
     </span>
     <span class='ocr_line' id='line_1_23' title="bbox 521 1261 1124 1306; baseline 0.005 -12"><span class='ocrx_word' id='word_1_95' title='bbox 521 1266 612 1294; x_wconf 86' lang='lat' dir='ltr'>natus</span> <span class='ocrx_word' id='word_1_96' title='bbox 635 1261 842 1295; x_wconf 83' lang='lat' dir='ltr'>Bononiensis</span> <span class='ocrx_word' id='word_1_97' title='bbox 865 1264 1124 1306; x_wconf 85' lang='lat' dir='ltr'>prosecretarius.</span> 
     </span>
    </p>

    <p class='ocr_par' dir='ltr' id='par_1_9' title="bbox 567 1324 796 1367">
     <span class='ocr_line' id='line_1_24' title="bbox 567 1324 796 1367; baseline -0.004 -10"><span class='ocrx_word' id='word_1_98' title='bbox 567 1324 650 1357; x_wconf 86' lang='lat' dir='ltr'>Loco</span> <span class='ocrx_word' id='word_1_99' title='bbox 665 1327 688 1365; x_wconf 84' lang='lat'>†</span> <span class='ocrx_word' id='word_1_100' title='bbox 706 1324 796 1367; x_wconf 81' lang='lat' dir='ltr'>signi.</span> 
     </span>
    </p>

    <p class='ocr_par' dir='ltr' id='par_1_10' title="bbox 567 1386 1246 1433">
     <span class='ocr_line' id='line_1_25' title="bbox 567 1386 1246 1433; baseline 0.006 -14"><span class='ocrx_word' id='word_1_101' title='bbox 567 1386 716 1430; x_wconf 81' lang='lat' dir='ltr'>Sequitur</span> <span class='ocrx_word' id='word_1_102' title='bbox 740 1392 831 1420; x_wconf 88' lang='lat' dir='ltr'>tenor</span> <span class='ocrx_word' id='word_1_103' title='bbox 856 1388 1057 1422; x_wconf 79' lang='lat' dir='ltr'>instrumenti</span> <span class='ocrx_word' id='word_1_104' title='bbox 1083 1400 1246 1433; x_wconf 86' lang='lat' dir='ltr'>procurae.</span> 
     </span>
    </p>
   </div>
   <div class='ocr_carea' id='block_1_9' title="bbox 520 1457 1282 2308">
    <p class='ocr_par' dir='ltr' id='par_1_11' title="bbox 520 1457 1282 2308">
     <span class='ocr_line' id='line_1_26' title="bbox 567 1457 1264 1504; baseline 0.007 -14"><span class='ocrx_word' id='word_1_105' title='bbox 567 1458 582 1502; x_wconf 60' lang='grc' dir='ltr'><strong>ξ</strong></span> <span class='ocrx_word' id='word_1_106' title='bbox 605 1457 634 1491; x_wconf 81' lang='grc'>3.</span> <span class='ocrx_word' id='word_1_107' title='bbox 661 1459 733 1499; x_wconf 80' lang='lat' dir='ltr'>Nos,</span> <span class='ocrx_word' id='word_1_108' title='bbox 751 1468 878 1492; x_wconf 84' lang='lat' dir='ltr'>ornnem</span> <span class='ocrx_word' id='word_1_109' title='bbox 899 1470 994 1503; x_wconf 88' lang='lat' dir='ltr'>super</span> <span class='ocrx_word' id='word_1_110' title='bbox 1015 1461 1197 1504; x_wconf 80' lang='lat' dir='ltr'>praemissis</span> <span class='ocrx_word' id='word_1_111' title='bbox 1216 1473 1264 1495; x_wconf 90' lang='lat' dir='ltr'>re-</span> 
     </span>
     <span class='ocr_line' id='line_1_27' title="bbox 522 1511 1266 1556; baseline 0.008 -13"><span class='ocrx_word' id='word_1_112' title='bbox 522 1511 641 1544; x_wconf 83' lang='lat' dir='ltr'>cidivae</span> <span class='ocrx_word' id='word_1_113' title='bbox 673 1512 883 1545; x_wconf 86' lang='lat' dir='ltr'>contentionis</span> <span class='ocrx_word' id='word_1_114' title='bbox 903 1523 939 1546; x_wconf 88' lang='lat' dir='ltr'>ac</span> <span class='ocrx_word' id='word_1_115' title='bbox 963 1513 1104 1556; x_wconf 76' lang='lat' dir='ltr'>litigandi</span> <span class='ocrx_word' id='word_1_116' title='bbox 1129 1515 1266 1549; x_wconf 88' lang='lat' dir='ltr'>occasio—</span> 
     </span>
     <span class='ocr_line' id='line_1_28' title="bbox 521 1565 1282 1610; baseline 0.007 -12"><span class='ocrx_word' id='word_1_117' title='bbox 521 1575 594 1598; x_wconf 91' lang='lat' dir='ltr'>nem</span> <span class='ocrx_word' id='word_1_118' title='bbox 618 1565 700 1598; x_wconf 90' lang='lat' dir='ltr'>inter</span> <span class='ocrx_word' id='word_1_119' title='bbox 725 1565 886 1606; x_wconf 72' lang='lat' dir='ltr'>civitates,</span> <span class='ocrx_word' id='word_1_120' title='bbox 912 1566 1026 1607; x_wconf 83' lang='lat' dir='ltr'>Status,</span> <span class='ocrx_word' id='word_1_121' title='bbox 1054 1577 1176 1602; x_wconf 86' lang='lat' dir='ltr'>necnon</span> <span class='ocrx_word' id='word_1_122' title='bbox 1200 1570 1282 1610; x_wconf 72' lang='lat' dir='ltr'>uni-&#39;</span> 
     </span>
     <span class='ocr_line' id='line_1_29' title="bbox 521 1619 1263 1664; baseline 0.007 -13"><span class='ocrx_word' id='word_1_123' title='bbox 521 1619 684 1652; x_wconf 78' lang='lat' dir='ltr'>versitates</span> <span class='ocrx_word' id='word_1_124' title='bbox 709 1625 736 1652; x_wconf 92' lang='lat' dir='ltr'>et</span> <span class='ocrx_word' id='word_1_125' title='bbox 763 1619 908 1653; x_wconf 82' lang='lat' dir='ltr'>homines</span> <span class='ocrx_word' id='word_1_126' title='bbox 939 1621 1116 1664; x_wconf 87' lang='lat' dir='ltr'>praedictos</span> <span class='ocrx_word' id='word_1_127' title='bbox 1140 1623 1263 1657; x_wconf 84' lang='lat' dir='ltr'>auferre</span> 
     </span>
     <span class='ocr_line' id='line_1_30' title="bbox 521 1673 1265 1717; baseline 0.005 -12"><span class='ocrx_word' id='word_1_128' title='bbox 521 1673 676 1713; x_wconf 77' lang='lat' dir='ltr'>volentes,</span> <span class='ocrx_word' id='word_1_129' title='bbox 695 1678 782 1706; x_wconf 89' lang='lat' dir='ltr'>motu</span> <span class='ocrx_word' id='word_1_130' title='bbox 799 1673 941 1717; x_wconf 89' lang='lat' dir='ltr'>proprio,</span> <span class='ocrx_word' id='word_1_131' title='bbox 958 1679 986 1706; x_wconf 84' lang='lat' dir='ltr'>et</span> <span class='ocrx_word' id='word_1_132' title='bbox 1005 1685 1041 1707; x_wconf 78' lang='lat' dir='ltr'>ex</span> <span class='ocrx_word' id='word_1_133' title='bbox 1068 1678 1152 1708; x_wconf 79' lang='lat' dir='ltr'>certa</span> <span class='ocrx_word' id='word_1_134' title='bbox 1168 1676 1265 1709; x_wconf 85' lang='lat' dir='ltr'>scien-</span> 
     </span>
     <span class='ocr_line' id='line_1_31' title="bbox 520 1726 1263 1772; baseline 0.007 -14"><span class='ocrx_word' id='word_1_135' title='bbox 520 1726 573 1766; x_wconf 81' lang='lat' dir='ltr'>tia,</span> <span class='ocrx_word' id='word_1_136' title='bbox 583 1737 619 1759; x_wconf 89' lang='lat' dir='ltr'>ac</span> <span class='ocrx_word' id='word_1_137' title='bbox 632 1726 669 1759; x_wconf 90' lang='lat' dir='ltr'>de</span> <span class='ocrx_word' id='word_1_138' title='bbox 683 1726 872 1770; x_wconf 87' lang='lat' dir='ltr'>apostolicae</span> <span class='ocrx_word' id='word_1_139' title='bbox 885 1728 1047 1771; x_wconf 87' lang='lat' dir='ltr'>potestatis</span> <span class='ocrx_word' id='word_1_140' title='bbox 1060 1729 1263 1772; x_wconf 85' lang='lat' dir='ltr'>plenitudine,</span> 
     </span>
     <span class='ocr_line' id='line_1_32' title="bbox 521 1780 1263 1824; baseline 0.004 -10"><span class='ocrx_word' id='word_1_141' title='bbox 521 1780 725 1814; x_wconf 84' lang='lat' dir='ltr'>concordiam</span> <span class='ocrx_word' id='word_1_142' title='bbox 750 1781 955 1824; x_wconf 79' lang='lat' dir='ltr'>praedictam,</span> <span class='ocrx_word' id='word_1_143' title='bbox 982 1792 1017 1814; x_wconf 82' lang='lat' dir='ltr'>ac</span> <span class='ocrx_word' id='word_1_144' title='bbox 1043 1782 1148 1816; x_wconf 86' lang='lat' dir='ltr'>omnia</span> <span class='ocrx_word' id='word_1_145' title='bbox 1172 1784 1203 1816; x_wconf 87' lang='lat' dir='ltr'>in</span> <span class='ocrx_word' id='word_1_146' title='bbox 1228 1795 1263 1817; x_wconf 90' lang='lat' dir='ltr'>ea</span> 
     </span>
     <span class='ocr_line' id='line_1_33' title="bbox 521 1834 1262 1881; baseline 0.004 -14"><span class='ocrx_word' id='word_1_147' title='bbox 521 1838 667 1868; x_wconf 89' lang='lat' dir='ltr'>contenta</span> <span class='ocrx_word' id='word_1_148' title='bbox 697 1839 727 1866; x_wconf 89' lang='lat' dir='ltr'>et</span> <span class='ocrx_word' id='word_1_149' title='bbox 755 1834 827 1866; x_wconf 91' lang='lat' dir='ltr'>inde</span> <span class='ocrx_word' id='word_1_150' title='bbox 859 1838 991 1878; x_wconf 84' lang='lat' dir='ltr'>sequuta</span> <span class='ocrx_word' id='word_1_151' title='bbox 1026 1846 1262 1881; x_wconf 85' lang='lat' dir='ltr'>quaecumque,</span> 
     </span>
     <span class='ocr_line' id='line_1_34' title="bbox 521 1887 1262 1932; baseline 0.004 -12"><span class='ocrx_word' id='word_1_152' title='bbox 521 1887 707 1921; x_wconf 87' lang='lat' dir='ltr'>auctoritate</span> <span class='ocrx_word' id='word_1_153' title='bbox 721 1887 904 1931; x_wconf 80' lang='lat' dir='ltr'>apostoliea,</span> <span class='ocrx_word' id='word_1_154' title='bbox 914 1892 1023 1921; x_wconf 86' lang='lat' dir='ltr'>tenore</span> <span class='ocrx_word' id='word_1_155' title='bbox 1037 1890 1262 1932; x_wconf 88' lang='lat' dir='ltr'>praesentium,</span> 
     </span>
     <span class='ocr_line' id='line_1_35' title="bbox 520 1941 1262 1987; baseline 0.004 -13"><span class='ocrx_word' id='word_1_156' title='bbox 520 1946 675 1985; x_wconf 86' lang='lat' dir='ltr'>perpetuo</span> <span class='ocrx_word' id='word_1_157' title='bbox 705 1941 932 1975; x_wconf 85' lang='lat' dir='ltr'>confirmamus</span> <span class='ocrx_word' id='word_1_158' title='bbox 963 1948 993 1975; x_wconf 92' lang='lat' dir='ltr'>et</span> <span class='ocrx_word' id='word_1_159' title='bbox 1027 1943 1262 1987; x_wconf 84' lang='lat' dir='ltr'>approbamus,</span> 
     </span>
     <span class='ocr_line' id='line_1_36' title="bbox 521 1994 1264 2040; baseline 0.004 -13"><span class='ocrx_word' id='word_1_160' title='bbox 521 1994 645 2038; x_wconf 90' lang='lat' dir='ltr'>illisque</span> <span class='ocrx_word' id='word_1_161' title='bbox 674 1999 845 2039; x_wconf 80' lang='lat' dir='ltr'>perpetuae</span> <span class='ocrx_word' id='word_1_162' title='bbox 870 2000 900 2027; x_wconf 86' lang='lat' dir='ltr'>et</span> <span class='ocrx_word' id='word_1_163' title='bbox 925 1995 1112 2029; x_wconf 80' lang='lat' dir='ltr'>inviolabilis</span> <span class='ocrx_word' id='word_1_164' title='bbox 1143 2003 1264 2040; x_wconf 82' lang='lat' dir='ltr'>aposto-</span> 
     </span>
     <span class='ocr_line' id='line_1_37' title="bbox 522 2047 1281 2090; baseline 0.005 -10"><span class='ocrx_word' id='word_1_165' title='bbox 522 2048 599 2081; x_wconf 87' lang='lat' dir='ltr'>licae</span> <span class='ocrx_word' id='word_1_166' title='bbox 616 2047 775 2080; x_wconf 85' lang='lat' dir='ltr'>firmitatis</span> <span class='ocrx_word' id='word_1_167' title='bbox 793 2048 892 2080; x_wconf 89' lang='lat' dir='ltr'>robur</span> <span class='ocrx_word' id='word_1_168' title='bbox 906 2048 1081 2089; x_wconf 82' lang='lat' dir='ltr'>adiicimus,</span> <span class='ocrx_word' id='word_1_169' title='bbox 1099 2060 1133 2083; x_wconf 88' lang='lat' dir='ltr'>ac</span> <span class='ocrx_word' id='word_1_170' title='bbox 1154 2060 1263 2084; x_wconf 90' lang='lat' dir='ltr'>omnes</span> <span class='ocrx_word' id='word_1_171' title='bbox 1280 2084 1281 2090; x_wconf 62' lang='grc'>,</span> 
     </span>
     <span class='ocr_line' id='line_1_38' title="bbox 521 2101 1281 2146; baseline 0.004 -12"><span class='ocrx_word' id='word_1_172' title='bbox 521 2106 551 2134; x_wconf 88' lang='lat' dir='ltr'>et</span> <span class='ocrx_word' id='word_1_173' title='bbox 576 2101 717 2144; x_wconf 80' lang='lat' dir='ltr'>singulos</span> <span class='ocrx_word' id='word_1_174' title='bbox 753 2106 814 2134; x_wconf 86' lang='lat' dir='ltr'>tam</span> <span class='ocrx_word' id='word_1_175' title='bbox 841 2101 918 2134; x_wconf 86' lang='lat' dir='ltr'>iuris</span> <span class='ocrx_word' id='word_1_176' title='bbox 943 2113 1037 2146; x_wconf 83' lang='lat' dir='ltr'>quam</span> <span class='ocrx_word' id='word_1_177' title='bbox 1063 2103 1133 2136; x_wconf 81' lang='lat' dir='ltr'>sacti</span> <span class='ocrx_word' id='word_1_178' title='bbox 1159 2109 1188 2136; x_wconf 89' lang='lat' dir='ltr'>et</span> <span class='ocrx_word' id='word_1_179' title='bbox 1217 2115 1281 2142; x_wconf 48' lang='grc' dir='ltr'>εο-Ἰ</span> 
     </span>
     <span class='ocr_line' id='line_1_39' title="bbox 521 2155 1281 2200; baseline 0.005 -13"><span class='ocrx_word' id='word_1_180' title='bbox 521 2155 718 2188; x_wconf 83' lang='lat' dir='ltr'>lemnitatum</span> <span class='ocrx_word' id='word_1_181' title='bbox 747 2155 822 2188; x_wconf 79' lang='lat' dir='ltr'>alias</span> <span class='ocrx_word' id='word_1_182' title='bbox 847 2156 952 2188; x_wconf 79' lang='lat' dir='ltr'>forsan</span> <span class='ocrx_word' id='word_1_183' title='bbox 984 2156 1209 2200; x_wconf 83' lang='lat' dir='ltr'>requisitarum</span> <span class='ocrx_word' id='word_1_184' title='bbox 1234 2158 1281 2191; x_wconf 48' lang='grc' dir='ltr'>οι(</span> 
     </span>
     <span class='ocr_line' id='line_1_40' title="bbox 522 2208 1264 2255; baseline 0.004 -14"><span class='ocrx_word' id='word_1_185' title='bbox 522 2208 770 2241; x_wconf 83' lang='lat' dir='ltr'>necessariarum</span> <span class='ocrx_word' id='word_1_186' title='bbox 785 2219 820 2241; x_wconf 85' lang='lat' dir='ltr'>ac</span> <span class='ocrx_word' id='word_1_187' title='bbox 833 2209 961 2254; x_wconf 77' lang='lat' dir='ltr'>quosvis</span> <span class='ocrx_word' id='word_1_188' title='bbox 970 2209 1057 2250; x_wconf 85' lang='lat' dir='ltr'>alios,</span> <span class='ocrx_word' id='word_1_189' title='bbox 1067 2210 1160 2244; x_wconf 88' lang='lat' dir='ltr'>etiam</span> <span class='ocrx_word' id='word_1_190' title='bbox 1170 2222 1264 2255; x_wconf 86' lang='lat' dir='ltr'>quan-</span> 
     </span>
     <span class='ocr_line' id='line_1_41' title="bbox 522 2261 1281 2308; baseline 0.004 -14"><span class='ocrx_word' id='word_1_191' title='bbox 522 2262 637 2295; x_wconf 76' lang='lat' dir='ltr'>tumvis</span> <span class='ocrx_word' id='word_1_192' title='bbox 662 2261 894 2302; x_wconf 80' lang='lat' dir='ltr'>substantiales,</span> <span class='ocrx_word' id='word_1_193' title='bbox 919 2262 1078 2303; x_wconf 84' lang='lat' dir='ltr'>desectus,</span> <span class='ocrx_word' id='word_1_194' title='bbox 1105 2264 1129 2296; x_wconf 93' lang='lat' dir='ltr'>si</span> <span class='ocrx_word' id='word_1_195' title='bbox 1155 2264 1207 2308; x_wconf 83' lang='lat' dir='ltr'>qui</span> <span class='ocrx_word' id='word_1_196' title='bbox 1233 2261 1281 2297; x_wconf 82' lang='lat' dir='ltr'>in&#39;</span> 
     </span>
    </p>
   </div>
   <div class='ocr_carea' id='block_1_10' title="bbox 522 2313 1280 2360">
    <p class='ocr_par' dir='ltr' id='par_1_12' title="bbox 522 2313 1280 2360">
     <span class='ocr_line' id='line_1_42' title="bbox 522 2313 1280 2360; baseline 0.004 -12"><span class='ocrx_word' id='word_1_197' title='bbox 522 2315 704 2359; x_wconf 83' lang='lat' dir='ltr'>praemissis</span> <span class='ocrx_word' id='word_1_198' title='bbox 737 2321 789 2348; x_wconf 90' lang='lat' dir='ltr'>aut</span> <span class='ocrx_word' id='word_1_199' title='bbox 814 2326 924 2349; x_wconf 89' lang='lat' dir='ltr'>eorum</span> <span class='ocrx_word' id='word_1_200' title='bbox 957 2315 1062 2360; x_wconf 88' lang='lat' dir='ltr'>aliquo</span> <span class='ocrx_word' id='word_1_201' title='bbox 1093 2313 1280 2360; x_wconf 54' lang='lat' dir='ltr'>quomodo-¹</span> 
     </span>
    </p>
   </div>
   <div class='ocr_carea' id='block_1_11' title="bbox 1105 290 1463 315">
    <p class='ocr_par' dir='ltr' id='par_1_13' title="bbox 1105 290 1463 315">
     <span class='ocr_line' id='line_1_43' title="bbox 1105 290 1463 315; baseline 0.006 -2"><span class='ocrx_word' id='word_1_202' title='bbox 1105 290 1283 314; x_wconf 52' lang='lat' dir='ltr'>mmmmm!</span> <span class='ocrx_word' id='word_1_203' title='bbox 1310 291 1416 314; x_wconf 58' lang='lat' dir='ltr'>noun·</span> <span class='ocrx_word' id='word_1_204' title='bbox 1422 292 1463 315; x_wconf 71' lang='lat' dir='ltr'>[M</span> 
     </span>
    </p>
   </div>
   <div class='ocr_carea' id='block_1_12' title="bbox 1283 550 2044 643">
    <p class='ocr_par' dir='ltr' id='par_1_14' title="bbox 1283 550 2044 643">
     <span class='ocr_line' id='line_1_44' title="bbox 1283 550 2044 594; baseline 0.004 -12"><span class='ocrx_word' id='word_1_205' title='bbox 1283 566 1285 574; x_wconf 72' lang='lat'>‹</span> <span class='ocrx_word' id='word_1_206' title='bbox 1302 555 1328 582; x_wconf 88' lang='lat' dir='ltr'>et</span> <span class='ocrx_word' id='word_1_207' title='bbox 1356 550 1582 594; x_wconf 86' lang='lat' dir='ltr'>interpretandi</span> <span class='ocrx_word' id='word_1_208' title='bbox 1605 552 1780 593; x_wconf 80' lang='lat' dir='ltr'>facultate),</span> <span class='ocrx_word' id='word_1_209' title='bbox 1798 551 1929 585; x_wconf 85' lang='lat' dir='ltr'>iudicari</span> <span class='ocrx_word' id='word_1_210' title='bbox 1947 558 1975 584; x_wconf 87' lang='lat' dir='ltr'>et</span> <span class='ocrx_word' id='word_1_211' title='bbox 1994 551 2044 585; x_wconf 85' lang='lat' dir='ltr'>de·</span> 
     </span>
     <span class='ocr_line' id='line_1_45' title="bbox 1283 603 2043 643; baseline 0.004 -8"><span class='ocrx_word' id='word_1_212' title='bbox 1283 604 1285 610; x_wconf 67' lang='lat'><strong><em>⁴</em></strong></span> <span class='ocrx_word' id='word_1_213' title='bbox 1301 603 1384 635; x_wconf 84' lang='lat' dir='ltr'>finiri</span> <span class='ocrx_word' id='word_1_214' title='bbox 1403 603 1529 643; x_wconf 89' lang='lat' dir='ltr'>debere,</span> <span class='ocrx_word' id='word_1_215' title='bbox 1546 615 1581 636; x_wconf 92' lang='lat' dir='ltr'>ac</span> <span class='ocrx_word' id='word_1_216' title='bbox 1602 604 1728 637; x_wconf 88' lang='lat' dir='ltr'>irritum</span> <span class='ocrx_word' id='word_1_217' title='bbox 1753 609 1781 637; x_wconf 86' lang='lat' dir='ltr'>et</span> <span class='ocrx_word' id='word_1_218' title='bbox 1803 604 1893 637; x_wconf 88' lang='lat' dir='ltr'>inane</span> <span class='ocrx_word' id='word_1_219' title='bbox 1910 604 1935 637; x_wconf 87' lang='lat' dir='ltr'>si</span> <span class='ocrx_word' id='word_1_220' title='bbox 1953 614 2043 638; x_wconf 87' lang='lat' dir='ltr'>secus</span> 
     </span>
    </p>
   </div>
   <div class='ocr_carea' id='block_1_13' title="bbox 1279 355 1287 2407">
    <p class='ocr_par' dir='ltr' id='par_1_15' title="bbox 1279 355 1287 2407">
     <span class='ocr_line' id='line_1_46' title="bbox 1279 355 1287 2407; baseline 0 0"><span class='ocrx_word' id='word_1_221' title='bbox 1279 355 1287 2407; x_wconf 95' lang='lat' dir='ltr'> </span> 
     </span>
    </p>
   </div>
   <div class='ocr_carea' id='block_1_14' title="bbox 523 2369 1266 2679">
    <p class='ocr_par' dir='ltr' id='par_1_16' title="bbox 523 2369 1068 2414">
     <span class='ocr_line' id='line_1_47' title="bbox 523 2369 1068 2414; baseline 0.002 -13"><span class='ocrx_word' id='word_1_222' title='bbox 523 2369 599 2402; x_wconf 87' lang='lat' dir='ltr'>libet</span> <span class='ocrx_word' id='word_1_223' title='bbox 624 2369 860 2409; x_wconf 80' lang='lat' dir='ltr'>intervenerint,</span> <span class='ocrx_word' id='word_1_224' title='bbox 876 2369 1068 2414; x_wconf 88' lang='lat' dir='ltr'>supplemus.</span> 
     </span>
    </p>

    <p class='ocr_par' dir='ltr' id='par_1_17' title="bbox 523 2423 1266 2679">
     <span class='ocr_line' id='line_1_48' title="bbox 567 2423 1266 2469; baseline 0.001 -13"><span class='ocrx_word' id='word_1_225' title='bbox 567 2424 582 2467; x_wconf 65' lang='grc' dir='ltr'>ξ</span> <span class='ocrx_word' id='word_1_226' title='bbox 607 2423 636 2456; x_wconf 75' lang='grc'>4.</span> <span class='ocrx_word' id='word_1_227' title='bbox 662 2423 890 2465; x_wconf 79' lang='lat' dir='ltr'>Decernentes‚</span> <span class='ocrx_word' id='word_1_228' title='bbox 915 2423 1118 2457; x_wconf 87' lang='lat' dir='ltr'>concordiam</span> <span class='ocrx_word' id='word_1_229' title='bbox 1143 2425 1266 2469; x_wconf 89' lang='lat' dir='ltr'>praedi-</span> 
     </span>
     <span class='ocr_line' id='line_1_49' title="bbox 523 2478 1266 2523; baseline 0.003 -13"><span class='ocrx_word' id='word_1_230' title='bbox 523 2482 604 2511; x_wconf 86' lang='lat' dir='ltr'>ctam</span> <span class='ocrx_word' id='word_1_231' title='bbox 633 2488 669 2510; x_wconf 87' lang='lat' dir='ltr'>ac</span> <span class='ocrx_word' id='word_1_232' title='bbox 686 2483 867 2521; x_wconf 83' lang='lat' dir='ltr'>praesentes</span> <span class='ocrx_word' id='word_1_233' title='bbox 892 2478 1012 2511; x_wconf 86' lang='lat' dir='ltr'>litteras</span> <span class='ocrx_word' id='word_1_234' title='bbox 1036 2484 1189 2523; x_wconf 89' lang='lat' dir='ltr'>perpetuo</span> <span class='ocrx_word' id='word_1_235' title='bbox 1219 2490 1266 2512; x_wconf 69' lang='lat' dir='ltr'>va-</span> 
     </span>
     <span class='ocr_line' id='line_1_50' title="bbox 523 2530 1265 2573; baseline 0.005 -11"><span class='ocrx_word' id='word_1_236' title='bbox 523 2530 610 2570; x_wconf 85' lang='lat' dir='ltr'>lidas,</span> <span class='ocrx_word' id='word_1_237' title='bbox 637 2530 745 2563; x_wconf 79' lang='lat' dir='ltr'>firmas</span> <span class='ocrx_word' id='word_1_238' title='bbox 769 2535 799 2563; x_wconf 90' lang='lat' dir='ltr'>ct</span> <span class='ocrx_word' id='word_1_239' title='bbox 823 2531 965 2564; x_wconf 81' lang='lat' dir='ltr'>efficaces</span> <span class='ocrx_word' id='word_1_240' title='bbox 981 2531 1116 2564; x_wconf 83' lang='lat' dir='ltr'>existere</span> <span class='ocrx_word' id='word_1_241' title='bbox 1142 2536 1171 2566; x_wconf 53' lang='lat' dir='ltr'>et,</span> <span class='ocrx_word' id='word_1_242' title='bbox 1188 2533 1265 2573; x_wconf 88' lang='lat' dir='ltr'>sore,</span> 
     </span>
     <span class='ocr_line' id='line_1_51' title="bbox 523 2583 1265 2628; baseline 0.004 -13"><span class='ocrx_word' id='word_1_243' title='bbox 523 2594 558 2615; x_wconf 89' lang='lat' dir='ltr'>ac</span> <span class='ocrx_word' id='word_1_244' title='bbox 582 2583 620 2615; x_wconf 90' lang='lat' dir='ltr'>ab</span> <span class='ocrx_word' id='word_1_245' title='bbox 645 2583 792 2617; x_wconf 87' lang='lat' dir='ltr'>omnibus</span> <span class='ocrx_word' id='word_1_246' title='bbox 807 2611 814 2624; x_wconf 83' lang='lat'>,</span> <span class='ocrx_word' id='word_1_247' title='bbox 839 2595 917 2628; x_wconf 82' lang='lat' dir='ltr'>quos</span> <span class='ocrx_word' id='word_1_248' title='bbox 955 2585 1024 2617; x_wconf 88' lang='lat' dir='ltr'>illae</span> <span class='ocrx_word' id='word_1_249' title='bbox 1049 2591 1265 2626; x_wconf 82' lang='lat' dir='ltr'>concernunt,</span> 
     </span>
     <span class='ocr_line' id='line_1_52' title="bbox 523 2637 1264 2679; baseline 0.004 -10"><span class='ocrx_word' id='word_1_250' title='bbox 523 2642 675 2679; x_wconf 84' lang='lat' dir='ltr'>perpetuo</span> <span class='ocrx_word' id='word_1_251' title='bbox 690 2643 717 2669; x_wconf 87' lang='lat' dir='ltr'>et</span> <span class='ocrx_word' id='word_1_252' title='bbox 734 2637 953 2671; x_wconf 69' lang='lat' dir='ltr'>inviolabiliter</span> <span class='ocrx_word' id='word_1_253' title='bbox 966 2638 1126 2672; x_wconf 81' lang='lat' dir='ltr'>observari</span> <span class='ocrx_word' id='word_1_254' title='bbox 1140 2638 1264 2678; x_wconf 87' lang='lat' dir='ltr'>debere;</span> 
     </span>
    </p>
   </div>
   <div class='ocr_carea' id='block_1_15' title="bbox 524 2688 1265 2735">
    <p class='ocr_par' dir='ltr' id='par_1_18' title="bbox 524 2688 1265 2735">
     <span class='ocr_line' id='line_1_53' title="bbox 524 2688 1265 2735; baseline 0.005 -15"><span class='ocrx_word' id='word_1_255' title='bbox 524 2688 630 2732; x_wconf 85' lang='lat' dir='ltr'>sicque</span> <span class='ocrx_word' id='word_1_256' title='bbox 663 2700 717 2732; x_wconf 91' lang='lat' dir='ltr'>per</span> <span class='ocrx_word' id='word_1_257' title='bbox 749 2700 965 2735; x_wconf 82' lang='lat' dir='ltr'>quoscumque</span> <span class='ocrx_word' id='word_1_258' title='bbox 992 2690 1110 2723; x_wconf 83' lang='lat' dir='ltr'>iudices</span> <span class='ocrx_word' id='word_1_259' title='bbox 1142 2691 1265 2724; x_wconf 89' lang='lat' dir='ltr'>ordina-</span> 
     </span>
    </p>
   </div>
   <div class='ocr_carea' id='block_1_16' title="bbox 1302 292 2258 386">
    <p class='ocr_par' dir='ltr' id='par_1_19' title="bbox 1302 292 2258 386">
     <span class='ocr_line' id='line_1_54' title="bbox 2053 292 2253 322; baseline 0.015 -3"><span class='ocrx_word' id='word_1_260' title='bbox 2053 294 2104 320; x_wconf 79' lang='lat' dir='ltr'>An.</span> <span class='ocrx_word' id='word_1_261' title='bbox 2125 292 2154 320; x_wconf 86' lang='lat' dir='ltr'>G.</span> <span class='ocrx_word' id='word_1_262' title='bbox 2169 292 2253 322; x_wconf 78' lang='grc'>1613-</span> 
     </span>
     <span class='ocr_line' id='line_1_55' title="bbox 1302 331 2258 386; baseline 0.003 -15"><span class='ocrx_word' id='word_1_263' title='bbox 1302 338 1365 372; x_wconf 91' lang='lat' dir='ltr'>rios</span> <span class='ocrx_word' id='word_1_264' title='bbox 1389 344 1416 371; x_wconf 89' lang='lat' dir='ltr'>et</span> <span class='ocrx_word' id='word_1_265' title='bbox 1443 339 1613 382; x_wconf 81' lang='lat' dir='ltr'>delegatos,</span> <span class='ocrx_word' id='word_1_266' title='bbox 1631 341 1723 374; x_wconf 86' lang='lat' dir='ltr'>etiam</span> <span class='ocrx_word' id='word_1_267' title='bbox 1749 350 1917 375; x_wconf 88' lang='lat' dir='ltr'>causarum</span> <span class='ocrx_word' id='word_1_268' title='bbox 1936 341 2042 386; x_wconf 87' lang='lat' dir='ltr'>palatii</span> <span class='ocrx_word' id='word_1_269' title='bbox 2250 331 2258 335; x_wconf 20' lang='lat' dir='ltr'>i</span> 
     </span>
    </p>
   </div>
   <div class='ocr_carea' id='block_1_17' title="bbox 520 391 2043 487">
    <p class='ocr_par' dir='ltr' id='par_1_20' title="bbox 520 391 2043 487">
     <span class='ocr_line' id='line_1_56' title="bbox 1283 391 2043 435; baseline 0.005 -12"><span class='ocrx_word' id='word_1_270' title='bbox 1283 391 1464 435; x_wconf 47' lang='lat' dir='ltr'>,apostolici</span> <span class='ocrx_word' id='word_1_271' title='bbox 1482 391 1652 433; x_wconf 83' lang='lat' dir='ltr'>auditores,</span> <span class='ocrx_word' id='word_1_272' title='bbox 1676 405 1710 426; x_wconf 91' lang='lat' dir='ltr'>ac</span> <span class='ocrx_word' id='word_1_273' title='bbox 1732 394 1761 427; x_wconf 84' lang='lat' dir='ltr'>S.</span> <span class='ocrx_word' id='word_1_274' title='bbox 1788 394 1821 427; x_wconf 77' lang='lat' dir='ltr'>n.</span> <span class='ocrx_word' id='word_1_275' title='bbox 1848 394 1880 427; x_wconf 87' lang='lat' dir='ltr'>E.</span> <span class='ocrx_word' id='word_1_276' title='bbox 1899 393 2043 427; x_wconf 87' lang='lat' dir='ltr'>cardina-</span> 
     </span>
     <span class='ocr_line' id='line_1_57' title="bbox 520 444 1285 487; baseline -0.003 -11"><span class='ocrx_word' id='word_1_277' title='bbox 520 455 589 476; x_wconf 94' lang='lat' dir='ltr'>rum</span> <span class='ocrx_word' id='word_1_278' title='bbox 615 444 826 487; x_wconf 86' lang='lat' dir='ltr'>capitulorum</span> <span class='ocrx_word' id='word_1_279' title='bbox 853 444 1049 481; x_wconf 77' lang='lat' dir='ltr'>conficiendi.</span> <span class='ocrx_word' id='word_1_280' title='bbox 1075 455 1129 477; x_wconf 82' lang='lat' dir='ltr'>seu</span> <span class='ocrx_word' id='word_1_281' title='bbox 1155 445 1285 478; x_wconf 61' lang='lat' dir='ltr'>confici:</span> 
     </span>
    </p>
   </div>
   <div class='ocr_carea' id='block_1_18' title="bbox 1301 444 2042 542">
    <p class='ocr_par' dir='ltr' id='par_1_21' title="bbox 1301 444 2042 542">
     <span class='ocr_line' id='line_1_58' title="bbox 1302 444 2042 490; baseline 0.003 -13"><span class='ocrx_word' id='word_1_282' title='bbox 1302 445 1346 477; x_wconf 91' lang='lat' dir='ltr'>les</span> <span class='ocrx_word' id='word_1_283' title='bbox 1370 444 1464 477; x_wconf 90' lang='lat' dir='ltr'>ctiam</span> <span class='ocrx_word' id='word_1_284' title='bbox 1489 445 1527 477; x_wconf 85' lang='lat' dir='ltr'>de</span> <span class='ocrx_word' id='word_1_285' title='bbox 1551 446 1648 478; x_wconf 88' lang='lat' dir='ltr'>latere</span> <span class='ocrx_word' id='word_1_286' title='bbox 1674 447 1793 489; x_wconf 76' lang='lat' dir='ltr'>legatos</span> <span class='ocrx_word' id='word_1_287' title='bbox 1817 447 1954 490; x_wconf 78' lang='lat' dir='ltr'>(sublata</span> <span class='ocrx_word' id='word_1_288' title='bbox 1979 446 2042 487; x_wconf 86' lang='lat' dir='ltr'>eis,</span> 
     </span>
     <span class='ocr_line' id='line_1_59' title="bbox 1301 498 2042 542; baseline 0.004 -13"><span class='ocrx_word' id='word_1_289' title='bbox 1301 503 1329 530; x_wconf 83' lang='lat' dir='ltr'>et</span> <span class='ocrx_word' id='word_1_290' title='bbox 1356 508 1466 531; x_wconf 86' lang='lat' dir='ltr'>eorum</span> <span class='ocrx_word' id='word_1_291' title='bbox 1492 498 1617 531; x_wconf 75' lang='lat' dir='ltr'>cuilibet</span> <span class='ocrx_word' id='word_1_292' title='bbox 1645 498 1754 542; x_wconf 81' lang='lat' dir='ltr'>quavis</span> <span class='ocrx_word' id='word_1_293' title='bbox 1778 499 1868 532; x_wconf 85' lang='lat' dir='ltr'>aliter</span> <span class='ocrx_word' id='word_1_294' title='bbox 1885 499 2042 532; x_wconf 87' lang='lat' dir='ltr'>iudicandi</span> 
     </span>
    </p>
   </div>
   <div class='ocr_carea' id='block_1_19' title="bbox 1298 656 2263 1827">
    <p class='ocr_par' dir='ltr' id='par_1_22' title="bbox 1301 656 2263 796">
     <span class='ocr_line' id='line_1_60' title="bbox 1301 656 2263 702; baseline 0.001 -13"><span class='ocrx_word' id='word_1_295' title='bbox 1301 667 1396 700; x_wconf 89' lang='lat' dir='ltr'>super</span> <span class='ocrx_word' id='word_1_296' title='bbox 1422 656 1470 689; x_wconf 82' lang='lat' dir='ltr'>liis</span> <span class='ocrx_word' id='word_1_297' title='bbox 1485 668 1502 689; x_wconf 86' lang='lat' dir='ltr'>a</span> <span class='ocrx_word' id='word_1_298' title='bbox 1522 665 1692 702; x_wconf 82' lang='lat' dir='ltr'>quoquam,</span> <span class='ocrx_word' id='word_1_299' title='bbox 1713 658 1824 701; x_wconf 75' lang='lat' dir='ltr'>quavis</span> <span class='ocrx_word' id='word_1_300' title='bbox 1848 657 2043 699; x_wconf 80' lang='lat' dir='ltr'>auctoritate,</span> <span class='ocrx_word' id='word_1_301' title='bbox 2253 677 2263 690; x_wconf 70' lang='lat' dir='ltr'><strong>A</strong></span> 
     </span>
     <span class='ocr_line' id='line_1_61' title="bbox 1302 707 2259 754; baseline 0.003 -12"><span class='ocrx_word' id='word_1_302' title='bbox 1302 709 1437 743; x_wconf 87' lang='lat' dir='ltr'>scienter</span> <span class='ocrx_word' id='word_1_303' title='bbox 1461 710 1508 742; x_wconf 74' lang='lat' dir='ltr'>vel</span> <span class='ocrx_word' id='word_1_304' title='bbox 1534 710 1727 753; x_wconf 80' lang='lat' dir='ltr'>ignoranter,</span> <span class='ocrx_word' id='word_1_305' title='bbox 1753 711 1922 754; x_wconf 84' lang='lat' dir='ltr'>contigerit</span> <span class='ocrx_word' id='word_1_306' title='bbox 1948 716 2044 745; x_wconf 82' lang='lat' dir='ltr'>atteri·</span> <span class='ocrx_word' id='word_1_307' title='bbox 2253 707 2259 721; x_wconf 68' lang='grc'><strong><em>”</em></strong></span> 
     </span>
     <span class='ocr_line' id='line_1_62' title="bbox 1301 763 1369 796; baseline -0.015 0"><span class='ocrx_word' id='word_1_308' title='bbox 1301 763 1369 796; x_wconf 84' lang='lat' dir='ltr'>tari.</span> 
     </span>
    </p>

    <p class='ocr_par' dir='ltr' id='par_1_23' title="bbox 1299 817 2046 1612">
     <span class='ocr_line' id='line_1_63' title="bbox 1345 817 2043 859; baseline 0.004 -10"><span class='ocrx_word' id='word_1_309' title='bbox 1345 817 1360 859; x_wconf 64' lang='grc' dir='ltr'>ξ</span> <span class='ocrx_word' id='word_1_310' title='bbox 1385 817 1412 850; x_wconf 80' lang='grc'>5.</span> <span class='ocrx_word' id='word_1_311' title='bbox 1440 818 1507 850; x_wconf 73' lang='lat' dir='ltr'>Non</span> <span class='ocrx_word' id='word_1_312' title='bbox 1540 817 1738 851; x_wconf 88' lang='lat' dir='ltr'>obstantibus</span> <span class='ocrx_word' id='word_1_313' title='bbox 1767 817 2043 852; x_wconf 85' lang='lat' dir='ltr'>constitutionibus</span> 
     </span>
     <span class='ocr_line' id='line_1_64' title="bbox 1301 870 2044 915; baseline 0.001 -12"><span class='ocrx_word' id='word_1_314' title='bbox 1301 875 1329 903; x_wconf 87' lang='lat' dir='ltr'>et</span> <span class='ocrx_word' id='word_1_315' title='bbox 1355 870 1608 903; x_wconf 86' lang='lat' dir='ltr'>ordinationibus</span> <span class='ocrx_word' id='word_1_316' title='bbox 1636 870 1833 915; x_wconf 86' lang='lat' dir='ltr'>apostolicis,</span> <span class='ocrx_word' id='word_1_317' title='bbox 1858 881 1980 905; x_wconf 87' lang='lat' dir='ltr'>necnon</span> <span class='ocrx_word' id='word_1_318' title='bbox 2004 871 2044 904; x_wconf 88' lang='lat' dir='ltr'>ci-</span> 
     </span>
     <span class='ocr_line' id='line_1_65' title="bbox 1302 924 2042 969; baseline 0.003 -13"><span class='ocrx_word' id='word_1_319' title='bbox 1302 924 1432 956; x_wconf 77' lang='lat' dir='ltr'>vitatum</span> <span class='ocrx_word' id='word_1_320' title='bbox 1467 929 1494 956; x_wconf 92' lang='lat' dir='ltr'>et</span> <span class='ocrx_word' id='word_1_321' title='bbox 1533 924 1772 959; x_wconf 77' lang='lat' dir='ltr'>universitatum</span> <span class='ocrx_word' id='word_1_322' title='bbox 1808 924 2042 969; x_wconf 87' lang='lat' dir='ltr'>praedictarum</span> 
     </span>
     <span class='ocr_line' id='line_1_66' title="bbox 1302 977 2045 1022; baseline 0.004 -13"><span class='ocrx_word' id='word_1_323' title='bbox 1302 977 1409 1019; x_wconf 82' lang='lat' dir='ltr'>(etiam</span> <span class='ocrx_word' id='word_1_324' title='bbox 1441 977 1628 1017; x_wconf 89' lang='lat' dir='ltr'>iuramento,</span> <span class='ocrx_word' id='word_1_325' title='bbox 1653 977 1893 1012; x_wconf 84' lang='lat' dir='ltr'>confirmatione</span> <span class='ocrx_word' id='word_1_326' title='bbox 1920 983 2045 1022; x_wconf 89' lang='lat' dir='ltr'>aposto-</span> 
     </span>
     <span class='ocr_line' id='line_1_67' title="bbox 1301 1029 2043 1075; baseline 0.004 -13"><span class='ocrx_word' id='word_1_327' title='bbox 1301 1029 1372 1070; x_wconf 76' lang='lat' dir='ltr'>lica,</span> <span class='ocrx_word' id='word_1_328' title='bbox 1391 1030 1437 1062; x_wconf 74' lang='lat' dir='ltr'>vel</span> <span class='ocrx_word' id='word_1_329' title='bbox 1463 1030 1572 1074; x_wconf 75' lang='lat' dir='ltr'>quavis</span> <span class='ocrx_word' id='word_1_330' title='bbox 1596 1031 1744 1064; x_wconf 80' lang='lat' dir='ltr'>firmitate</span> <span class='ocrx_word' id='word_1_331' title='bbox 1774 1031 1834 1064; x_wconf 74' lang='lat' dir='ltr'>alia</span> <span class='ocrx_word' id='word_1_332' title='bbox 1860 1031 2043 1075; x_wconf 88' lang='lat' dir='ltr'>roboratis)</span> 
     </span>
     <span class='ocr_line' id='line_1_68' title="bbox 1301 1084 2044 1128; baseline 0.003 -12"><span class='ocrx_word' id='word_1_333' title='bbox 1301 1084 1424 1116; x_wconf 89' lang='lat' dir='ltr'>statutis</span> <span class='ocrx_word' id='word_1_334' title='bbox 1437 1089 1464 1117; x_wconf 91' lang='lat' dir='ltr'>et</span> <span class='ocrx_word' id='word_1_335' title='bbox 1480 1084 1770 1124; x_wconf 84' lang='lat' dir='ltr'>consuetudinibus,</span> <span class='ocrx_word' id='word_1_336' title='bbox 1783 1084 1957 1128; x_wconf 79' lang='lat' dir='ltr'>privilegiis</span> <span class='ocrx_word' id='word_1_337' title='bbox 1969 1095 2044 1128; x_wconf 88' lang='lat' dir='ltr'>quo-</span> 
     </span>
     <span class='ocr_line' id='line_1_69' title="bbox 1300 1136 2045 1182; baseline 0.003 -13"><span class='ocrx_word' id='word_1_338' title='bbox 1300 1147 1372 1181; x_wconf 85' lang='lat' dir='ltr'>que,</span> <span class='ocrx_word' id='word_1_339' title='bbox 1391 1136 1519 1171; x_wconf 86' lang='lat' dir='ltr'>indultis</span> <span class='ocrx_word' id='word_1_340' title='bbox 1537 1142 1564 1169; x_wconf 85' lang='lat' dir='ltr'>et</span> <span class='ocrx_word' id='word_1_341' title='bbox 1590 1137 1704 1170; x_wconf 89' lang='lat' dir='ltr'>litteris</span> <span class='ocrx_word' id='word_1_342' title='bbox 1728 1137 1908 1182; x_wconf 86' lang='lat' dir='ltr'>apostolicis</span> <span class='ocrx_word' id='word_1_343' title='bbox 1924 1137 1956 1170; x_wconf 89' lang='lat' dir='ltr'>in</span> <span class='ocrx_word' id='word_1_344' title='bbox 1973 1148 2045 1171; x_wconf 88' lang='lat' dir='ltr'>con-</span> 
     </span>
     <span class='ocr_line' id='line_1_70' title="bbox 1300 1190 2046 1234; baseline 0.001 -11"><span class='ocrx_word' id='word_1_345' title='bbox 1300 1190 1434 1223; x_wconf 82' lang='lat' dir='ltr'>trarium</span> <span class='ocrx_word' id='word_1_346' title='bbox 1451 1190 1700 1234; x_wconf 88' lang='lat' dir='ltr'>praemissorum</span> <span class='ocrx_word' id='word_1_347' title='bbox 1717 1190 1957 1234; x_wconf 85' lang='lat' dir='ltr'>quomodolibet</span> <span class='ocrx_word' id='word_1_348' title='bbox 1972 1201 2046 1225; x_wconf 87' lang='lat' dir='ltr'>con-</span> 
     </span>
     <span class='ocr_line' id='line_1_71' title="bbox 1301 1243 2045 1288; baseline 0.003 -13"><span class='ocrx_word' id='word_1_349' title='bbox 1301 1243 1406 1281; x_wconf 88' lang='lat' dir='ltr'>cessis,</span> <span class='ocrx_word' id='word_1_350' title='bbox 1423 1243 1616 1277; x_wconf 78' lang='lat' dir='ltr'>confirmatis</span> <span class='ocrx_word' id='word_1_351' title='bbox 1630 1249 1658 1276; x_wconf 94' lang='lat' dir='ltr'>et</span> <span class='ocrx_word' id='word_1_352' title='bbox 1673 1244 1963 1288; x_wconf 71' lang='lat' dir='ltr'>innovatis;quibus</span> <span class='ocrx_word' id='word_1_353' title='bbox 1979 1254 2045 1277; x_wconf 91' lang='lat' dir='ltr'>om-</span> 
     </span>
     <span class='ocr_line' id='line_1_72' title="bbox 1301 1297 2043 1340; baseline 0.001 -11"><span class='ocrx_word' id='word_1_354' title='bbox 1301 1297 1393 1329; x_wconf 87' lang='lat' dir='ltr'>nibus</span> <span class='ocrx_word' id='word_1_355' title='bbox 1417 1302 1446 1329; x_wconf 89' lang='lat' dir='ltr'>et</span> <span class='ocrx_word' id='word_1_356' title='bbox 1472 1297 1614 1340; x_wconf 77' lang='lat' dir='ltr'>singulis,</span> <span class='ocrx_word' id='word_1_357' title='bbox 1629 1308 1740 1331; x_wconf 88' lang='lat' dir='ltr'>eorum</span> <span class='ocrx_word' id='word_1_358' title='bbox 1757 1297 1898 1331; x_wconf 88' lang='lat' dir='ltr'>omnium</span> <span class='ocrx_word' id='word_1_359' title='bbox 1916 1303 2043 1331; x_wconf 86' lang='lat' dir='ltr'>tenores</span> 
     </span>
     <span class='ocr_line' id='line_1_73' title="bbox 1300 1342 2044 1395; baseline 0.001 -12"><span class='ocrx_word' id='word_1_360' title='bbox 1300 1350 1517 1394; x_wconf 77' lang='lat' dir='ltr'>praesenlibus</span> <span class='ocrx_word' id='word_1_361' title='bbox 1535 1342 1593 1395; x_wconf 86' lang='lat' dir='ltr'>pro</span> <span class='ocrx_word' id='word_1_362' title='bbox 1618 1352 1708 1395; x_wconf 87' lang='lat' dir='ltr'>plene</span> <span class='ocrx_word' id='word_1_363' title='bbox 1732 1357 1761 1384; x_wconf 88' lang='lat' dir='ltr'>et</span> <span class='ocrx_word' id='word_1_364' title='bbox 1786 1351 1978 1384; x_wconf 83' lang='lat' dir='ltr'>sufficienter</span> <span class='ocrx_word' id='word_1_365' title='bbox 1994 1362 2044 1384; x_wconf 79' lang='lat' dir='ltr'>ex·</span> 
     </span>
     <span class='ocr_line' id='line_1_74' title="bbox 1299 1404 2043 1448; baseline 0.003 -11"><span class='ocrx_word' id='word_1_366' title='bbox 1299 1405 1417 1448; x_wconf 82' lang='lat' dir='ltr'>pressis</span> <span class='ocrx_word' id='word_1_367' title='bbox 1442 1404 1604 1445; x_wconf 86' lang='lat' dir='ltr'>habentes,</span> <span class='ocrx_word' id='word_1_368' title='bbox 1619 1405 1680 1437; x_wconf 87' lang='lat' dir='ltr'>illis</span> <span class='ocrx_word' id='word_1_369' title='bbox 1695 1404 1772 1438; x_wconf 78' lang='lat' dir='ltr'>alias</span> <span class='ocrx_word' id='word_1_370' title='bbox 1790 1405 1820 1437; x_wconf 93' lang='lat' dir='ltr'>in</span> <span class='ocrx_word' id='word_1_371' title='bbox 1845 1416 1902 1439; x_wconf 91' lang='lat' dir='ltr'>suo</span> <span class='ocrx_word' id='word_1_372' title='bbox 1926 1405 2043 1439; x_wconf 85' lang='lat' dir='ltr'>robore</span> 
     </span>
     <span class='ocr_line' id='line_1_75' title="bbox 1300 1458 2044 1503; baseline 0.003 -13"><span class='ocrx_word' id='word_1_373' title='bbox 1300 1458 1522 1499; x_wconf 85' lang='lat' dir='ltr'>rermansuris,</span> <span class='ocrx_word' id='word_1_374' title='bbox 1548 1458 1605 1491; x_wconf 84' lang='lat' dir='ltr'>hae</span> <span class='ocrx_word' id='word_1_375' title='bbox 1630 1459 1697 1491; x_wconf 73' lang='lat' dir='ltr'>viee</span> <span class='ocrx_word' id='word_1_376' title='bbox 1721 1458 1903 1499; x_wconf 79' lang='lat' dir='ltr'>dumtaxat,</span> <span class='ocrx_word' id='word_1_377' title='bbox 1928 1459 2044 1503; x_wconf 82' lang='lat' dir='ltr'>specia-</span> 
     </span>
     <span class='ocr_line' id='line_1_76' title="bbox 1299 1512 2043 1558; baseline 0.004 -14"><span class='ocrx_word' id='word_1_378' title='bbox 1299 1512 1370 1545; x_wconf 88' lang='lat' dir='ltr'>liter</span> <span class='ocrx_word' id='word_1_379' title='bbox 1401 1518 1428 1545; x_wconf 87' lang='lat' dir='ltr'>et</span> <span class='ocrx_word' id='word_1_380' title='bbox 1462 1522 1609 1557; x_wconf 80' lang='lat' dir='ltr'>expresse</span> <span class='ocrx_word' id='word_1_381' title='bbox 1642 1513 1844 1556; x_wconf 75' lang='lat' dir='ltr'>derogamus,</span> <span class='ocrx_word' id='word_1_382' title='bbox 1865 1514 2043 1558; x_wconf 82' lang='lat' dir='ltr'>ceterisque</span> 
     </span>
     <span class='ocr_line' id='line_1_77' title="bbox 1299 1566 1754 1612; baseline 0.007 -14"><span class='ocrx_word' id='word_1_383' title='bbox 1299 1566 1466 1599; x_wconf 87' lang='lat' dir='ltr'>contrariis</span> <span class='ocrx_word' id='word_1_384' title='bbox 1490 1567 1754 1612; x_wconf 83' lang='lat' dir='ltr'>quibuscumque.</span> 
     </span>
    </p>

    <p class='ocr_par' dir='ltr' id='par_1_24' title="bbox 1298 1621 2043 1772">
     <span class='ocr_line' id='line_1_78' title="bbox 1342 1621 2042 1665; baseline 0.001 -12"><span class='ocrx_word' id='word_1_385' title='bbox 1342 1621 1454 1653; x_wconf 87' lang='lat' dir='ltr'>Datum</span> <span class='ocrx_word' id='word_1_386' title='bbox 1478 1621 1596 1654; x_wconf 86' lang='lat' dir='ltr'>Romae</span> <span class='ocrx_word' id='word_1_387' title='bbox 1627 1621 1710 1665; x_wconf 88' lang='lat' dir='ltr'>apud</span> <span class='ocrx_word' id='word_1_388' title='bbox 1735 1627 1878 1654; x_wconf 85' lang='lat' dir='ltr'>sanetum</span> <span class='ocrx_word' id='word_1_389' title='bbox 1904 1621 2042 1662; x_wconf 84' lang='lat' dir='ltr'>Petrum,</span> 
     </span>
     <span class='ocr_line' id='line_1_79' title="bbox 1298 1674 2043 1716; baseline 0.004 -10"><span class='ocrx_word' id='word_1_390' title='bbox 1298 1674 1356 1707; x_wconf 85' lang='lat' dir='ltr'>sub</span> <span class='ocrx_word' id='word_1_391' title='bbox 1380 1675 1496 1707; x_wconf 89' lang='lat' dir='ltr'>annulo</span> <span class='ocrx_word' id='word_1_392' title='bbox 1521 1674 1699 1716; x_wconf 71' lang='lat' dir='ltr'>piscatoris,</span> <span class='ocrx_word' id='word_1_393' title='bbox 1724 1675 1774 1708; x_wconf 90' lang='lat' dir='ltr'>die</span> <span class='ocrx_word' id='word_1_394' title='bbox 1798 1685 1839 1708; x_wconf 81' lang='lat' dir='ltr'>xx</span> <span class='ocrx_word' id='word_1_395' title='bbox 1865 1675 2043 1709; x_wconf 82' lang='lat' dir='ltr'>decembris</span> 
     </span>
     <span class='ocr_line' id='line_1_80' title="bbox 1299 1728 1938 1772; baseline 0.003 -11"><span class='ocrx_word' id='word_1_396' title='bbox 1299 1738 1430 1768; x_wconf 78' lang='lat' dir='ltr'>uncxni,</span> <span class='ocrx_word' id='word_1_397' title='bbox 1448 1728 1650 1772; x_wconf 76' lang='lat' dir='ltr'>pontificatus</span> <span class='ocrx_word' id='word_1_398' title='bbox 1674 1729 1772 1762; x_wconf 87' lang='lat' dir='ltr'>nostri</span> <span class='ocrx_word' id='word_1_399' title='bbox 1790 1739 1872 1762; x_wconf 91' lang='lat' dir='ltr'>anno</span> <span class='ocrx_word' id='word_1_400' title='bbox 1896 1739 1938 1763; x_wconf 83' lang='lat' dir='ltr'>ix.</span> 
     </span>
    </p>

    <p class='ocr_par' dir='ltr' id='par_1_25' title="bbox 1334 1790 1977 1827">
     <span class='ocr_line' id='line_1_81' title="bbox 1334 1790 1977 1827; baseline 0.002 -9"><span class='ocrx_word' id='word_1_401' title='bbox 1334 1791 1391 1818; x_wconf 83' lang='lat' dir='ltr'>Dat.</span> <span class='ocrx_word' id='word_1_402' title='bbox 1408 1790 1452 1819; x_wconf 88' lang='lat' dir='ltr'>die</span> <span class='ocrx_word' id='word_1_403' title='bbox 1463 1790 1498 1819; x_wconf 76' lang='lat'>20</span> <span class='ocrx_word' id='word_1_404' title='bbox 1509 1790 1662 1819; x_wconf 73' lang='lat' dir='ltr'>decembris</span> <span class='ocrx_word' id='word_1_405' title='bbox 1676 1790 1752 1827; x_wconf 77' lang='lat'>1613,</span> <span class='ocrx_word' id='word_1_406' title='bbox 1767 1791 1864 1827; x_wconf 82' lang='lat' dir='ltr'>pontif.</span> <span class='ocrx_word' id='word_1_407' title='bbox 1879 1799 1923 1819; x_wconf 90' lang='lat' dir='ltr'>an.</span> <span class='ocrx_word' id='word_1_408' title='bbox 1941 1797 1977 1819; x_wconf 81' lang='lat' dir='ltr'>tx.</span> 
     </span>
    </p>
   </div>
   <div class='ocr_carea' id='block_1_20' title="bbox 2243 749 2262 767">
    <p class='ocr_par' dir='ltr' id='par_1_26' title="bbox 2243 749 2262 767">
     <span class='ocr_line' id='line_1_82' title="bbox 2243 749 2262 767; baseline 0 -3"><span class='ocrx_word' id='word_1_409' title='bbox 2243 749 2262 767; x_wconf 55' lang='lat' dir='ltr'>Q*</span> 
     </span>
    </p>
   </div>
   <div class='ocr_carea' id='block_1_21' title="bbox 2057 829 2269 878">
    <p class='ocr_par' dir='ltr' id='par_1_27' title="bbox 2057 829 2269 878">
     <span class='ocr_line' id='line_1_83' title="bbox 2070 829 2269 861; baseline 0.005 -10"><span class='ocrx_word' id='word_1_410' title='bbox 2070 829 2186 860; x_wconf 71' lang='lat' dir='ltr'>nei-ogntio</span> <span class='ocrx_word' id='word_1_411' title='bbox 2194 835 2242 852; x_wconf 77' lang='lat' dir='ltr'>eon-</span> <span class='ocrx_word' id='word_1_412' title='bbox 2248 835 2269 861; x_wconf 48' lang='grc' dir='ltr'>ᾗ</span> 
     </span>
     <span class='ocr_line' id='line_1_84' title="bbox 2057 858 2178 878; baseline 0.008 -1"><span class='ocrx_word' id='word_1_413' title='bbox 2057 858 2178 878; x_wconf 72' lang='lat' dir='ltr'>tran-norum.</span> 
     </span>
    </p>
   </div>
   <div class='ocr_carea' id='block_1_22' title="bbox 2252 1353 2266 1419">
    <p class='ocr_par' dir='ltr' id='par_1_28' title="bbox 2252 1353 2266 1419">
     <span class='ocr_line' id='line_1_85' title="bbox 2252 1353 2266 1419; textangle 90"><span class='ocrx_word' id='word_1_414' title='bbox 2252 1353 2266 1419; x_wconf 63' lang='lat' dir='ltr'>·.‹-·k</span> 
     </span>
    </p>
   </div>
   <div class='ocr_carea' id='block_1_23' title="bbox 1565 1871 1776 1876">
    <p class='ocr_par' dir='ltr' id='par_1_29' title="bbox 1565 1871 1776 1876">
     <span class='ocr_line' id='line_1_86' title="bbox 1565 1871 1776 1876; baseline 0 0"><span class='ocrx_word' id='word_1_415' title='bbox 1565 1871 1776 1876; x_wconf 95' lang='lat' dir='ltr'> </span> 
     </span>
    </p>
   </div>
   <div class='ocr_carea' id='block_1_24' title="bbox 1614 1942 1730 1977">
    <p class='ocr_par' dir='ltr' id='par_1_30' title="bbox 1614 1942 1730 1977">
     <span class='ocr_line' id='line_1_87' title="bbox 1614 1942 1730 1977; baseline -0.009 0"><span class='ocrx_word' id='word_1_416' title='bbox 1614 1942 1730 1977; x_wconf 84' lang='lat' dir='ltr'>CCXLI.</span> 
     </span>
    </p>
   </div>
   <div class='ocr_carea' id='block_1_25' title="bbox 1298 2022 2043 2271">
    <p class='ocr_par' dir='ltr' id='par_1_31' title="bbox 1298 2022 2043 2271">
     <span class='ocr_line' id='line_1_88' title="bbox 1298 2022 2042 2067; baseline 0.001 -11"><span class='ocrx_word' id='word_1_417' title='bbox 1298 2022 1436 2056; x_wconf 78' lang='lat' dir='ltr'>Mandat</span> <span class='ocrx_word' id='word_1_418' title='bbox 1459 2022 1597 2056; x_wconf 79' lang='lat' dir='ltr'>subditis</span> <span class='ocrx_word' id='word_1_419' title='bbox 1626 2023 1828 2067; x_wconf 78' lang='lat' dir='ltr'>episcopatus</span> <span class='ocrx_word' id='word_1_420' title='bbox 1861 2024 2042 2058; x_wconf 77' lang='lat' dir='ltr'>cenetensis</span> 
     </span>
     <span class='ocr_line' id='line_1_89' title="bbox 1341 2076 2043 2115; baseline 0.001 -6"><span class='ocrx_word' id='word_1_421' title='bbox 1341 2087 1391 2115; x_wconf 77' lang='lat' dir='ltr'>ue,</span> <span class='ocrx_word' id='word_1_422' title='bbox 1412 2081 1525 2110; x_wconf 79' lang='lat' dir='ltr'>contra</span> <span class='ocrx_word' id='word_1_423' title='bbox 1549 2087 1611 2110; x_wconf 81' lang='lat' dir='ltr'>sua</span> <span class='ocrx_word' id='word_1_424' title='bbox 1634 2081 1663 2110; x_wconf 86' lang='lat' dir='ltr'>et</span> <span class='ocrx_word' id='word_1_425' title='bbox 1689 2077 1863 2111; x_wconf 81' lang='lat' dir='ltr'>Clementis</span> <span class='ocrx_word' id='word_1_426' title='bbox 1884 2076 1969 2111; x_wconf 92' lang='lat' dir='ltr'><em>VIII</em></span> <span class='ocrx_word' id='word_1_427' title='bbox 1989 2076 2043 2110; x_wconf 79' lang='lat' dir='ltr'>de-</span> 
     </span>
     <span class='ocr_line' id='line_1_90' title="bbox 1342 2129 2041 2174; baseline -0.001 -11"><span class='ocrx_word' id='word_1_428' title='bbox 1342 2134 1439 2170; x_wconf 80' lang='lat' dir='ltr'>creta,</span> <span class='ocrx_word' id='word_1_429' title='bbox 1466 2130 1600 2174; x_wconf 75' lang='lat' dir='ltr'>aliquid</span> <span class='ocrx_word' id='word_1_430' title='bbox 1624 2130 1660 2163; x_wconf 76' lang='lat' dir='ltr'>in</span> <span class='ocrx_word' id='word_1_431' title='bbox 1682 2129 1928 2174; x_wconf 74' lang='lat' dir='ltr'>praeiudicium</span> <span class='ocrx_word' id='word_1_432' title='bbox 1944 2129 2041 2163; x_wconf 85' lang='lat' dir='ltr'>eccle-</span> 
     </span>
     <span class='ocr_line' id='line_1_91' title="bbox 1342 2183 2039 2219; baseline 0 -2"><span class='ocrx_word' id='word_1_433' title='bbox 1342 2185 1410 2218; x_wconf 81' lang='lat' dir='ltr'>siae</span> <span class='ocrx_word' id='word_1_434' title='bbox 1436 2184 1618 2219; x_wconf 80' lang='lat' dir='ltr'>Cenetensis</span> <span class='ocrx_word' id='word_1_435' title='bbox 1648 2188 1677 2217; x_wconf 88' lang='lat' dir='ltr'>et</span> <span class='ocrx_word' id='word_1_436' title='bbox 1705 2184 1912 2218; x_wconf 76' lang='lat' dir='ltr'>auctoritatis</span> <span class='ocrx_word' id='word_1_437' title='bbox 1941 2183 2039 2217; x_wconf 80' lang='lat' dir='ltr'>eccle-</span> 
     </span>
     <span class='ocr_line' id='line_1_92' title="bbox 1342 2237 1856 2271; baseline -0.002 -1"><span class='ocrx_word' id='word_1_438' title='bbox 1342 2238 1492 2271; x_wconf 74' lang='lat' dir='ltr'>siasticae</span> <span class='ocrx_word' id='word_1_439' title='bbox 1515 2237 1660 2271; x_wconf 80' lang='lat' dir='ltr'>audeant</span> <span class='ocrx_word' id='word_1_440' title='bbox 1685 2241 1856 2270; x_wconf 77' lang='lat' dir='ltr'>attentare.</span> 
     </span>
    </p>
   </div>
   <div class='ocr_carea' id='block_1_26' title="bbox 1446 2309 1896 2391">
    <p class='ocr_par' dir='ltr' id='par_1_32' title="bbox 1446 2309 1896 2391">
     <span class='ocr_line' id='line_1_93' title="bbox 1537 2309 1800 2342; baseline -0.004 -6"><span class='ocrx_word' id='word_1_441' title='bbox 1537 2309 1650 2336; x_wconf 82' lang='lat' dir='ltr'>Paulus</span> <span class='ocrx_word' id='word_1_442' title='bbox 1670 2309 1748 2342; x_wconf 81' lang='lat' dir='ltr'>Papa</span> <span class='ocrx_word' id='word_1_443' title='bbox 1768 2309 1800 2339; x_wconf 85' lang='lat' dir='ltr'>V,</span> 
     </span>
     <span class='ocr_line' id='line_1_94' title="bbox 1446 2362 1896 2391; baseline -0.007 0"><span class='ocrx_word' id='word_1_444' title='bbox 1446 2365 1480 2391; x_wconf 82' lang='lat' dir='ltr'>ad</span> <span class='ocrx_word' id='word_1_445' title='bbox 1501 2364 1632 2391; x_wconf 79' lang='lat' dir='ltr'>tuturam</span> <span class='ocrx_word' id='word_1_446' title='bbox 1651 2363 1696 2390; x_wconf 81' lang='lat' dir='ltr'>rei</span> <span class='ocrx_word' id='word_1_447' title='bbox 1717 2362 1896 2390; x_wconf 78' lang='lat' dir='ltr'>memoriam.</span> 
     </span>
    </p>
   </div>
   <div class='ocr_carea' id='block_1_27' title="bbox 1339 2412 2261 2493">
    <p class='ocr_par' dir='ltr' id='par_1_33' title="bbox 1339 2412 2261 2493">
     <span class='ocr_line' id='line_1_95' title="bbox 1339 2412 2261 2491; baseline -0.004 -33"><span class='ocrx_word' id='word_1_448' title='bbox 1339 2428 1354 2469; x_wconf 59' lang='lat' dir='ltr'>g</span> <span class='ocrx_word' id='word_1_449' title='bbox 1373 2426 1396 2458; x_wconf 92' lang='lat' dir='ltr'>l.</span> <span class='ocrx_word' id='word_1_450' title='bbox 1410 2425 1492 2458; x_wconf 71' lang='lat' dir='ltr'>Alias</span> <span class='ocrx_word' id='word_1_451' title='bbox 1506 2426 1687 2469; x_wconf 72' lang='lat' dir='ltr'>(postquam</span> <span class='ocrx_word' id='word_1_452' title='bbox 1701 2423 1800 2456; x_wconf 82' lang='lat' dir='ltr'>felicis</span> <span class='ocrx_word' id='word_1_453' title='bbox 1813 2422 2041 2457; x_wconf 83' lang='lat' dir='ltr'>recordationis</span> <span class='ocrx_word' id='word_1_454' title='bbox 2106 2412 2261 2491; x_wconf 46' lang='lat' dir='ltr'>pffffifflt-&#39;s</span> 
     </span>
     <span class='ocr_line' id='line_1_96' title="bbox 2056 2475 2245 2493; baseline 0.016 -3"><span class='ocrx_word' id='word_1_455' title='bbox 2056 2475 2104 2491; x_wconf 70' lang='lat' dir='ltr'>mon</span> <span class='ocrx_word' id='word_1_456' title='bbox 2115 2475 2134 2491; x_wconf 66' lang='grc' dir='ltr'>ΙΒ</span> <span class='ocrx_word' id='word_1_457' title='bbox 2240 2475 2245 2493; x_wconf 68' lang='grc' dir='ltr'>ζ</span> 
     </span>
    </p>
   </div>
   <div class='ocr_carea' id='block_1_28' title="bbox 1299 2476 2258 2681">
    <p class='ocr_par' dir='ltr' id='par_1_34' title="bbox 1299 2476 2258 2681">
     <span class='ocr_line' id='line_1_97' title="bbox 1299 2476 2255 2544; baseline 0 -33"><span class='ocrx_word' id='word_1_458' title='bbox 1299 2478 1441 2512; x_wconf 89' lang='lat' dir='ltr'>Clemens</span> <span class='ocrx_word' id='word_1_459' title='bbox 1466 2478 1546 2522; x_wconf 81' lang='lat' dir='ltr'>Papa</span> <span class='ocrx_word' id='word_1_460' title='bbox 1577 2477 1642 2510; x_wconf 73' lang='lat' dir='ltr'>Vlll</span> <span class='ocrx_word' id='word_1_461' title='bbox 1674 2476 1900 2520; x_wconf 86' lang='lat' dir='ltr'>praedeeessor</span> <span class='ocrx_word' id='word_1_462' title='bbox 1923 2481 2041 2517; x_wconf 87' lang='lat' dir='ltr'>noster,</span> <span class='ocrx_word' id='word_1_463' title='bbox 2056 2498 2116 2517; x_wconf 70' lang='lat' dir='ltr'>ema</span> <span class='ocrx_word' id='word_1_464' title='bbox 2133 2500 2173 2544; x_wconf 64' lang='lat'>3¹¹⁰</span> <span class='ocrx_word' id='word_1_465' title='bbox 2190 2484 2255 2516; x_wconf 69' lang='lat' dir='ltr'>ml</span> 
     </span>
     <span class='ocr_line' id='line_1_98' title="bbox 1299 2519 2258 2578; baseline -0.001 -15"><span class='ocrx_word' id='word_1_466' title='bbox 1299 2531 1336 2563; x_wconf 89' lang='lat' dir='ltr'>ad</span> <span class='ocrx_word' id='word_1_467' title='bbox 1356 2531 1513 2571; x_wconf 88' lang='lat' dir='ltr'>tuendam,</span> <span class='ocrx_word' id='word_1_468' title='bbox 1533 2541 1569 2564; x_wconf 83' lang='lat' dir='ltr'>ex</span> <span class='ocrx_word' id='word_1_469' title='bbox 1587 2529 1752 2574; x_wconf 84' lang='lat' dir='ltr'>pastoralis</span> <span class='ocrx_word' id='word_1_470' title='bbox 1770 2529 1910 2563; x_wconf 87' lang='lat' dir='ltr'>muneris</span> <span class='ocrx_word' id='word_1_471' title='bbox 1926 2529 2041 2570; x_wconf 89' lang='lat' dir='ltr'>debito,</span> <span class='ocrx_word' id='word_1_472' title='bbox 2056 2519 2258 2578; x_wconf 42' lang='lat' dir='ltr'>fflj&#39;ffleffissffi&#39;lq</span> 
     </span>
     <span class='ocr_line' id='line_1_99' title="bbox 1299 2575 2186 2622; baseline -0.003 -5"><span class='ocrx_word' id='word_1_473' title='bbox 1299 2584 1517 2618; x_wconf 86' lang='lat' dir='ltr'>auctoritatem</span> <span class='ocrx_word' id='word_1_474' title='bbox 1543 2583 1796 2622; x_wconf 83' lang='lat' dir='ltr'>ecclesiasticam,</span> <span class='ocrx_word' id='word_1_475' title='bbox 1814 2593 1849 2616; x_wconf 86' lang='lat' dir='ltr'>ac</span> <span class='ocrx_word' id='word_1_476' title='bbox 1874 2592 1946 2615; x_wconf 87' lang='lat' dir='ltr'>cum</span> <span class='ocrx_word' id='word_1_477' title='bbox 1971 2581 2043 2615; x_wconf 86' lang='lat' dir='ltr'>civi-</span> <span class='ocrx_word' id='word_1_478' title='bbox 2057 2575 2186 2599; x_wconf 58' lang='lat' dir='ltr'>⁰⁹⁰⁰m⁸⁵⁸¹</span> 
     </span>
     <span class='ocr_line' id='line_1_100' title="bbox 1299 2635 2042 2681; baseline -0.001 -11"><span class='ocrx_word' id='word_1_479' title='bbox 1299 2643 1345 2670; x_wconf 84' lang='lat' dir='ltr'>tas</span> <span class='ocrx_word' id='word_1_480' title='bbox 1358 2637 1547 2675; x_wconf 82' lang='lat' dir='ltr'>Cenetensis‚</span> <span class='ocrx_word' id='word_1_481' title='bbox 1564 2637 1657 2671; x_wconf 85' lang='lat' dir='ltr'>etiam</span> <span class='ocrx_word' id='word_1_482' title='bbox 1672 2637 1702 2669; x_wconf 89' lang='lat' dir='ltr'>in</span> <span class='ocrx_word' id='word_1_483' title='bbox 1719 2636 1946 2681; x_wconf 87' lang='lat' dir='ltr'>temporalibus</span> <span class='ocrx_word' id='word_1_484' title='bbox 1959 2635 2042 2679; x_wconf 87' lang='lat' dir='ltr'>epis-</span> 
     </span>
    </p>
   </div>
   <div class='ocr_carea' id='block_1_29' title="bbox 1300 2690 2041 2737">
    <p class='ocr_par' dir='ltr' id='par_1_35' title="bbox 1300 2690 2041 2737">
     <span class='ocr_line' id='line_1_101' title="bbox 1300 2690 2041 2737; baseline -0.004 -12"><span class='ocrx_word' id='word_1_485' title='bbox 1300 2702 1381 2737; x_wconf 90' lang='lat' dir='ltr'>copo</span> <span class='ocrx_word' id='word_1_486' title='bbox 1405 2691 1566 2726; x_wconf 87' lang='lat' dir='ltr'>Cenetensi</span> <span class='ocrx_word' id='word_1_487' title='bbox 1591 2691 1685 2736; x_wconf 89' lang='lat' dir='ltr'>pleno</span> <span class='ocrx_word' id='word_1_488' title='bbox 1711 2691 1778 2724; x_wconf 84' lang='lat' dir='ltr'>iure</span> <span class='ocrx_word' id='word_1_489' title='bbox 1796 2690 1933 2724; x_wconf 87' lang='lat' dir='ltr'>subiecta</span> <span class='ocrx_word' id='word_1_490' title='bbox 1950 2693 2041 2730; x_wconf 81' lang='lat' dir='ltr'>esset,</span> 
     </span>
    </p>
   </div>
  </div>
 </body>
</html>
