2293 3231
271 278 320 306 An.
335 279 362 306 G.
387 278 449 306 ¹62¹

270 1991 379 2011 Contraria
392 1992 451 2012 tolli'.

470 325 709 370 praetendentes
729 325 767 358 ad
789 325 848 358 lioc
870 325 971 358 vocati
995 335 1058 358 non
1082 324 1210 366 fuerint,

470 389 525 412 nec
546 378 726 423 praemissis
747 378 973 419 consenserint,
990 383 1042 411 aut
1061 388 1212 422 quocum—

469 443 529 475 que
554 432 616 465 alio
645 437 827 475 praetextu,
852 442 907 465 seu
938 432 1014 465 alias
1039 443 1077 466 ex
1101 433 1210 476 quavis

469 487 579 525 cansa,
604 486 642 518 de
666 485 897 529 subreptionis,
922 486 969 519 vel
996 485 1210 529 obreptionis,

468 544 520 572 aut
537 538 688 572 nullitatis
705 538 790 579 vitio,
804 549 859 572 seu
876 538 1058 573 intentionis
1074 543 1210 579 nostrae,

468 597 521 624 aut
544 591 657 636 quovis
677 592 738 625 alio
763 592 897 633 defectu,
915 592 1108 636 impugnari,
1130 592 1212 625 inva-

469 644 570 686 lidari,
591 650 619 678 ct
645 645 682 677 ad
709 645 860 679 terminos
876 645 954 679 iuris
978 645 1097 685 reduci,
1115 645 1146 677 in
1163 645 1211 679 ius

468 697 515 730 vel
533 698 781 731 controversiain
807 699 961 740 revocari,
979 709 1035 732 seu
1060 698 1211 732 adversus

468 750 536 783 illas
556 751 779 795 quodcumque
800 752 888 792 iuris,
908 751 980 786 sacti
1005 752 1053 784 vel
1078 751 1212 795 quodvis

467 804 643 846 remedium
663 805 830 849 impetrari
847 804 855 822 ¹
875 816 938 839 non
959 815 1062 849 posse,
1079 815 1136 837 nec
1153 805 1211 838 sub

467 857 631 902 quibusvis
655 858 806 892 similium
832 859 879 891 vel
904 858 1106 891 dissimilium
1132 869 1208 901 gra-

468 910 582 944 tiarum
623 912 895 953 revocationibus,
931 912 1210 956 suspensionibus,

467 964 716 1006 limitationibns,
730 965 989 1009 derogationibus
1005 970 1035 998 et
1055 965 1123 998 aliis
1140 975 1212 999 con-

468 1018 571 1052 trariis
595 1019 867 1062 dispositionibus,
885 1030 902 1051 a
927 1018 1017 1052 nobis
1040 1023 1069 1050 et
1087 1029 1211 1051 succes-

467 1072 594 1105 soribus
607 1073 724 1106 nostris
737 1072 885 1106 Romanis
896 1072 1100 1105 Pontificibus
1117 1083 1212 1115 quan·

467 1126 645 1170 documqne
658 1131 688 1159 et
706 1126 764 1159 sub
782 1125 1036 1170 quibuscumque
1049 1126 1210 1159 tenoribus

468 1184 498 1212 et
513 1179 624 1213 formis
640 1190 698 1224 pro
716 1185 860 1223 temporc
885 1179 1046 1219 emanans,
1067 1190 1211 1223 compre-

469 1233 580 1273 hendi;
598 1239 638 1273 et,
657 1233 781 1277 quoties
798 1233 869 1265 illae
894 1233 1094 1273 emanabunt,
1120 1233 1211 1266 toties

469 1287 500 1320 in
523 1287 691 1331 pristinum
717 1292 748 1319 et
772 1297 861 1327 eum,
887 1287 918 1319 in
950 1297 1013 1330 quo
1043 1291 1209 1330 antequam

468 1346 651 1374 emanarent
671 1346 768 1381 erant,
790 1346 904 1373 statum
931 1340 1101 1380 restitutas,
1122 1351 1211 1384 repo-

469 1395 543 1427 sitas
560 1399 589 1428 et
605 1394 746 1438 plenarie
762 1394 980 1437 reintegratus,
992 1405 1026 1427 ac
1044 1394 1082 1426 de
1095 1404 1209 1433 nuovo,

469 1447 526 1481 sub
555 1458 754 1491 quacumque
784 1448 878 1480 etiam
916 1447 1085 1491 posteriori
1121 1447 1209 1487 data,

468 1501 730 1545 quandocumque
751 1500 905 1544 eligenda,
931 1500 969 1533 de
986 1511 1068 1533 novo
1086 1511 1211 1534 conces-

468 1565 534 1595 sas,
559 1554 739 1598 validasque
764 1560 793 1587 et
819 1556 960 1587 etIicaccs
986 1555 1053 1587 sore
1077 1560 1105 1587 et
1131 1565 1209 1595 esse,

468 1618 503 1641 ac
521 1619 595 1642 suos
612 1608 771 1652 plenarios
789 1613 819 1641 et
837 1608 978 1651 integros
997 1608 1126 1641 effectus
1142 1618 1210 1641 sor—

469 1661 535 1702 tiri,
561 1661 668 1704 sicque
692 1672 749 1704 per
773 1671 990 1704 quoscumque
1015 1660 1134 1693 iudices
1159 1671 1210 1693 or-

468 1713 607 1747 dinarios
631 1717 660 1748 et
684 1714 843 1757 delegatos
873 1713 1005 1746 iudicari
1030 1718 1058 1746 et
1085 1713 1210 1746 deliniri

468 1767 595 1808 debere,
611 1778 734 1801 necnon
755 1767 879 1801 irritum
902 1773 929 1800 et
948 1767 1038 1800 inane
1057 1767 1211 1811 quidquid

469 1831 559 1854 secus
576 1831 671 1865 super
688 1821 736 1853 his
754 1831 771 1853 a
791 1831 961 1865 quoquam,
979 1820 1088 1864 quavis
1106 1826 1211 1854 aucto—

470 1874 571 1915 ritate,
596 1874 732 1908 scienter
756 1875 804 1907 vel
828 1874 1022 1918 ignoranter,
1043 1874 1208 1917 contigerit

469 1928 622 1961 attentari.

513 1981 528 2025 ἓ
552 1980 604 2014 10.
629 1981 697 2014 Non
726 1981 923 2014 obstantibus
955 1981 1150 2025 praemissis,
1175 1991 1210 2014 ac

468 2034 660 2078 apostolicis,
684 2044 742 2067 nec
766 2045 829 2068 non
854 2034 885 2067 in
909 2034 1157 2078 provincialibus
1181 2040 1210 2067 et

468 2086 671 2132 synodalibus
706 2088 846 2122 conciliis
877 2088 986 2129 editis,
1011 2088 1211 2131 generalibus

471 2142 515 2175 vel
533 2142 732 2187 specialibus,
750 2141 1027 2175 constitutionibus
1043 2146 1073 2174 ct
1088 2141 1211 2175 ordina-

469 2195 615 2236 tionibus,
633 2195 810 2240 ceterisque
826 2195 993 2228 contrariis
1009 2194 1212 2238 quibuscum-

467 2259 537 2293 que.
563 2249 713 2282 Volumus
737 2252 841 2282 autem
867 2248 951 2291 quod
971 2247 1086 2290 singuli
1110 2247 1229 2291 magi-'

468 2303 535 2343 stri,
556 2302 703 2336 doctores
722 2308 753 2335 ct
771 2302 906 2336 lectores
926 2301 1139 2335 universitatis
1154 2312 1210 2345 per

468 2362 648 2399 praesentes
662 2361 785 2389 erectae
799 2355 991 2395 huiusmodi,
1004 2355 1036 2388 in
1053 2355 1210 2399 principio

469 2409 727 2450 cuiuslibetanni‚
739 2419 794 2442 seu
805 2409 1008 2442 renovatione
1022 2407 1209 2448 studiorum,

468 2463 548 2496 sacta
572 2463 662 2507 prius
686 2473 743 2507 per
763 2462 904 2506 ipsorum
924 2467 955 2495 et
974 2472 1085 2495 eorum
1103 2472 1212 2506 quein-

470 2515 543 2549 libet
560 2515 592 2548 in
607 2515 753 2549 manibus
769 2514 927 2549 Ordinarii
948 2514 1120 2549 catholicae
1138 2515 1209 2548 fidei

469 2569 673 2611 professione,
690 2569 776 2602 iuxta
792 2569 942 2602 articulos
955 2580 972 2601 a
985 2568 1064 2602 Sede
1081 2570 1211 2613 Aposto-

470 2621 528 2655 lica
551 2622 742 2666 propositos,
766 2633 799 2656 sc
822 2622 910 2663 niliil,
935 2622 1020 2666 quod
1038 2622 1081 2655 illi
1099 2622 1209 2666 quovis

506 2686 517 2711 1
535 2684 606 2713 Edit.
622 2684 701 2714 Μαίη.
717 2685 783 2721 legit
796 2686 955 2721 impetrare
969 2687 1007 2720 (a.
1019 2686 1067 2718 τ.).

1054 278 1237 303 BULLARIUM
1257 278 1409 302 Romnum

1245 325 1341 358 modo
1360 330 1529 369 repugnet,
1546 329 1599 359 aut
1615 325 1653 359 sit
1669 331 1779 359 contra
1802 327 1904 360 bonos
1921 337 1987 360 mo-

1246 388 1305 418 res,
1322 377 1469 418 lecturos,
1483 377 1643 418 docturos,
1657 383 1709 411 aut
1725 378 1986 422 interpretaturos

1245 431 1378 464 solemni
1394 431 1570 465 iuramento
1584 441 1617 465 se
1631 431 1828 475 adstringere
1841 432 1984 471 debeant:

1244 484 1275 516 in
1299 484 1360 518 hoc
1383 495 1510 528 quoque
1533 484 1617 518 idem
1642 485 1827 519 Ordinarius
1846 485 1986 519 sedulam

1244 547 1373 581 operam
1398 538 1483 570 iuxta
1507 538 1580 572 dicti
1605 538 1730 573 concilii
1755 538 1880 572 decreta
1901 538 1988 571 adhi-

1243 589 1319 623 bere
1340 595 1491 623 teneatur,

1289 642 1304 684 ς
1329 638 1380 673 Η.
1405 641 1488 675 Nulli
1513 651 1591 684 ergo
1615 643 1744 677 omnino
1768 642 1934 676 hominum
1955 643 1988 676 li-

1244 699 1311 727 ceat
1335 694 1416 729 lianc
1447 695 1595 739 paginam
1620 691 1749 729 nostrae
1769 696 1986 737 absolutionis,

1243 748 1422 789 erectionis,
1447 748 1668 790 institutionis,
1693 749 1914 790 concessionis,
1939 749 1986 782 in-

1243 801 1332 843 dulti,
1356 802 1474 837 decreti
1498 807 1526 837 ct
1552 804 1719 837 voluntatis
1736 803 1919 847 infringere,
1938 803 1985 836 vel

1244 855 1272 888 ei
1296 866 1374 889 ausu
1399 857 1568 890 temerario
1593 857 1760 890 contraire.
1785 857 1816 891 Si
1842 856 1912 901 quis
1935 866 1989 890 au-

1245 913 1306 942 tem
1323 909 1383 943 hoc
1400 915 1554 944 attentare
1570 910 1830 955 praesumpserit,
1848 909 1988 954 indigna-

1244 963 1361 996 tionem
1375 965 1601 1008 omnipotcnlis
1614 965 1668 998 Dei
1682 971 1712 998 et
1727 965 1892 998 beatorum
1905 964 1987 998 Petri

1244 1020 1274 1050 et
1298 1017 1383 1050 I'auli
1408 1018 1625 1062 apostolorum
1650 1019 1717 1051 eius
1742 1028 1775 1051 sc
1799 1017 1920 1052 noverit
1945 1017 1988 1050 in-

1244 1082 1422 1105 cursurum.

1288 1125 1398 1158 Datum
1424 1125 1560 1165 Romae,
1586 1126 1669 1169 apud
1694 1130 1833 1158 sanctam
1858 1125 1986 1158 Mariam

1244 1177 1410 1219 Maiorem,
1442 1189 1524 1212 anno
1553 1179 1780 1212 Inoni-nationis
1806 1179 1986 1212 Dominicae

1244 1241 1364 1264 >mcxxi
1383 1259 1390 1271 ‚
1415 1232 1627 1265 sextodecimo
1652 1232 1800 1265 kalendas
1824 1231 1986 1269 octobris.

1245 1285 1447 1328 pontificatus
1470 1285 1570 1325 nostri
1595 1296 1676 1319 anno
1701 1296 1719 1318 1.

1282 1347 1337 1374 liat,
1361 1347 1404 1374 die
1428 1347 1458 1375 16
1477 1348 1640 1383 septembris
1662 1348 1740 1382 1621,
1762 1347 1857 1383 pontis.
1879 1355 1922 1375 an.
1943 1353 1961 1375 1.

1226 1458 1229 1492 l
1552 1465 1682 1499 XXXIII.

1243 1535 1413 1569 Revocale'o
1427 1546 1710 1580 quarumcmnque
1729 1536 1923 1570 electionum
1939 1537 1988 1570 iu-

1288 1589 1398 1622 dicum
1423 1595 1679 1623 conservatorum
1706 1591 1860 1624 hactenus
1885 1591 1988 1634 facta-

1289 1654 1373 1683 rum,
1399 1648 1427 1676 et
1448 1654 1530 1677 nova
1547 1644 1584 1677 de
1601 1645 1647 1677 eis
1663 1655 1838 1688 eorumque
1862 1644 1988 1677 electio-

1289 1698 1386 1730 nibus
1397 1698 1432 1730 in
1442 1701 1608 1742 posterum
1619 1697 1780 1741 faciendis
1794 1695 1985 1742 dispositio&

1289 1768 1510 1802 Sanctissimus
1535 1769 1567 1802 in
1590 1768 1714 1803 Christo
1738 1774 1826 1812 pater
1844 1773 1874 1802 et
1889 1768 1989 1802 domi-

1244 1832 1302 1854 nus
1324 1827 1432 1855 noster
1455 1822 1488 1855 D.
1514 1822 1686 1865 Gregorius
1704 1821 1807 1854 divina
1823 1821 1988 1865 providen-

1228 1875 1287 1916 ¹tia
1311 1875 1393 1919 Papa
1416 1875 1477 1916 XV,
1491 1885 1526 1907 ex
1544 1875 1638 1908 certis
1655 1874 1861 1908 rationalibus
1885 1873 1987 1907 causis

1226 1928 1383 1961 'animum
1414 1939 1505 1962 suum
1538 1928 1753 1968 moventibus,
1785 1933 1815 1961 et
1845 1928 1883 1961 de
1915 1932 1986 1961 voto

1245 1981 1473 2014 venerabilium
1504 1982 1638 2014 fratrum
1671 1991 1800 2014 suorum
1831 1980 1860 2013 S.
1888 1981 1923 2014 R.
1952 1980 1985 2013 E.

1244 2035 1451 2068 cardinalium
1476 2035 1604 2068 Concilii
1629 2034 1802 2068 Tridentini
1832 2034 1987 2078 interpre-

1243 2094 1320 2128 tum,
1336 2089 1451 2132 partim
1465 2088 1564 2122 selicis
1577 2088 1807 2122 recordationis
1819 2087 1986 2122 Clementis

1245 2142 1346 2186 Papae
1378 2143 1443 2175 YllI
1479 2142 1732 2186 praedecessoris
1764 2142 1811 2175 sui
1849 2141 1986 2185 vestigiis

1226 2219 1229 2242 Ἀ
1245 2196 1448 2240 inhaerendo,

1289 2249 1304 2292 g
1324 2249 1352 2282 ¹1.
1379 2249 1562 2290 Revocavit,
1588 2260 1623 2282 ac
1655 2250 1756 2282 nullas
1780 2254 1811 2282 et
1835 2248 1986 2281 invalidas

1226 2302 1392 2347 ¹decrevit,
1417 2312 1527 2335 omnes
1551 2307 1582 2335 et
1605 2312 1820 2346 quascumque
1845 2300 1985 2334 iudicum

1244 2361 1501 2389 conservatorum
1535 2355 1721 2394 electiones,
1753 2354 1985 2388 nominationes

1280 2464 1290 2490 1
1310 2463 1349 2490 De
1365 2462 1414 2490 hac
1439 2463 1551 2490 materia
1573 2461 1634 2489 vide
1649 2460 1854 2497 dispositionem
1874 2460 1985 2488 Bonifa-

1243 2506 1276 2533 cii
1292 2506 1349 2533 VllI
1365 2506 1391 2534 in
1407 2515 1466 2542 cap.
1482 2513 1511 2533 x¹
1528 2506 1570 2533 De
1584 2505 1717 2540 rescript.
1730 2512 1805 2532 num.
1821 2505 1847 2538 6,
1863 2508 1891 2532 et
1905 2504 1986 2532 etiam

1243 2559 1301 2586 cap.
1315 2559 1322 2578 ι
1339 2555 1367 2578 et
1381 2559 1415 2578 xv
1426 2551 1464 2579 De
1478 2550 1551 2586 offic.
1564 2549 1653 2584 deley.
1666 2557 1739 2576 num.
1753 2549 1780 2583 63
1798 2557 1903 2577 necnon
1918 2549 1987 2576 Con-

1242 2595 1286 2622 cil.
1303 2595 1377 2622 Trid.
1393 2603 1461 2622 sess.
1482 2601 1536 2626 xw.
1558 2602 1616 2629 cap.
1634 2599 1650 2620 v
1667 2593 1708 2620 De
1725 2593 1790 2628 res„
1805 2597 1833 2620 et
1852 2593 1947 2621 Leonis
1967 2593 1986 2620 X

1243 2639 1355 2667 Constit.
1376 2645 1450 2673 xxiv,
1471 2642 1537 2665 tom.
1560 2646 1583 2672 v,
1604 2645 1665 2673 pag.
1686 2637 1754 2669 685.
1775 2641 1802 2665 et
1821 2637 1906 2665 Clem.
1926 2635 1986 2664 VIII

1226 2694 1227 2717 ς
1243 2683 1333 2712 Const.
1351 2690 1376 2717 v,
1394 2687 1460 2711 tom.
1477 2690 1516 2717 ix,
1533 2690 1593 2718 pag.
1610 2681 1672 2710 524.

2004 280 2053 306 An.
2067 279 2096 307 C.
2118 279 2183 308 ¹62¹

2075 660 2186 681 mausum

2001 688 2110 713 poenales.

2041 2267 2137 2289 Pontifex
2153 2273 2185 2290 re·

2001 2297 2063 2315 vocat
2077 2300 2150 2316 omnes
2164 2297 2186 2316 et

2001 2325 2145 2348 quascumque
2163 2326 2186 2342 ο-

2000 2347 2104 2368 lectiones
2135 2352 2185 2368 con·

2000 2376 2131 2395 servatorum
2148 2373 2186 2395 ha-

2000 2402 2073 2421 ctonns
2090 2400 2166 2422 saetas.
