2293 3231
70 283 118 312 Au.
141 282 170 311 C.
189 281 255 309 1612

904 280 1023 306 PAULL'S
1050 280 1067 305 V
1092 281 1139 306 ΓΡ,

266 332 435 362 meraemet
452 327 591 371 quolibet
613 327 761 362 trimestri
787 327 936 361 exhibere
964 332 1006 362 tc-

266 385 408 416 neantur.

312 433 363 468 94.
387 434 562 466 Teneantur
585 433 699 466 notarii
725 433 876 477 praedicti
894 433 1007 466 descri-

267 488 342 520 bere
367 487 397 520 in
423 487 491 521 lista
523 498 632 521 omnes
657 487 812 520 indistinte
838 487 1005 519 informare

268 541 407 574 volentes
431 540 462 572 in
487 543 542 573 susi
569 540 629 581 die,
647 550 704 573 nec
728 550 787 583 pro
812 539 932 579 ordine,
957 549 1007 571 an-

268 593 435 634 telatione,
462 594 508 625 vel
542 593 739 626 informando
765 592 865 625 iudice
889 592 1007 635 aliquid

268 646 431 690 recipiant,
446 647 538 680 etiam
556 657 573 678 a
587 650 696 690 sponte
714 645 867 679 dantibus.
886 645 920 677 Ei
938 645 1006 677 lista

268 698 321 733 fiat
344 701 405 732 una
430 699 479 732 die
498 710 556 743 pro
577 699 685 732 altera.
708 699 744 732 Et
764 699 793 731 in
814 703 958 731 eventum
977 698 1006 730 in

269 763 362 796 quem
387 762 496 786 omnes
513 753 543 784 in
564 752 634 786 lista
651 751 743 795 positi
764 752 932 784 informare
945 762 1007 784 non

268 806 448 850 potuerint,
472 805 540 838 aliis
565 806 782 849 praeferantur
811 805 840 837 in
866 804 1007 848 sequenti

268 858 498 893 informatione.

313 912 365 946 95.
390 913 451 946 Pro
476 911 677 945 contradictis
693 920 756 943 non
773 910 936 954 recipiant,
950 910 1008 943 nisi

270 965 355 1010 quod
370 976 443 999 vere
464 965 596 999 solvitur
611 964 716 998 officio
733 963 1006 998 contradictarum.

315 1020 366 1054 96.
381 1019 545 1054 Substituti
562 1019 758 1052 notariorum
772 1018 912 1051 eiusdem
927 1018 1010 1050 audi-

270 1074 347 1109 toris
360 1073 535 1114 tribunalis,
554 1073 593 1106 ad
612 1072 842 1106 conficiendum
855 1078 922 1105 acta
935 1072 1009 1105 civi-

270 1128 312 1161 lia
328 1138 382 1161 seu
395 1127 580 1167 criminalia,
597 1127 636 1159 ad
660 1130 753 1160 testes
777 1126 1009 1166 examinandos,

269 1191 392 1215 necnon
409 1181 447 1213 ad
463 1180 604 1224 roganda
619 1179 775 1223 quaelibet
794 1179 1010 1217 instrumenta,

271 1238 464 1275 testamenta,
481 1238 512 1268 et
524 1234 600 1266 alias
616 1233 847 1277 dispositiones,
869 1233 950 1266 ultra
966 1244 1012 1266 re-

271 1287 401 1332 quisitas
425 1287 672 1332 approbationes
688 1285 840 1319 auditoris
857 1296 1010 1327 camerae,

271 1341 336 1375 sive
360 1341 427 1374 eius
444 1341 476 1373 in
499 1339 644 1373 civilibus
661 1340 709 1372 vel
734 1339 950 1373 criminalibus
969 1341 1013 1374 lo-

272 1394 527 1435 cumtenentiurn‚
543 1403 606 1426 non
623 1393 836 1434 admittantur,
850 1393 908 1426 nisi
924 1404 1013 1438 prae-

271 1448 321 1481 via
334 1447 428 1482 etiam
444 1446 674 1492 approbatione
692 1446 816 1489 collegii
829 1447 1011 1480 eorumdem

270 1501 477 1543 notariorum,
498 1501 529 1534 in
554 1511 615 1545 qua
631 1501 743 1535 notarii
763 1501 822 1544 ipsi
846 1501 883 1533 de
900 1511 1014 1545 appro-

271 1556 407 1597 batione,
424 1555 486 1589 fide
502 1559 533 1590 et
555 1555 721 1589 idoneitate
746 1555 1011 1589 admittendorum

270 1614 462 1645 attestentur.

315 1663 368 1697 97.
385 1663 537 1708 Quodque
559 1667 620 1697 tam
634 1664 746 1696 notarii
764 1665 822 1697 sub
837 1665 1012 1698 amissionis

272 1717 377 1759 officii,
391 1728 485 1761 quam
498 1727 608 1750 eorum
621 1717 776 1751 substituti
791 1717 940 1762 praedicti
955 1719 1011 1751 sul)

271 1771 449 1806 triremium
478 1773 703 1815 perpetuarum
736 1774 860 1815 poena,
892 1772 1012 1815 aliquas

272 1824 456 1859 socie-tatum
472 1824 648 1858 officiorum
673 1824 833 1867 pecunias,
851 1835 1011 1865 censuum,

271 1883 303 1914 et
318 1879 453 1912 aliorum
470 1877 607 1910 cuiusvis
624 1877 749 1920 generis
773 1882 989 1912 contractuum
1003 1878 1011 1895 ¹

271 1933 331 1966 nisi
355 1931 576 1976 procuratorio
599 1931 738 1973 nomine,
756 1932 803 1964 vel
829 1932 866 1965 de
891 1932 1011 1971 ordine,

273 1997 436 2027 consensu,
453 1989 506 2020 aut
524 1986 681 2019 voluntate
706 1986 854 2029 partium,
877 1985 1012 2028 exigere,

271 2040 427 2083 recipere,
451 2042 482 2072 et
505 2049 603 2082 penes
626 2049 658 2071 se
683 2039 793 2081 quovis
820 2039 914 2071 modo
939 2040 1012 2073 reti-

272 2103 358 2134 nere,
375 2096 518 2133 tractare,
535 2095 565 2125 et
587 2092 703 2125 habere
727 2102 789 2125 non
814 2093 956 2127 audeant.
978 2094 1015 2127 Et

273 2147 298 2180 si
329 2157 419 2180 secus
451 2145 602 2185 fecerint,
626 2145 740 2178 notarii
772 2146 810 2178 ad
843 2146 957 2179 danma
984 2151 1013 2181 et

273 2200 443 2240 interesse,
468 2209 547 2242 quae
573 2198 665 2242 culpa
695 2199 933 2233 substitutorum
965 2210 1015 2233 eo-

274 2253 419 2287 rumdem
443 2252 586 2296 partibus
609 2252 772 2292 evenerit,
798 2256 961 2286 teneantur
985 2257 1013 2286 et

274 2306 402 2350 obligati
427 2305 508 2346 sint,
533 2315 569 2337 ac
603 2308 712 2338 contra
737 2315 791 2338 eos
821 2305 851 2337 in
875 2305 924 2338 his
947 2316 1015 2339 exe-

274 2360 401 2405 quutive
425 2359 556 2404 procedi
580 2358 688 2402 possit,
705 2361 735 2391 et
759 2357 877 2391 debeat.

317 2412 369 2447 98.
387 2413 550 2447 Postremo
563 2412 636 2446 dieti
653 2411 766 2446 notarii
780 2411 858 2444 nihil
876 2421 1012 2455 unquam

274 2468 410 2502 cuiusvis
442 2466 567 2511 generis
597 2467 771 2510 scripturae
802 2465 841 2498 ad
865 2465 1014 2498 iudicium

274 2521 479 2566 pertinentis,
505 2520 590 2565 quod
621 2524 707 2554 extra
737 2519 861 2553 Curiam
896 2519 1016 2553 mitten-

275 2574 350 2608 dum
373 2574 422 2616 sit,
447 2574 623 2619 expediant,
647 2577 678 2608 et
701 2573 782 2618 parti
807 2572 938 2612 tradant,
956 2571 1014 2604 nisi

313 2690 325 2718 1
347 2688 419 2717 mit.
435 2686 517 2718 nain.
534 2689 600 2727 legit
617 2691 795 2719 contractum
810 2689 846 2724 (a.
866 2688 916 2723 T.).

1039 339 1110 361 cum
1136 328 1364 373 subscriptis-me
1389 328 1550 365 auditoris,
1577 329 1622 360 vel
1648 327 1715 360 eius
1734 328 1776 361 lo-

1040 382 1253 416 rumh-nentis.

1084 436 1134 468 99.
1160 435 1277 468 Notarii
1312 435 1417 467 vivarii
1452 435 1543 468 l'rbis
1574 445 1634 467 non
1664 435 1777 467 faciant

1041 488 1205 521 monitoria
1220 489 1376 530 generalia
1394 489 1439 520 rel
1461 488 1607 532 specialia
1624 491 1708 521 extra
1727 499 1777 520 cu-

1041 540 1119 572 riam
1152 545 1178 573 ct
1212 541 1301 573 libis
1334 541 1529 581 districtim),
1556 552 1626 573 cum
1652 550 1713 573 non
1739 541 1774 572 sit

1041 603 1150 625 eorum
1175 593 1286 632 otticii3
1312 604 1369 626 nec
1393 593 1465 627 slent
1489 603 1652 633 censuras,
1676 603 1776 636 neque

1042 646 1209 678 terminum
1234 657 1329 690 super
1354 647 1597 688 obligationibus
1622 647 1651 679 in
1676 647 1777 680 forma

1041 709 1193 731 camerae.
1211 700 1317 742 Neque
1334 700 1501 733 concedant
1528 700 1730 733 monitorium
1746 699 1778 732 in

1042 753 1143 785 forma
1165 752 1370 796 Sz'ym'ficaci!
1397 765 1454 797 pro
1480 754 1573 786 rebus
1596 753 1776 797 deperditis„

1041 806 1098 838 nisi
1120 806 1202 839 iuxta
1226 807 1358 839 sormam
1383 807 1509 840 Concilii
1535 807 1715 840 Tridentini.

1086 858 1158 892 1100.
1185 860 1251 892 Non
1277 859 1402 902 capiant
1422 871 1480 903 pro
1497 860 1647 900 examine,
1664 860 1712 892 vel
1729 860 1778 892 lit-

1043 911 1116 945 teris
1141 912 1398 949 ordinandorum,
1424 913 1480 944 nisi
1506 918 1654 956 quantum
1679 913 1738 945 sibi
1762 924 1778 944 a

1042 965 1170 998 Concilii
1195 965 1367 999 Tridentini
1400 965 1533 999 decretis
1557 966 1606 998 ρι’
1633 966 1779 999 reforma-

1044 1019 1125 1052 tione
1150 1030 1273 1052 sumere
1298 1025 1342 1052 est
1368 1019 1565 1063 permissum.

1092 1072 1160 1105 101.
1186 1073 1379 1117 Pauperibus
1404 1073 1499 1116 gratis
1523 1073 1606 1114 dent,
1622 1079 1654 1106 ut
1681 1077 1781 1108 tenen-

1045 1129 1102 1159 tur.

1088 1179 1161 1212 1102.
1188 1179 1304 1214 Notarii
1331 1181 1436 1218 Rotae,
1462 1180 1493 1212 in
1518 1181 1710 1214 confectione
1737 1192 1781 1214 re—

1045 1233 1233 1276 gistrorum,
1258 1234 1473 1274 rubricarum,
1498 1239 1526 1268 et
1551 1234 1713 1278 copiarum
1737 1245 1783 1267 re-

1045 1288 1208 1328 missoriis,
1233 1288 1464 1332 compulsoriis‚
1485 1288 1781 1332 exequutorialibus‚

1045 1342 1126 1375 notis
1150 1342 1372 1376 sententiarum
1398 1342 1642 1381 diffinitivarum,
1660 1342 1783 1376 testium

1046 1395 1197 1437 examine,
1223 1399 1250 1429 et
1276 1395 1465 1433 huiusmodi,
1494 1395 1573 1427 lianc
1590 1399 1729 1429 nostram
1754 1401 1782 1428 et

1046 1449 1122 1482 alias
1138 1451 1234 1483 Rotae
1255 1450 1491 1484 constitutiones
1511 1453 1654 1484 accurate
1678 1450 1784 1483 obser-

1046 1509 1115 1536 vent
1131 1530 1138 1544 ‚
1163 1503 1220 1536 sub
1245 1504 1355 1548 poenis
1386 1504 1417 1536 in
1443 1504 1487 1536 eis
1511 1504 1682 1544 contentis,
1708 1514 1784 1547 quas

1046 1557 1239 1598 innovamus,
1260 1568 1317 1591 nec.
1337 1558 1429 1598 ultra,
1446 1568 1539 1601 quani
1558 1568 1615 1602 per
1635 1568 1687 1590 cas
1702 1557 1784 1599 licet,

1046 1611 1209 1654 accipiant.

1090 1664 1162 1697 103.
1188 1664 1320 1698 Litteras
1343 1664 1570 1697 r‹.³missoriales
1594 1664 1731 1696 scribant.
1754 1663 1784 1696 in

1046 1719 1130 1751 carta
1156 1717 1238 1750 iuxta
1262 1721 1399 1750 veterem
1430 1727 1550 1750 morem
1575 1728 1591 1749 a
1617 1717 1784 1750 cartulario

1047 1771 1170 1811 lineata,
1187 1770 1275 1803 cuius
1299 1781 1502 1814 unaquaespie
1527 1770 1606 1803 linea
1629 1770 1785 1803 contineat

1047 1825 1155 1857 saltem
1172 1824 1305 1868 syllabas
1328 1823 1435 1857 decem
1461 1829 1488 1855 et
1514 1829 1595 1861 octo,
1620 1827 1711 1868 atque
1735 1833 1784 1856 ro-

1048 1878 1102 1912 tuli
1127 1878 1249 1921 palmus
1273 1878 1309 1910 sit
1335 1878 1491 1910 linearum
1517 1877 1652 1919 triginta.

1092 1931 1165 1964 1104.
1190 1931 1267 1964 Dent
1292 1930 1385 1963 iidem
1409 1931 1521 1964 notarii
1554 1931 1650 1965 Rotae
1675 1930 1786 1974 petitas

1047 1995 1064 2017 a
1078 1984 1219 2028 partibus
1231 1984 1444 2028 expeditiones
1458 1984 1574 2027 absque
1586 1983 1787 2027 requisitione.

1047 2038 1181 2081 depositi
1206 2048 1265 2081 pro
1290 2037 1424 2080 registro
1450 2037 1532 2070 illius
1556 2043 1643 2070 actus
1674 2038 1719 2069 vel
1739 2048 1787 2070 ex-

1048 2091 1213 2134 peditionis
1237 2090 1441 2126 conficiendo,
1466 2091 1513 2123 vel
1539 2092 1620 2123 fat-,to
1644 2090 1787 2134 deposito

1049 2144 1217 2187 registrum
1242 2144 1278 2177 de
1306 2144 1367 2176 illis
1383 2144 1513 2178 omnino
1538 2144 1588 2177 siat
1614 2148 1643 2178 et
1664 2153 1725 2176 non
1743 2154 1788 2176 re-

1048 2198 1189 2241 linquant
1213 2199 1286 2231 t'olia
1311 2198 1341 2231 in
1366 2199 1453 2231 albis.

1093 2251 1166 2284 ι105.
1192 2251 1285 2284 Facto
1314 2252 1449 2294 registro
1474 2252 1635 2284 conficiant
1656 2251 1788 2284 inventa-

1049 2305 1131 2337 rium
1156 2310 1311 2344 actorum,
1338 2305 1636 2343 instrumentorum,
1661 2308 1687 2335 et
1714 2303 1788 2335 scri-

1048 2363 1213 2401 pturarum
1231 2358 1262 2390 in
1279 2368 1316 2390 eo
1333 2357 1572 2400 descriptarum,
1589 2356 1703 2389 actoris
1727 2355 1788 2399 pri-

1049 2421 1156 2448 mum,
1181 2411 1292 2443 deiude
1318 2411 1362 2443 rei
1388 2415 1455 2442 aeta
1485 2415 1513 2442 et
1540 2410 1607 2442 iura
1631 2409 1786 2449 notando,

1049 2475 1120 2496 cum
1152 2464 1324 2497 adiectione
1357 2464 1502 2496 foliorum
1535 2463 1565 2495 in
1598 2462 1711 2506 quibus
1736 2463 1787 2495 illa

1048 2517 1204 2560 descripta
1228 2517 1439 2560 reperiuntur,
1457 2522 1485 2548 et
1511 2516 1628 2549 dictum
1653 2516 1788 2549 inventa-

1049 2571 1131 2603 rium
1148 2575 1273 2603 assuant
1291 2570 1378 2602 initio
1396 2569 1532 2612 registri.

1086 2687 1097 2713 1
1121 2685 1222 2713 Forsan
1241 2684 1385 2721 legendum
1405 2685 1438 2712 de
1460 2684 1497 2720 (n.
1514 2684 1561 2719 T.).

1702 272 1743 306 95
1791 279 1837 306 An.
1859 279 1886 306 c.
1906 279 1971 307 ¹512
