2293 3231
112 248 162 278 An.
181 247 210 276 C.
229 247 292 276 ¹621

914 256 1089 281 aumonius
1111 259 1149 282 XV
1171 259 1218 282 1³1¹.

309 296 563 331 universitatibus
583 300 760 342 praedictis,
780 301 968 346 illarumque
988 315 1045 348 pro

308 354 453 393 tempore
484 351 689 386 existentibus
720 355 931 395 cancellariis,
957 357 1041 389 vicc-

308 403 512 444 cancellariis,
531 404 711 446 lectoribus,
730 407 897 450 magistris,
915 409 1047 443 doctori-

307 454 1045 502 buS,praeceptoribus,gradualiascholaribus,

308 511 579 552 proculatoribus,
601 512 734 553 bidellis,
759 514 890 554 nunciis,
915 515 1045 558 aliisque

308 562 495 597 officialibus
512 575 547 597 ac
569 567 722 609 personis,
739 577 796 600 nec
814 577 875 600 non
894 569 1045 601 membris

308 619 338 647 et
357 616 498 656 subditis,
517 617 547 649 in
568 628 685 661 genere
702 625 732 652 et
749 620 862 663 specie,
883 626 944 653 tam
969 632 1043 665 apo·
1061 615 1063 619 ’

309 668 429 709 stolica,
449 680 543 713 quam
569 671 723 714 imperiali
748 678 778 706 et
802 674 888 715 regia
913 675 1046 707 auctori-

307 720 432 762 tatibus,
450 728 503 755 aut
523 723 598 756 alias
614 726 860 768 quomodolibet,
878 727 1044 767 concessis,
1061 726 1062 730 ’

307 783 362 806 seu
379 775 518 817 legitime
537 779 749 822 praescriptis,
763 784 815 812 aut
832 780 863 812 in
881 786 1043 823 posterum
1060 774 1062 781 ¹

308 828 526 869 concedendis,
547 841 583 863 ac
602 831 717 874 quibus
742 832 811 865 illae
837 838 867 865 et
888 833 939 866 illa
956 832 1062 867 utun-'

307 884 368 920 tur,
393 881 556 924 potiuntur
580 889 610 916 ct
635 884 782 926 gaudent,
807 895 843 918 ae
867 886 922 926 uti,
948 887 1043 929 potiri

307 937 337 966 et
359 933 497 976 gaudere
520 941 668 979 poterunt
693 938 930 981 quomodolibet
950 940 981 971 in
1000 920 1063 976 fu-i

304 989 411 1019 turum
436 988 521 1030 (cum
547 989 616 1028 hoc,
641 990 735 1032 quod,
761 997 924 1034 praetextu
953 992 1062 1035 privi-,

305 1037 460 1081 legiorum
477 1041 669 1081 huiusmodi,
687 1053 741 1075 seu
757 1044 831 1086 quia
847 1044 878 1076 in
893 1045 961 1088 ipsa
979 1046 1046 1078 uni-

304 1092 452 1126 versitate
469 1094 657 1127 matriculati
677 1096 803 1135 suerint,
820 1098 984 1140 proprium
1004 1099 1045 1131 so·
1060 1122 1063 1171 Ι

303 1154 374 1178 rum
385 1151 535 1179 eteorum
551 1148 688 1181 iudicum
701 1151 945 1193 competentium
956 1151 1046 1184 iuris-

303 1197 471 1233 dictionem
496 1201 654 1234 declinare
671 1212 733 1235 non
756 1203 886 1246 possint,
903 1204 966 1244 sed,
983 1205 1044 1237 illis

304 1260 366 1284 non
375 1252 581 1294 obstantibus,
589 1255 652 1287 suis
659 1255 807 1297 legitimis
815 1256 1043 1299 superioribus,

305 1304 409 1338 clerici
435 1311 464 1338 et
488 1307 663 1352 presbyteri
688 1319 801 1352 nempe
820 1308 987 1343 Ordinario
1013 1317 1043 1343 et

305 1357 535 1399 ecclesiasticis,
550 1360 621 1393 laici
638 1371 712 1394 vero
730 1362 923 1395 secularibus
944 1369 973 1395 et
990 1364 1045 1396 lai-

305 1409 349 1442 cis
366 1410 521 1444 iudicibus
542 1412 674 1446 subiecti
692 1416 896 1457 remaneant),
914 1416 970 1456 uti,
991 1427 1044 1460 po-

305 1462 356 1496 tiri
381 1469 410 1497 et
434 1465 571 1508 gaudere
586 1466 604 1506 ⁴3
621 1477 743 1500 necnon
767 1468 804 1500 iis
829 1469 882 1512 qui
908 1469 940 1501 in
956 1480 1044 1513 prae.-

304 1515 397 1557 dieta,
422 1523 515 1561 atque
540 1519 634 1552 etiam
659 1520 696 1552 iis
720 1521 773 1563 qui
798 1521 829 1553 in
854 1522 962 1564 quavis
982 1523 1042 1556 alia

303 1569 516 1611 universitate,
527 1571 700 1616 disciplinis
710 1578 739 1606 et
749 1573 946 1607 facultatibus
956 1586 1043 1619 prae-

302 1621 393 1655 dictis
411 1623 537 1657 studere
562 1625 745 1669 inceperint,
764 1632 797 1659 ut
814 1627 915 1660 studia
935 1638 990 1660 sua
1010 1628 1041 1661 in

302 1676 340 1707 ea
364 1676 557 1717 continuare,
577 1683 617 1718 et,
634 1678 687 1722 qui
707 1679 738 1711 in
759 1679 960 1713 universitate
984 1692 1041 1724 per

302 1735 481 1771 praesentes
506 1734 610 1764 erecta
635 1733 815 1766 huiusmodi
837 1745 893 1777 per
919 1740 1041 1778 tempus

302 1782 440 1816 debitum
451 1784 605 1818 studuisse
618 1791 645 1818 et
661 1786 692 1818 in
706 1787 834 1820 scientia
848 1798 883 1820 ac
898 1789 1039 1821 moribus

302 1834 406 1869 idonei
427 1838 581 1881 comperti
606 1839 733 1880 fuerint,
751 1840 782 1872 in
799 1841 918 1874 artibus
933 1847 963 1874 et
980 1853 1040 1874 mc-

302 1887 415 1930 dicina,
431 1891 643 1935 philosophia,
663 1894 830 1937 theologia,
848 1905 980 1929 necnon
998 1896 1040 1928 iu-

302 1941 389 1974 ribus
405 1948 436 1975 et
451 1943 649 1978 facultatibus
671 1947 851 1990 praedictis,
875 1948 1039 1981 baccalau-

303 2000 417 2036 reatus,
433 1997 526 2029 etiam
544 1998 680 2039 formati,
694 2004 724 2032 et
740 2000 965 2042 licentiaturac,
982 2013 1038 2035 nec

301 2058 364 2082 non
389 2049 567 2083 doctoratus
592 2056 622 2084 et
645 2053 834 2095 magisterii,
859 2060 889 2087 et
912 2056 1039 2098 quosvis

302 2101 380 2135 alios
408 2102 506 2146 ipsius
541 2105 751 2138 universitatis
783 2107 890 2140 solitos
923 2109 1038 2150 gradus

303 2164 411 2188 earum
435 2156 647 2198 scientiarum,
665 2158 696 2190 in
714 2158 828 2201 quibus
853 2160 1038 2202 studuerint,

302 2218 319 2240 a
336 2209 532 2249 cancellario,
546 2220 600 2243 seu
616 2211 957 2252 vicecancellario,'nec
976 2225 1038 2248 non

301 2266 424 2295 rectore
434 2268 461 2294 et
472 2262 654 2296 doctoribus
666 2264 877 2298 universitatis
888 2276 944 2309 per
952 2278 1039 2310 prae-

301 2319 404 2348 sentes
425 2320 564 2356 erectae,
583 2315 656 2349 seu‘2
673 2317 711 2349 ab
729 2317 777 2350 his
797 2317 834 2350 ad
855 2329 934 2361 quos
954 2330 1040 2363 spec-

300 2367 388 2408 tabit,
402 2368 553 2412 recipere,
569 2375 598 2402 et
616 2370 757 2413 ipsorum
777 2371 932 2414 graduum
950 2373 1039 2406 solita

302 2419 437 2464 insignia
450 2422 508 2455 sibi
526 2423 673 2456 exhibere
690 2424 802 2464 facere,
817 2430 856 2465 et,
872 2431 1038 2469 postquam

301 2472 483 2509 huiusmodi
507 2475 623 2518 gradus
642 2481 672 2509 et
690 2477 816 2510 illorum
835 2478 968 2521 insignia
988 2490 1039 2512 su-

337 2554 349 2580 1
366 2553 541 2590 Subiutellige
557 2556 678 2590 possint,
694 2558 877 2585 concedimus
891 2561 918 2586 et
939 2559 1038 2587 indul-

301 2604 410 2634 flemus,
426 2600 463 2627 uti
480 2605 573 2636 postea
587 2601 712 2637 sequitur
727 2604 752 2628 in
770 2603 821 2630 tine
837 2604 850 2638 5
865 2604 903 2639 (n.
919 2603 967 2639 Τ.).
1055 2612 1057 2634 Ι

338 2643 355 2670 2
367 2644 466 2672 Vocem
479 2654 529 2673 seu
545 2654 593 2674 uos
608 2646 730 2674 addimus
746 2654 782 2680 tn.
800 2648 848 2674 τᾷ).

1080 307 1254 348 sccperint,
1283 307 1446 347 scientias,
1471 308 1501 340 in
1531 307 1645 351 quibus
1673 309 1817 352 graduati

1079 357 1204 397 suerint,
1228 358 1341 392 docere
1365 364 1395 393 ct
1418 360 1631 404 interpretari,
1655 371 1691 395 ac
1716 361 1748 394 in
1772 362 1818 395 eis

1079 410 1249 454 disputare,
1263 422 1319 444 nec
1337 422 1399 445 non
1416 424 1632 457 quoscumque
1645 419 1732 448 actus
1749 425 1818 457 gra-

1079 463 1130 495 dui
1146 474 1200 496 seu
1214 465 1364 505 gradibus
1378 476 1434 508 per
1449 477 1502 499 vos
1520 466 1525 482 ¹
1545 467 1702 500 concessis
1726 467 1818 501 bene-

1080 516 1220 549 ineritis²
1241 520 1341 550 l'accre
1359 525 1388 551 et
1405 530 1562 559 exercere,
1576 520 1707 564 aliisque
1720 520 1818 554 omni-

1079 569 1137 601 bus
1161 575 1191 602 et
1215 570 1346 613 singulis
1371 572 1563 615 privilegiis,
1591 574 1711 615 gratiis,
1736 574 1818 607 favo-

1079 619 1187 661 ribus,
1217 622 1444 664 praerogativis
1468 629 1498 655 et
1530 624 1678 664 indultis,
1703 624 1818 668 quibus

1061 672 1129 721 ¹alii
1155 672 1185 704 in
1209 672 1466 707 Salamantinensi
1487 681 1516 708 et
1540 676 1764 720 Complutensi,
1781 687 1817 710 ac

1078 725 1238 768 quibusvis
1266 727 1334 760 aliis
1360 728 1580 771 Hispaniarum
1611 730 1818 763 universitati-

1078 778 1136 811 bus
1160 780 1339 823 approbatis
1364 781 1448 814 iuxta
1472 782 1596 815 illarum
1626 784 1818 818 constitutio-

1078 843 1132 865 nes
1154 839 1184 866 et
1209 844 1313 867 mores
1338 835 1472 878 promoti
1498 836 1535 869 de
1561 836 1638 877 iure,
1655 847 1724 875 usu,
1745 847 1818 871 con-

1078 886 1259 926 suetudine,
1284 893 1337 920 aut
1360 888 1451 928 alias,
1477 894 1622 930 utuntur,
1650 890 1816 932 fruuntur,

1078 939 1242 982 potiuntur
1265 946 1295 972 et
1319 940 1472 982 gaudent,
1497 942 1589 975 etiam
1614 943 1677 983 uti,
1702 943 1763 976 srui
1787 949 1818 977 et

1078 992 1215 1034 gaudere
1232 993 1361 1036 possint,
1379 994 1409 1026 in
1427 995 1573 1028 omnibus
1589 1001 1619 1028 et
1632 1006 1689 1039 per
1701 996 1816 1036 omnia,

1078 1046 1207 1088 perinde
1232 1056 1267 1078 ac
1292 1047 1316 1079 si
1341 1047 1458 1089 gradus
1483 1048 1663 1082 huiusmodi
1682 1050 1712 1082 in
1737 1049 1817 1083 Sala-

1079 1098 1264 1131 mantinensi
1279 1126 1286 1139 ,
1319 1110 1373 1132 seu
1406 1100 1638 1147 Complutensi,
1669 1107 1723 1134 aut
1749 1103 1816 1135 aliis

1078 1151 1332 1184 universitatibus
1368 1153 1536 1196 praedictis
1571 1154 1656 1187 iuxta
1691 1155 1816 1188 illarum

1078 1204 1316 1238 constitutiones
1331 1211 1360 1238 et
1376 1207 1617 1240 consuetudines
1636 1208 1816 1242 huiusmodi

1077 1258 1298 1300 suscepissent;
1312 1268 1368 1291 nec
1382 1269 1445 1292 non
1459 1260 1611 1293 moderno
1625 1266 1654 1294 et
1667 1272 1726 1305 pro
1742 1267 1817 1295 tem-

1077 1321 1154 1354 pore
1172 1311 1315 1345 existenti
1339 1313 1488 1356 episcopo
1506 1314 1738 1358 Pampilonensi
1763 1315 1817 1348 hu-

1077 1363 1213 1396 iusmodi
1233 1364 1441 1398 universitatis
1457 1376 1514 1409 per
1529 1372 1710 1410 praesentes
1729 1378 1816 1401 erec-

1077 1420 1124 1449 tae
1141 1417 1246 1450 futuro
1264 1418 1462 1459 cancellario,
1479 1424 1512 1451 ut
1527 1430 1585 1463 per
1601 1430 1644 1461 se,
1662 1421 1710 1453 vel
1727 1421 1815 1461 alios,

1076 1460 1155 1512 (suos
1171 1470 1209 1502 ad
1226 1470 1256 1503 id
1270 1471 1394 1504 duxerit
1410 1472 1616 1516 deputandos,
1630 1474 1713 1507 ultra
1729 1485 1816 1518 prae-

1076 1522 1167 1563 dicta,
1192 1534 1409 1568 quaecumque
1426 1525 1486 1557 alia
1502 1536 1560 1569 pro
1577 1526 1677 1560 dictae
1694 1527 1816 1561 univer-

1076 1575 1173 1608 sitatis
1190 1587 1246 1619 per
1262 1583 1443 1620 praesentes
1458 1584 1581 1612 erectae
1597 1580 1769 1614 directione
1785 1587 1814 1615 et

1075 1629 1323 1670 conservatione,
1337 1641 1372 1662 ac
1389 1636 1561 1672 rectorum,
1578 1633 1814 1675 magistrorum,

1075 1681 1239 1722 lectorum,
1253 1688 1507 1727 praeceptorum,
1521 1685 1721 1726 bidellorum,
1739 1697 1815 1719 nun-

1075 1733 1206 1775 ciorum,
1231 1746 1266 1767 ac
1286 1736 1423 1769 aliorum
1448 1737 1627 1771 officialium
1652 1740 1813 1780 electione,

1075 1788 1266 1821 scholarium
1292 1791 1502 1832 promotione,
1519 1802 1736 1836 quaecumque
1754 1797 1815 1827 sta-

1076 1845 1139 1875 tuta
1163 1847 1193 1874 et
1216 1842 1431 1876 ordinationes
1457 1844 1555 1886 (licita
1576 1851 1682 1878 tamen
1705 1851 1735 1878 et
1760 1847 1814 1880 ho-

1074 1900 1171 1936 nesta,
1189 1907 1224 1929 ac
1241 1897 1337 1929 sacris
1355 1898 1536 1939 canonibus,
1554 1899 1722 1943 praecipue
1739 1910 1814 1933 vero

1073 1948 1200 1981 Concilii
1225 1949 1365 1982 Tridenti
1397 1951 1530 1984 decretis
1554 1962 1617 1985 non
1641 1953 1813 1996 contraria)

1073 2002 1186 2042 facere,
1211 2002 1314 2043 edere,
1340 2014 1385 2044 ac,
1409 2015 1468 2047 pro
1492 2015 1610 2046 rerum,
1632 2011 1813 2050 temporum

1073 2060 1103 2087 ct
1122 2066 1330 2098 personarum
1355 2058 1503 2100 qualitate
1522 2063 1552 2093 et
1572 2060 1730 2100 varietate,
1749 2072 1814 2094 mu-

1073 2114 1156 2150 tare,
1182 2110 1360 2154 corrigere,
1386 2112 1536 2153 alterare,
1562 2124 1596 2146 ac
1622 2114 1812 2155 reformare,

1073 2172 1206 2203 cassare,
1224 2167 1254 2197 et
1272 2164 1332 2196 alia
1349 2164 1387 2197 de
1404 2175 1485 2198 novo
1503 2166 1650 2205 condere,
1664 2177 1700 2199 ac
1718 2178 1813 2212 super

1073 2215 1198 2248 illorum
1219 2217 1437 2251 observatione
1457 2230 1672 2263 quascumque
1696 2231 1812 2264 poenas

1072 2267 1248 2312 imponere,
1269 2270 1368 2304 libere
1393 2277 1423 2304 et
1448 2272 1531 2305 licite
1555 2273 1675 2306 valeant
1693 2274 1713 2314 ³,
1730 2274 1812 2308 dicta
1834 2305 1837 2308 Α

1072 2322 1245 2364 apostolica
1274 2324 1458 2358 auctoritate
1483 2325 1686 2359 concedimus
1711 2333 1740 2360 ct
1765 2327 1813 2360 in-

1073 2373 1249 2417 dulgemus.

1117 2427 1184 2469 {9-
1217 2428 1426 2463 Decet-nentes
1460 2436 1640 2474 praesentes
1675 2434 1969 2498 lissffl'as’mffssiffill'ffi'„
1973 2453 2012 2494 ¹13¹

1073 2480 1166 2513 etiam
1185 2491 1220 2514 ex
1246 2492 1282 2514 eo
1299 2482 1382 2526 quod
1408 2483 1559 2518 interesse
1583 2486 1732 2520 habentes
1757 2498 1833 2521 seui

1110 2561 1119 2587 l
1139 2561 1232 2588 Potius
1247 2561 1307 2596 tege
1322 2561 1355 2588 sit
1369 2571 1421 2597 per
1435 2572 1486 2591 nos
1498 2564 1537 2592 vel
1553 2573 1608 2599 per
1624 2574 1669 2593 eos
1684 2567 1719 2602 (a.
1731 2568 1778 2601 Τ.).

1107 2605 1123 2631 2
1139 2606 1206 2632 Vide
1221 2614 1308 2633 annun
1325 2607 1394 2634 desit
1408 2613 1594 2643 competentes
1607 2609 1646 2645 (R.
1663 2610 1712 2646 12).

1108 2649 1122 2676 3
1141 2649 1231 2677 Potius
1248 2651 1384 2686 legeretur
1398 2654 1489 2681 valeat
1503 2659 1541 2688 (n.
1558 2658 1608 2689 τ.).

1721 252 1786 287 595
1832 264 1881 290 An.
1898 264 1926 291 c.
1950 264 2012 292 ¹621

1836 2505 1919 2520 ‹ei-arum
1948 2501 2012 2530 tirmi-

1827 2528 1870 2546 tate
1885 2529 1979 2552 apponit.
