2293 3231
296 276 346 305 An.
368 276 396 303 c.
416 276 484 305 1620
529 269 570 304 96

541 325 614 360 1106.
640 327 701 360 Pro
725 327 807 360 notis
827 336 899 359 vero
925 323 1237 358 interlocutoriarum

496 380 573 412 niliil
592 380 762 424 arripiantss.
788 379 871 423 quod
899 378 979 411 idem
1005 378 1043 410 de
1067 377 1238 410 moderatis

497 433 707 466 solutionibus
733 433 762 465 in
790 431 898 476 copiis,
916 436 945 463 et
970 430 1180 474 publicatione
1198 435 1240 463 te-

496 486 591 518 stium
609 492 760 518 servetur.

542 538 614 572 t07.
633 541 674 572 Ae
691 549 748 582 pro
766 538 971 571 relationibus
987 537 1073 570 socio
1091 537 1239 570 faciendis

497 592 535 625 de
561 593 677 635 rogatis
702 602 758 636 per
783 600 846 632 eos,
864 591 940 624 niliil
959 591 1090 635 capiant.

541 645 614 678 1108.
649 646 671 678 1³
674 645 772 678 ariant
808 650 971 689 praeterea
995 645 1110 688 singuli
1135 646 1166 678 in
1191 656 1241 678 eo-

497 709 568 731 rum
593 698 696 731 officio
721 699 917 731 broliardum
942 699 995 742 qui
1021 698 1136 732 dieitur
1161 704 1241 732 aeto-

498 764 578 793 rum,
605 752 634 785 in
660 763 723 796 quo
747 762 857 786 omnes
881 753 1010 786 omnino
1034 753 1240 797 provisiones,

497 806 633 845 decreta,
658 806 914 850 comparitiones,
935 812 963 839 et
989 807 1241 850 protestationes,

499 860 592 892 etiam
618 870 634 892 a
660 864 750 902 tergo
775 859 958 893 citationum
978 860 1112 904 scriptae
1136 865 1243 893 noten-

498 918 558 946 tur.
576 912 653 945 ltem
672 918 702 945 et
719 913 865 946 manuale
885 913 1068 946 citationum
1087 923 1159 946 eum
1177 913 1242 946 suis

497 966 798 1010 protestationibus,
823 971 851 999 et
877 966 1028 1007 decretis,
1053 971 1146 1011 atque
1171 966 1243 999 alia-

499 1030 569 1052 rum
600 1030 706 1052 rerum
739 1019 903 1063 registrari
934 1020 1119 1061 solitarum,
1144 1020 1186 1052 ita
1209 1025 1239 1052 ut

499 1073 576 1106 nihil
601 1084 733 1118 prorsus
758 1073 892 1118 supersit
926 1073 957 1106 in
983 1073 1112 1106 cartulis
1127 1101 1134 1114 ,
1158 1073 1242 1118 quod

499 1138 562 1161 non
579 1128 616 1160 sit
636 1128 668 1160 in
684 1128 773 1161 libris
789 1128 995 1172 descriptum.

545 1181 618 1216 109.
637 1181 745 1215 Officia
761 1182 958 1215 notariorum
976 1182 1073 1215 Rotae
1093 1192 1156 1215 non
1173 1192 1243 1215 con-

499 1236 641 1269 serantur
665 1236 724 1269 nisi
749 1236 894 1280 personis
917 1236 1027 1280 peritis
1052 1241 1079 1268 et
1106 1235 1242 1277 idoneis,

500 1302 581 1337 quae
606 1302 665 1336 per
689 1291 809 1335 seipsos
834 1291 886 1324 illa
917 1300 1066 1323 exercere
1091 1290 1186 1323 seiant
1213 1295 1240 1322 et

501 1350 677 1385 exerceant,
700 1345 760 1378 nisi
785 1344 889 1388 aliqua
913 1344 1054 1387 legitima
1079 1346 1172 1377 causa
1189 1344 1244 1377 im-

500 1400 676 1444 pediantur.
702 1400 764 1433 Nec
790 1410 828 1433 eo
852 1409 926 1432 casu
955 1399 1057 1432 officia
1086 1399 1243 1443 aliquibus

501 1453 690 1495 arrendare,
715 1459 766 1486 aut
799 1453 984 1487 substitutos
1013 1453 1165 1498 deputare
1198 1463 1244 1486 va-

501 1509 603 1549 leant,
629 1508 688 1542 nisi
713 1518 730 1541 a
754 1507 884 1552 proprio
909 1507 1052 1540 auditore
1076 1507 1243 1552 approbati

502 1562 642 1602 suerint,
667 1561 719 1606 qui
753 1561 883 1605 insuper
912 1560 950 1594 de
982 1560 1085 1594 officio
1108 1560 1244 1593 fideliter

502 1615 678 1650 exercendo
707 1615 839 1649 arbitrio
871 1614 1023 1648 auditoris
1054 1624 1164 1648 cavere
1195 1614 1246 1648 de-

501 1670 604 1704 beant.

546 1723 583 1757 11
590 1722 619 1757 Ο.
630 1723 667 1756 Ε1
679 1734 738 1768 pro
747 1723 888 1767 ipsorum
900 1721 1144 1756 substitutorum
1153 1722 1244 1763 sacto,

501 1778 617 1811 notarii
634 1777 704 1822 ipsi,
721 1777 824 1821 quoad
850 1777 1001 1810 interesse
1017 1776 1165 1821 partium,
1182 1781 1246 1809 tan-

503 1842 598 1876 quam
632 1831 850 1876 principaliter
883 1830 1013 1874 obligati
1043 1829 1172 1864 omnino
1205 1835 1246 1863 te-

501 1891 646 1919 neantur.

547 1939 621 1972 111.
639 1939 797 1983 Pauperes
814 1949 923 1972 omnes
938 1938 991 1982 qui
1010 1938 1095 1971 iuxta
1110 1938 1243 1971 formam

503 1994 764 2028 constitutionum
796 1993 917 2027 admitti
947 1993 1062 2026 debent
1096 1993 1135 2026 ad
1166 1993 1246 2026 iura-

503 2053 644 2081 mentum
662 2048 868 2092 paupertatis,
880 2053 944 2081 tam
961 2047 992 2080 in
1008 2047 1246 2080 beneficialibus

503 2113 596 2147 quam
615 2102 645 2134 in
653 2102 804 2147 prol'anis,
818 2102 912 2135 etiam
929 2112 987 2146 per
1003 2106 1244 2146 procuratorem

503 2155 679 2196 admittant,
697 2161 725 2188 et
743 2156 769 2189 si
783 2155 844 2197 ille,
859 2166 918 2200 pro
935 2166 999 2199 quo
1013 2155 1146 2195 iuratur,
1159 2165 1246 2199 prac-

504 2217 575 2240 sens
595 2217 656 2240 non
674 2208 743 2247 erit,
759 2207 842 2240 ultra
862 2207 974 2239 notarii
992 2207 1040 2239 vel
1063 2210 1247 2250 procurato-

504 2262 547 2295 ris
561 2261 778 2303 assertionem,
793 2272 850 2306 per
863 2261 942 2293 duos
954 2266 1048 2294 testes
1063 2260 1102 2293 de
1114 2270 1246 2304 pauper-

505 2321 565 2348 tate
575 2315 681 2348 doceri
696 2315 816 2355 debeat;
827 2315 868 2348 ita
878 2320 982 2347 tamen
996 2319 1041 2355 ut,
1054 2314 1245 2358 quicumque

504 2369 597 2402 suerit
614 2368 836 2410 admittendus,
855 2378 916 2402 non
937 2367 1004 2401 sine
1021 2367 1197 2401 iuramento
1215 2373 1245 2400 et

504 2422 694 2466 obligatione
718 2421 895 2466 pinguioris
918 2422 1072 2462 soi-timae,
1094 2426 1125 2453 111
1146 2421 1243 2454 moris

504 2482 570 2517 est,
599 2476 802 2517 admittatur,
827 2480 854 2509 et
885 2475 944 2509 hoc
968 2475 1028 2508 nisi
1053 2475 1181 2508 evidens
1205 2475 1242 2508 sit

503 2535 596 2573 atque
615 2530 786 2570 notorium,
803 2529 887 2573 quod
903 2532 1120 2574 paupertatem
1139 2529 1244 2562 iurare

503 2584 611 2616 volens
634 2582 674 2615 sit
697 2583 876 2626 opulentus,
900 2594 964 2627 quo
987 2593 1061 2616 casu
1085 2583 1172 2616 illum
1193 2583 1243 2616 ad-

505 2637 628 2669 mittere
643 2645 705 2669 non
724 2640 896 2669 teneantur.

548 2689 621 2722 112.
647 2689 730 2729 Quae
754 2689 857 2723 onmia
883 2695 911 2723 et
936 2690 1059 2733 singula
1083 2689 1242 2724 inviolabi-

1070 275 1249 300 mmmmm!
1272 275 1428 301 Romami

1277 2527 1510 2567 detunctorum,
1528 2531 1557 2559 et
1581 2535 1704 2565 eornm,
1721 2524 1774 2568 qni
1800 2523 1830 2556 in
1856 2528 2018 2567 posterum

1276 2581 1449 2621 decedent,
1474 2579 1647 2620 haeredes,
1677 2589 1712 2612 ac
1742 2578 1935 2622 (plicamque
1966 2576 2020 2610 alii

1275 2636 1448 2680 scripturas
1472 2644 1584 2668 eorum
1608 2632 1793 2672 detinentes,
1818 2630 1956 2675 exceptis
1980 2629 2018 2663 iis

1275 2689 1329 2735 qui
1354 2693 1500 2723 emerunt
1523 2687 1635 2728 officia,
1653 2686 1739 2719 iuxta
1763 2683 2017 2720 constitutionem

1271 323 1343 356 liter
1355 323 1517 356 observari
1534 323 1720 357 mandamus
1737 324 1794 357 sub
1808 323 2012 368 poena,ultra

1271 376 1346 409 alias
1372 377 1452 409 infra
1476 387 1664 421 expressas,
1689 377 1939 421 vigintiquinque
1962 387 2013 410 au-

1273 441 1423 470 reorum,
1447 441 1482 463 ae
1507 431 1723 475 suspensionis
1747 431 1785 464 ad
1810 441 1863 464 sex
1889 441 2013 464 menses

1273 495 1332 528 pro
1349 484 1453 528 prima
1470 484 1545 524 viee,
1567 489 1606 525 et,
1625 485 1649 518 si
1674 485 1811 518 secunda
1828 484 2013 524 erraverint,

1273 547 1310 569 eo
1334 538 1404 581 ipso
1436 538 1466 570 in
1498 547 1634 582 poenam
1658 538 1842 582 privationis
1865 538 1960 571 officii
1984 543 2013 571 et

1273 591 1348 624 alias
1380 592 1436 625 liae
1466 597 1573 625 nostra
1607 592 1830 625 constitutione
1853 596 2014 626 contentas

1274 645 1444 678 incurrant.

1318 697 1392 731 1113.
1417 699 1569 738 Quocirca
1594 699 1741 743 querelae
1765 708 1876 732 omnes
1900 707 2015 743 paupe-

1275 762 1345 784 rum
1363 757 1391 784 et
1410 762 1638 796 oppressorum
1663 752 1702 785 ad
1726 751 1826 785 dietae
1842 752 1940 785 Rotae
1965 750 2015 784 de—

1275 815 1387 838 canum
1402 805 1593 842 deterantur,
1606 806 1659 850 qui
1674 806 1722 839 liis
1735 805 1884 839 omnibus
1900 814 2015 849 oppor-

1275 859 1359 892 tunis
1384 859 1532 893 remediis
1556 859 1731 904 provideat,
1756 863 1823 892 tum
1847 868 1886 891 ne
1910 862 2016 902 partes

1275 912 1509 957 opprimantur,
1526 918 1593 946 tum
1617 918 1649 946 ut
1670 912 1854 958 opprimere
1877 911 1944 945 ausi
1962 921 2017 956 pu-

1275 966 1411 1007 niantur,
1422 972 1449 999 et
1462 967 1622 1011 praedicta
1631 966 1827 1000 exactissime
1841 970 2014 999 serventur.

1319 1019 1394 1053 114.
1420 1020 1539 1054 Notarii
1557 1021 1723 1054 consulum
1746 1019 1970 1063 agriculturae,
1986 1023 2015 1052 et

1276 1078 1454 1106 ceterarum
1480 1073 1595 1107 artium
1620 1079 1723 1106 taxam
1748 1073 1792 1106 eis
1821 1083 1879 1118 per
1903 1077 2017 1105 statuta

1277 1127 1516 1172 praescriptam,
1535 1133 1565 1160 et
1588 1127 1643 1161 uhi
1668 1127 1764 1171 aliqui
1784 1126 1928 1171 ipsorum
1951 1125 2018 1158 nul-

1277 1180 1338 1213 lam
1363 1180 1520 1214 minorem
1545 1186 1648 1214 taxam
1673 1180 1824 1213 haberent
1839 1207 1846 1221 ‚
1871 1179 2016 1219 aliorum,

1276 1233 1329 1278 qui
1348 1234 1432 1267 illam
1454 1234 1579 1274 liabent,
1597 1239 1779 1278 sequantur,
1795 1238 1825 1266 et
1845 1232 2017 1266 secundum

1278 1288 1361 1321 illam
1387 1289 1525 1332 exigant,
1543 1294 1569 1321 et
1589 1289 1642 1333 qui
1667 1299 1728 1322 non
1746 1288 1861 1321 liabent
1877 1287 2016 1321 officium

1278 1344 1367 1376 titulo
1393 1353 1528 1376 oneroso
1543 1370 1550 1384 ,
1575 1343 1698 1386 exigant
1729 1347 1849 1375 tantum
1874 1352 1932 1386 pro
1955 1352 2018 1375 me-

1277 1398 1391 1431 dietate
1416 1402 1504 1430 taxae
1530 1397 1664 1429 aliorum
1685 1396 1882 1429 notariorum
1898 1395 2018 1441 Capito-

1277 1452 1426 1493 linorum,
1444 1456 1472 1484 et
1498 1461 1560 1483 non
1585 1451 1668 1483 ultra
1693 1450 1723 1482 111
1747 1449 1893 1483 omnibus
1916 1455 1946 1483 et
1962 1459 2019 1495 per

1277 1506 1392 1540 omnia.

1322 1559 1396 1593 115.
1429 1559 1668 1592 Protonotarius
1703 1558 1856 1592 senatoris
1886 1568 1949 1592 non
1986 1568 2019 1593 se

1279 1614 1453 1647 immisceat
1478 1613 1509 1646 in
1533 1612 1636 1645 causis
1662 1612 1889 1653 criminalibus,
1916 1622 2019 1656 neque

1278 1668 1496 1701 fideiussiones
1520 1666 1717 1711 recipiendo,
1742 1676 1843 1711 neque
1874 1666 2019 1700 mandata

1278 1721 1515 1755 subscribendo.

1323 1774 1396 1808 116.
1414 1774 1532 1809 ‘Notarii
1546 1774 1721 1819 Capitolini,
1735 1774 1947 1808 deservientes
1959 1775 2020 1809 eol-

1279 1829 1460 1862 lateralibus
1492 1828 1646 1862 senatoris
1677 1839 1736 1872 pro
1767 1828 1935 1869 actuariis,
1962 1839 2020 1874 per

1279 1882 1398 1927 seipsos
1423 1893 1530 1916 eoram
1553 1882 1786 1916 collateralibus
1802 1887 1870 1915 arta
1885 1882 2020 1915 conseri-

1278 1936 1361 1977 bant,
1378 1936 1563 1980 nullumque
1587 1934 1671 1968 aliud
1688 1935 1827 1968 officium
1846 1935 2019 1969 notariatus

1279 1990 1309 2023 in
1326 1990 1387 2023 alia
1402 1989 1512 2034 quavis
1528 1989 1616 2022 curia
1633 1988 1803 2022 obtineant.

1323 2043 1396 2077 117.
1423 2043 1460 2077 Et
1484 2049 1546 2077 tam
1571 2042 1673 2076 dictus
1696 2042 1943 2086 protonotarius,
1962 2052 2019 2076 nee

1279 2108 1341 2131 non
1355 2097 1595 2137 maleficiorum,
1609 2102 1638 2129 et
1653 2096 1881 2130 collateralium
1894 2095 2020 2138 notarii,

1279 2162 1372 2197 quam
1390 2151 1493 2185 scriba
1507 2155 1643 2191 senatus,
1653 2150 1842 2183 secretarius
1859 2159 2022 2183 conserva-

1279 2211 1396 2245 torum,
1420 2205 1562 2238 notarius
1586 2204 1813 2247 magistrorum
1838 2203 1972 2244 viarum,
1989 2208 2021 2237 et

1279 2260 1329 2293 alii
1355 2270 1465 2293 omnes
1484 2259 1599 2293 notarii
1617 2259 1778 2292 curiarum
1798 2256 1951 2302 Capitolii,
1968 2257 2020 2290 ali-

1279 2314 1353 2359 quid
1379 2314 1472 2347 etiam
1497 2313 1664 2346 minimum
1682 2322 1743 2345 non
1769 2310 1921 2355 recipiant
1937 2311 2020 2344 ultra

1280 2366 1472 2412 taxamssipsis
1486 2371 1634 2399 statutam
1648 2365 1705 2399 sub
1716 2373 1917 2409 quocumque
1932 2373 2020 2408 prae-

1279 2425 1372 2453 textu.

1329 2473 1396 2507 tt8.
1427 2473 1617 2507 Eorumdem
1649 2471 1846 2505 notariorum
1877 2469 2019 2514 Capitolii
