<?xml version="1.0" encoding="UTF-8"?>
<!DOCTYPE html PUBLIC "-//W3C//DTD XHTML 1.0 Transitional//EN"
    "http://www.w3.org/TR/xhtml1/DTD/xhtml1-transitional.dtd">
<html xmlns="http://www.w3.org/1999/xhtml" xml:lang="en" lang="en">
 <head>
  <title>
</title>
<meta http-equiv="Content-Type" content="text/html;charset=utf-8" />
  <meta name='ocr-system' content='tesseract 3.04.00' />
  <meta name='ocr-capabilities' content='ocr_page ocr_carea ocr_par ocr_line ocrx_word'/>
</head>
<body>
  <div class='ocr_page' id='page_1' title='image "./bullarumdiplomat12cath_0444.png"; bbox 0 0 2293 3231; ppageno 0'>
   <div class='ocr_carea' id='block_1_1' title="bbox 260 289 445 317">
    <p class='ocr_par' dir='ltr' id='par_1_1' title="bbox 260 289 445 317">
     <span class='ocr_line' id='line_1_1' title="bbox 260 289 445 317; baseline 0 -1"><span class='ocrx_word' id='word_1_1' title='bbox 260 290 310 316; x_wconf 87' lang='grc' dir='ltr'>Αιι.</span> <span class='ocrx_word' id='word_1_2' title='bbox 331 289 360 316; x_wconf 94' lang='lat' dir='ltr'>C.</span> <span class='ocrx_word' id='word_1_3' title='bbox 380 289 445 317; x_wconf 76' lang='lat'><strong>¹6¹7</strong></span> 
     </span>
    </p>
   </div>
   <div class='ocr_carea' id='block_1_2' title="bbox 260 827 442 881">
    <p class='ocr_par' dir='ltr' id='par_1_2' title="bbox 260 827 442 881">
     <span class='ocr_line' id='line_1_2' title="bbox 286 827 442 852; baseline -0.019 -3"><span class='ocrx_word' id='word_1_4' title='bbox 286 827 395 849; x_wconf 58' lang='lat' dir='ltr'>clausula,</span> <span class='ocrx_word' id='word_1_5' title='bbox 406 832 442 852; x_wconf 72' lang='lat'>31»-</span> 
     </span>
     <span class='ocr_line' id='line_1_3' title="bbox 260 858 326 881; baseline -0.015 -6"><span class='ocrx_word' id='word_1_6' title='bbox 260 858 326 881; x_wconf 34' lang='lat' dir='ltr'>ponit,</span> 
     </span>
    </p>
   </div>
   <div class='ocr_carea' id='block_1_3' title="bbox 265 1940 448 2042">
    <p class='ocr_par' dir='ltr' id='par_1_3' title="bbox 265 1940 448 2042">
     <span class='ocr_line' id='line_1_4' title="bbox 303 1940 448 1961; baseline -0.021 0"><span class='ocrx_word' id='word_1_7' title='bbox 303 1942 386 1961; x_wconf 70' lang='lat' dir='ltr'>sim-tm</span> <span class='ocrx_word' id='word_1_8' title='bbox 410 1940 448 1959; x_wconf 60' lang='lat' dir='ltr'>ait·</span> 
     </span>
     <span class='ocr_line' id='line_1_5' title="bbox 265 1969 447 1994; baseline -0.011 -6"><span class='ocrx_word' id='word_1_9' title='bbox 265 1974 339 1994; x_wconf 59' lang='lat' dir='ltr'>psit-nis</span> <span class='ocrx_word' id='word_1_10' title='bbox 361 1969 394 1987; x_wconf 65' lang='lat' dir='ltr'>mv</span> <span class='ocrx_word' id='word_1_11' title='bbox 415 1973 447 1986; x_wconf 58' lang='lat' dir='ltr'>exv</span> 
     </span>
     <span class='ocr_line' id='line_1_6' title="bbox 265 1994 448 2020; baseline -0.005 -6"><span class='ocrx_word' id='word_1_12' title='bbox 265 2001 342 2020; x_wconf 71' lang='lat' dir='ltr'>pres-is</span> <span class='ocrx_word' id='word_1_13' title='bbox 351 1994 448 2020; x_wconf 74' lang='lat' dir='ltr'>prohibet</span> 
     </span>
     <span class='ocr_line' id='line_1_7' title="bbox 265 2023 372 2042; baseline -0.009 0"><span class='ocrx_word' id='word_1_14' title='bbox 265 2023 372 2042; x_wconf 78' lang='lat' dir='ltr'>attentari.</span> 
     </span>
    </p>
   </div>
   <div class='ocr_carea' id='block_1_4' title="bbox 457 280 1207 2718">
    <p class='ocr_par' dir='ltr' id='par_1_4' title="bbox 457 280 1201 802">
     <span class='ocr_line' id='line_1_8' title="bbox 490 280 554 313; baseline -0.047 0"><span class='ocrx_word' id='word_1_15' title='bbox 490 280 554 313; x_wconf 69' lang='lat'>406</span> 
     </span>
     <span class='ocr_line' id='line_1_9' title="bbox 457 333 1199 379; baseline -0.007 -9"><span class='ocrx_word' id='word_1_16' title='bbox 457 339 580 373; x_wconf 66' lang='lat' dir='ltr'>colore,</span> <span class='ocrx_word' id='word_1_17' title='bbox 606 334 841 379; x_wconf 72' lang='lat' dir='ltr'><strong>quomodolibet</strong></span> <span class='ocrx_word' id='word_1_18' title='bbox 866 334 1012 374; x_wconf 84' lang='lat' dir='ltr'>decreta,</span> <span class='ocrx_word' id='word_1_19' title='bbox 1039 333 1199 373; x_wconf 80' lang='lat' dir='ltr'>immdata,</span> 
     </span>
     <span class='ocr_line' id='line_1_10' title="bbox 457 386 1200 430; baseline -0.007 -7"><span class='ocrx_word' id='word_1_20' title='bbox 457 397 535 427; x_wconf 80' lang='lat' dir='ltr'>acta,</span> <span class='ocrx_word' id='word_1_21' title='bbox 560 389 713 425; x_wconf 83' lang='lat' dir='ltr'>ordinata,</span> <span class='ocrx_word' id='word_1_22' title='bbox 739 389 826 422; x_wconf 77' lang='lat' dir='ltr'>t&#39;acta,</span> <span class='ocrx_word' id='word_1_23' title='bbox 847 391 876 420; x_wconf 79' lang='lat' dir='ltr'>et</span> <span class='ocrx_word' id='word_1_24' title='bbox 898 387 962 419; x_wconf 85' lang='lat' dir='ltr'>sire</span> <span class='ocrx_word' id='word_1_25' title='bbox 987 386 1112 430; x_wconf 79' lang='lat' dir='ltr'>seriptis</span> <span class='ocrx_word' id='word_1_26' title='bbox 1137 387 1200 418; x_wconf 72' lang='lat' dir='ltr'>sive</span> 
     </span>
     <span class='ocr_line' id='line_1_11' title="bbox 460 440 1200 485; baseline -0.005 -10"><span class='ocrx_word' id='word_1_27' title='bbox 460 443 562 475; x_wconf 66' lang='lat' dir='ltr'>verbis</span> <span class='ocrx_word' id='word_1_28' title='bbox 575 440 810 485; x_wconf 70' lang='lat' dir='ltr'>quomodolibet</span> <span class='ocrx_word' id='word_1_29' title='bbox 825 445 984 475; x_wconf 73' lang='lat' dir='ltr'>attentata,</span> <span class='ocrx_word' id='word_1_30' title='bbox 998 450 1077 482; x_wconf 76' lang='lat' dir='ltr'>quac</span> <span class='ocrx_word' id='word_1_31' title='bbox 1095 440 1200 472; x_wconf 88' lang='lat' dir='ltr'>onmia</span> 
     </span>
     <span class='ocr_line' id='line_1_12' title="bbox 459 493 1201 538; baseline -0.005 -10"><span class='ocrx_word' id='word_1_32' title='bbox 459 501 486 529; x_wconf 81' lang='lat' dir='ltr'>ct</span> <span class='ocrx_word' id='word_1_33' title='bbox 518 495 639 534; x_wconf 54' lang='lat' dir='ltr'>singula</span> <span class='ocrx_word' id='word_1_34' title='bbox 671 493 889 538; x_wconf 81' lang='lat' dir='ltr'>praesentibus</span> <span class='ocrx_word' id='word_1_35' title='bbox 921 493 1028 525; x_wconf 84' lang='lat' dir='ltr'>baberi</span> <span class='ocrx_word' id='word_1_36' title='bbox 1058 493 1201 525; x_wconf 81' lang='lat' dir='ltr'>volumus</span> 
     </span>
     <span class='ocr_line' id='line_1_13' title="bbox 460 545 1199 591; baseline -0.004 -11"><span class='ocrx_word' id='word_1_37' title='bbox 460 558 516 591; x_wconf 89' lang='lat' dir='ltr'>pro</span> <span class='ocrx_word' id='word_1_38' title='bbox 545 547 719 590; x_wconf 77' lang='lat' dir='ltr'>expressis.</span> <span class='ocrx_word' id='word_1_39' title='bbox 745 546 851 581; x_wconf 81' lang='lat' dir='ltr'>nulla,</span> <span class='ocrx_word' id='word_1_40' title='bbox 879 545 1029 583; x_wconf 70' lang='lat' dir='ltr'>invalida,</span> <span class='ocrx_word' id='word_1_41' title='bbox 1057 545 1143 578; x_wconf 88' lang='lat' dir='ltr'>irrita</span> <span class='ocrx_word' id='word_1_42' title='bbox 1172 551 1199 577; x_wconf 86' lang='lat' dir='ltr'>et</span> 
     </span>
     <span class='ocr_line' id='line_1_14' title="bbox 459 599 1200 639; baseline -0.001 -6"><span class='ocrx_word' id='word_1_43' title='bbox 459 601 571 639; x_wconf 87' lang='lat' dir='ltr'>inania,</span> <span class='ocrx_word' id='word_1_44' title='bbox 595 612 629 633; x_wconf 89' lang='lat' dir='ltr'>ac</span> <span class='ocrx_word' id='word_1_45' title='bbox 656 600 783 632; x_wconf 89' lang='lat' dir='ltr'>mdliter</span> <span class='ocrx_word' id='word_1_46' title='bbox 801 605 830 631; x_wconf 85' lang='lat' dir='ltr'>et</span> <span class='ocrx_word' id='word_1_47' title='bbox 847 599 991 639; x_wconf 70' lang='lat' dir='ltr'>invalide,</span> <span class='ocrx_word' id='word_1_48' title='bbox 1018 599 1151 631; x_wconf 83' lang='lat' dir='ltr'>inaniter</span> <span class='ocrx_word' id='word_1_49' title='bbox 1173 603 1200 633; x_wconf 86' lang='lat' dir='ltr'>et</span> 
     </span>
     <span class='ocr_line' id='line_1_15' title="bbox 458 652 1200 692; baseline -0.001 -7"><span class='ocrx_word' id='word_1_50' title='bbox 458 654 495 685; x_wconf 75' lang='lat' dir='ltr'>dc</span> <span class='ocrx_word' id='word_1_51' title='bbox 517 655 597 686; x_wconf 83' lang='lat' dir='ltr'>t&#39;acto</span> <span class='ocrx_word' id='word_1_52' title='bbox 622 658 730 685; x_wconf 72' lang='lat' dir='ltr'>contra</span> <span class='ocrx_word' id='word_1_53' title='bbox 756 663 862 686; x_wconf 83' lang='lat' dir='ltr'>sacros</span> <span class='ocrx_word' id='word_1_54' title='bbox 888 661 1033 692; x_wconf 77' lang='lat' dir='ltr'>canones,</span> <span class='ocrx_word' id='word_1_55' title='bbox 1052 652 1200 684; x_wconf 86' lang='lat' dir='ltr'>coneilio-</span> 
     </span>
     <span class='ocr_line' id='line_1_16' title="bbox 459 705 1201 749; baseline -0.005 -10"><span class='ocrx_word' id='word_1_56' title='bbox 459 718 528 740; x_wconf 90' lang='lat' dir='ltr'>rum</span> <span class='ocrx_word' id='word_1_57' title='bbox 554 707 680 739; x_wconf 86' lang='lat' dir='ltr'>decreta</span> <span class='ocrx_word' id='word_1_58' title='bbox 700 711 727 738; x_wconf 90' lang='lat' dir='ltr'>et</span> <span class='ocrx_word' id='word_1_59' title='bbox 752 705 938 749; x_wconf 85' lang='lat' dir='ltr'>apostolicas</span> <span class='ocrx_word' id='word_1_60' title='bbox 963 705 1201 738; x_wconf 69' lang='lat' dir='ltr'>constitutiones</span> 
     </span>
     <span class='ocr_line' id='line_1_17' title="bbox 458 763 897 802; baseline -0.002 -10"><span class='ocrx_word' id='word_1_61' title='bbox 458 765 605 792; x_wconf 87' lang='lat' dir='ltr'>attentata</span> <span class='ocrx_word' id='word_1_62' title='bbox 629 764 659 793; x_wconf 86' lang='lat' dir='ltr'>et</span> <span class='ocrx_word' id='word_1_63' title='bbox 683 763 897 802; x_wconf 72' lang='lat' dir='ltr'>praesumpta,</span> 
     </span>
    </p>

    <p class='ocr_par' dir='ltr' id='par_1_5' title="bbox 459 812 1205 1921">
     <span class='ocr_line' id='line_1_18' title="bbox 503 812 1201 857; baseline -0.004 -12"><span class='ocrx_word' id='word_1_64' title='bbox 503 816 517 857; x_wconf 63' lang='grc' dir='ltr'>,ξ</span> <span class='ocrx_word' id='word_1_65' title='bbox 541 814 570 845; x_wconf 71' lang='lat'>13.</span> <span class='ocrx_word' id='word_1_66' title='bbox 597 813 842 856; x_wconf 68' lang='lat' dir='ltr'>praesentesque</span> <span class='ocrx_word' id='word_1_67' title='bbox 875 812 1016 850; x_wconf 75' lang='lat' dir='ltr'>litteras,</span> <span class='ocrx_word' id='word_1_68' title='bbox 1042 818 1069 844; x_wconf 82' lang='lat' dir='ltr'>et</span> <span class='ocrx_word' id='word_1_69' title='bbox 1101 812 1130 844; x_wconf 88' lang='lat' dir='ltr'>in</span> <span class='ocrx_word' id='word_1_70' title='bbox 1157 813 1201 844; x_wconf 80' lang='lat' dir='ltr'>eis</span> 
     </span>
     <span class='ocr_line' id='line_1_19' title="bbox 459 865 1200 909; baseline -0.004 -10"><span class='ocrx_word' id='word_1_71' title='bbox 459 871 603 899; x_wconf 84' lang='lat' dir='ltr'>contenta</span> <span class='ocrx_word' id='word_1_72' title='bbox 628 876 856 909; x_wconf 76' lang='lat' dir='ltr'>quaecumque,</span> <span class='ocrx_word' id='word_1_73' title='bbox 881 865 919 897; x_wconf 85' lang='lat' dir='ltr'>de</span> <span class='ocrx_word' id='word_1_74' title='bbox 945 865 1126 897; x_wconf 82' lang='lat' dir='ltr'>intentionis</span> <span class='ocrx_word' id='word_1_75' title='bbox 1145 874 1200 896; x_wconf 90' lang='lat' dir='ltr'>no-</span> 
     </span>
     <span class='ocr_line' id='line_1_20' title="bbox 459 918 1200 963; baseline 0 -13"><span class='ocrx_word' id='word_1_76' title='bbox 459 926 540 952; x_wconf 79' lang='lat' dir='ltr'>strae</span> <span class='ocrx_word' id='word_1_77' title='bbox 574 919 620 951; x_wconf 77' lang='lat' dir='ltr'>vel</span> <span class='ocrx_word' id='word_1_78' title='bbox 652 919 713 952; x_wconf 87' lang='lat' dir='ltr'>alio</span> <span class='ocrx_word' id='word_1_79' title='bbox 743 918 892 963; x_wconf 87' lang='lat' dir='ltr'>quopiam</span> <span class='ocrx_word' id='word_1_80' title='bbox 923 918 1044 950; x_wconf 78' lang='lat' dir='ltr'>defectu</span> <span class='ocrx_word' id='word_1_81' title='bbox 1080 918 1200 957; x_wconf 87' lang='lat' dir='ltr'>notari,</span> 
     </span>
     <span class='ocr_line' id='line_1_21' title="bbox 460 970 1200 1016; baseline -0.003 -12"><span class='ocrx_word' id='word_1_82' title='bbox 460 972 650 1016; x_wconf 73' lang='lat' dir='ltr'>impugnari,</span> <span class='ocrx_word' id='word_1_83' title='bbox 670 971 843 1011; x_wconf 75' lang='lat' dir='ltr'>invalidari,</span> <span class='ocrx_word' id='word_1_84' title='bbox 862 971 1037 1010; x_wconf 80' lang='lat' dir='ltr'>retractari,</span> <span class='ocrx_word' id='word_1_85' title='bbox 1056 970 1200 1006; x_wconf 77' lang='lat' dir='ltr'>rescindi,</span> 
     </span>
     <span class='ocr_line' id='line_1_22' title="bbox 459 1024 1200 1067; baseline -0.003 -9"><span class='ocrx_word' id='word_1_86' title='bbox 459 1026 597 1067; x_wconf 69' lang='lat' dir='ltr'>infringi,</span> <span class='ocrx_word' id='word_1_87' title='bbox 623 1026 653 1057; x_wconf 91' lang='lat' dir='ltr'>in</span> <span class='ocrx_word' id='word_1_88' title='bbox 679 1026 726 1057; x_wconf 87' lang='lat' dir='ltr'>ius</span> <span class='ocrx_word' id='word_1_89' title='bbox 751 1025 796 1057; x_wconf 80' lang='lat' dir='ltr'>vel</span> <span class='ocrx_word' id='word_1_90' title='bbox 823 1025 1071 1059; x_wconf 68' lang='lat' dir='ltr'>controversiam</span> <span class='ocrx_word' id='word_1_91' title='bbox 1098 1024 1200 1057; x_wconf 79' lang='lat' dir='ltr'>vocari</span> 
     </span>
     <span class='ocr_line' id='line_1_23' title="bbox 460 1078 1202 1123; baseline -0.001 -12"><span class='ocrx_word' id='word_1_92' title='bbox 460 1080 637 1112; x_wconf 85' lang='lat' dir='ltr'>nullatenus</span> <span class='ocrx_word' id='word_1_93' title='bbox 652 1090 755 1123; x_wconf 83' lang='lat' dir='ltr'>posse,</span> <span class='ocrx_word' id='word_1_94' title='bbox 769 1079 822 1112; x_wconf 90' lang='lat' dir='ltr'>sed</span> <span class='ocrx_word' id='word_1_95' title='bbox 838 1090 964 1122; x_wconf 84' lang='lat' dir='ltr'>semper</span> <span class='ocrx_word' id='word_1_96' title='bbox 978 1078 1087 1114; x_wconf 69' lang='lat' dir='ltr'>valida,</span> <span class='ocrx_word' id='word_1_97' title='bbox 1102 1078 1202 1118; x_wconf 75' lang='lat' dir='ltr'>firma,</span> 
     </span>
     <span class='ocr_line' id='line_1_24' title="bbox 461 1131 1202 1175; baseline -0.001 -11"><span class='ocrx_word' id='word_1_98' title='bbox 461 1137 488 1166; x_wconf 83' lang='lat' dir='ltr'>ct</span> <span class='ocrx_word' id='word_1_99' title='bbox 515 1133 652 1166; x_wconf 84' lang='lat' dir='ltr'>etlieaeia</span> <span class='ocrx_word' id='word_1_100' title='bbox 679 1134 743 1165; x_wconf 85' lang='lat' dir='ltr'>t&#39;orc</span> <span class='ocrx_word' id='word_1_101' title='bbox 769 1138 797 1164; x_wconf 84' lang='lat' dir='ltr'>et</span> <span class='ocrx_word' id='word_1_102' title='bbox 823 1143 906 1173; x_wconf 81' lang='lat' dir='ltr'>esse,</span> <span class='ocrx_word' id='word_1_103' title='bbox 932 1142 1068 1175; x_wconf 83' lang='lat' dir='ltr'>suosque</span> <span class='ocrx_word' id='word_1_104' title='bbox 1097 1131 1202 1174; x_wconf 89' lang='lat' dir='ltr'>plena-</span> 
     </span>
     <span class='ocr_line' id='line_1_25' title="bbox 460 1185 1202 1229; baseline -0.003 -11"><span class='ocrx_word' id='word_1_105' title='bbox 460 1187 524 1219; x_wconf 87' lang='lat' dir='ltr'>rios</span> <span class='ocrx_word' id='word_1_106' title='bbox 551 1192 578 1218; x_wconf 80' lang='lat' dir='ltr'>et</span> <span class='ocrx_word' id='word_1_107' title='bbox 606 1186 746 1229; x_wconf 73' lang='lat' dir='ltr'>integros</span> <span class='ocrx_word' id='word_1_108' title='bbox 771 1187 900 1218; x_wconf 80' lang='lat' dir='ltr'>etl&#39;cctus</span> <span class='ocrx_word' id='word_1_109' title='bbox 925 1185 1029 1218; x_wconf 82' lang='lat' dir='ltr'>sortiri</span> <span class='ocrx_word' id='word_1_110' title='bbox 1063 1190 1092 1216; x_wconf 82' lang='lat' dir='ltr'>et</span> <span class='ocrx_word' id='word_1_111' title='bbox 1122 1185 1202 1217; x_wconf 78' lang='lat' dir='ltr'>oliti-</span> 
     </span>
     <span class='ocr_line' id='line_1_26' title="bbox 460 1239 1202 1282; baseline 0 -12"><span class='ocrx_word' id='word_1_112' title='bbox 460 1250 556 1277; x_wconf 83' lang='lat' dir='ltr'>nere,</span> <span class='ocrx_word' id='word_1_113' title='bbox 582 1250 616 1272; x_wconf 83' lang='lat' dir='ltr'>ac</span> <span class='ocrx_word' id='word_1_114' title='bbox 642 1239 681 1272; x_wconf 87' lang='lat' dir='ltr'>ab</span> <span class='ocrx_word' id='word_1_115' title='bbox 706 1239 873 1277; x_wconf 77' lang='lat' dir='ltr'>omnibus,</span> <span class='ocrx_word' id='word_1_116' title='bbox 899 1239 937 1271; x_wconf 87' lang='lat' dir='ltr'>ad</span> <span class='ocrx_word' id='word_1_117' title='bbox 961 1249 1040 1282; x_wconf 84' lang='lat' dir='ltr'>quos</span> <span class='ocrx_word' id='word_1_118' title='bbox 1064 1242 1202 1281; x_wconf 79' lang='lat' dir='ltr'>spectat,</span> 
     </span>
     <span class='ocr_line' id='line_1_27' title="bbox 462 1292 1203 1334; baseline -0.001 -10"><span class='ocrx_word' id='word_1_119' title='bbox 462 1292 684 1325; x_wconf 65' lang='lat' dir='ltr'>inriolabiliter</span> <span class='ocrx_word' id='word_1_120' title='bbox 697 1292 857 1325; x_wconf 77' lang='lat' dir='ltr'>observari</span> <span class='ocrx_word' id='word_1_121' title='bbox 875 1292 1003 1328; x_wconf 67' lang='lat' dir='ltr'>‹tobei-02</span> <span class='ocrx_word' id='word_1_122' title='bbox 1022 1292 1128 1334; x_wconf 76' lang='lat' dir='ltr'>sicque</span> <span class='ocrx_word' id='word_1_123' title='bbox 1147 1302 1203 1334; x_wconf 87' lang='lat' dir='ltr'>per</span> 
     </span>
     <span class='ocr_line' id='line_1_28' title="bbox 461 1344 1202 1389; baseline 0 -13"><span class='ocrx_word' id='word_1_124' title='bbox 461 1356 678 1389; x_wconf 78' lang='lat' dir='ltr'>quoscumque</span> <span class='ocrx_word' id='word_1_125' title='bbox 713 1345 830 1377; x_wconf 68' lang='lat' dir='ltr'>iudices</span> <span class='ocrx_word' id='word_1_126' title='bbox 863 1345 1041 1378; x_wconf 85' lang='lat' dir='ltr'>ordinarios</span> <span class='ocrx_word' id='word_1_127' title='bbox 1066 1350 1093 1377; x_wconf 90' lang='lat' dir='ltr'>ct</span> <span class='ocrx_word' id='word_1_128' title='bbox 1119 1344 1202 1376; x_wconf 84' lang='lat' dir='ltr'>delc-</span> 
     </span>
     <span class='ocr_line' id='line_1_29' title="bbox 462 1397 1203 1442; baseline -0.003 -11"><span class='ocrx_word' id='word_1_129' title='bbox 462 1405 572 1441; x_wconf 64' lang='lat' dir='ltr'>gatos,</span> <span class='ocrx_word' id='word_1_130' title='bbox 597 1399 689 1431; x_wconf 87' lang='lat' dir='ltr'>etiam</span> <span class='ocrx_word' id='word_1_131' title='bbox 716 1410 880 1431; x_wconf 74' lang='lat' dir='ltr'>causarum</span> <span class='ocrx_word' id='word_1_132' title='bbox 909 1398 1014 1442; x_wconf 87' lang='lat' dir='ltr'>palatii</span> <span class='ocrx_word' id='word_1_133' title='bbox 1040 1397 1203 1441; x_wconf 83' lang='lat' dir='ltr'>apostolici</span> 
     </span>
     <span class='ocr_line' id='line_1_30' title="bbox 461 1450 1203 1489; baseline -0.001 -5"><span class='ocrx_word' id='word_1_134' title='bbox 461 1452 631 1489; x_wconf 80' lang='lat' dir='ltr'>auditores,</span> <span class='ocrx_word' id='word_1_135' title='bbox 657 1464 691 1484; x_wconf 84' lang='lat' dir='ltr'>ar</span> <span class='ocrx_word' id='word_1_136' title='bbox 717 1458 840 1484; x_wconf 79' lang='lat' dir='ltr'>sanctae</span> <span class='ocrx_word' id='word_1_137' title='bbox 866 1453 1023 1484; x_wconf 79' lang='lat' dir='ltr'>Romanae</span> <span class='ocrx_word' id='word_1_138' title='bbox 1050 1450 1203 1483; x_wconf 54' lang='lat' dir='ltr'>lieet-isiae</span> 
     </span>
     <span class='ocr_line' id='line_1_31' title="bbox 461 1503 1202 1545; baseline -0.001 -9"><span class='ocrx_word' id='word_1_139' title='bbox 461 1506 635 1538; x_wconf 84' lang='lat' dir='ltr'>cardinales</span> <span class='ocrx_word' id='word_1_140' title='bbox 653 1506 746 1537; x_wconf 88' lang='lat' dir='ltr'>etiam</span> <span class='ocrx_word' id='word_1_141' title='bbox 765 1505 802 1537; x_wconf 89' lang='lat' dir='ltr'>de</span> <span class='ocrx_word' id='word_1_142' title='bbox 819 1505 915 1537; x_wconf 87' lang='lat' dir='ltr'>latere</span> <span class='ocrx_word' id='word_1_143' title='bbox 934 1505 1052 1545; x_wconf 58' lang='lat' dir='ltr'>togatos</span> <span class='ocrx_word' id='word_1_144' title='bbox 1069 1503 1202 1542; x_wconf 74' lang='lat' dir='ltr'>(sublata</span> 
     </span>
     <span class='ocr_line' id='line_1_32' title="bbox 461 1556 1205 1600; baseline -0.004 -10"><span class='ocrx_word' id='word_1_145' title='bbox 461 1559 505 1590; x_wconf 82' lang='lat' dir='ltr'>eis</span> <span class='ocrx_word' id='word_1_146' title='bbox 530 1564 557 1590; x_wconf 87' lang='lat' dir='ltr'>et</span> <span class='ocrx_word' id='word_1_147' title='bbox 584 1569 694 1591; x_wconf 87' lang='lat' dir='ltr'>eorum</span> <span class='ocrx_word' id='word_1_148' title='bbox 720 1558 847 1590; x_wconf 72' lang='lat' dir='ltr'>cuilibet</span> <span class='ocrx_word' id='word_1_149' title='bbox 875 1557 984 1600; x_wconf 71' lang='lat' dir='ltr'>quavis</span> <span class='ocrx_word' id='word_1_150' title='bbox 1013 1557 1104 1588; x_wconf 79' lang='lat' dir='ltr'>aliter</span> <span class='ocrx_word' id='word_1_151' title='bbox 1129 1556 1205 1588; x_wconf 88' lang='lat' dir='ltr'>iudi-</span> 
     </span>
     <span class='ocr_line' id='line_1_33' title="bbox 461 1611 1204 1655; baseline -0.001 -12"><span class='ocrx_word' id='word_1_152' title='bbox 461 1612 550 1644; x_wconf 81' lang='lat' dir='ltr'>candi</span> <span class='ocrx_word' id='word_1_153' title='bbox 576 1616 604 1645; x_wconf 89' lang='lat' dir='ltr'>et</span> <span class='ocrx_word' id='word_1_154' title='bbox 630 1611 854 1655; x_wconf 86' lang='lat' dir='ltr'>interpretandi</span> <span class='ocrx_word' id='word_1_155' title='bbox 882 1611 1026 1644; x_wconf 71' lang='lat' dir='ltr'>facultate</span> <span class='ocrx_word' id='word_1_156' title='bbox 1044 1615 1070 1643; x_wconf 91' lang='lat' dir='ltr'>et</span> <span class='ocrx_word' id='word_1_157' title='bbox 1097 1615 1204 1642; x_wconf 80' lang='lat' dir='ltr'>aucto—</span> 
     </span>
     <span class='ocr_line' id='line_1_34' title="bbox 461 1662 1204 1708; baseline -0.003 -11"><span class='ocrx_word' id='word_1_158' title='bbox 461 1666 565 1708; x_wconf 81' lang='lat' dir='ltr'>ritate)</span> <span class='ocrx_word' id='word_1_159' title='bbox 592 1665 707 1708; x_wconf 87' lang='lat' dir='ltr'>ubique</span> <span class='ocrx_word' id='word_1_160' title='bbox 734 1664 863 1697; x_wconf 87' lang='lat' dir='ltr'>iudicari</span> <span class='ocrx_word' id='word_1_161' title='bbox 883 1670 909 1696; x_wconf 87' lang='lat' dir='ltr'>et</span> <span class='ocrx_word' id='word_1_162' title='bbox 936 1664 1060 1696; x_wconf 80' lang='lat' dir='ltr'>deliniri</span> <span class='ocrx_word' id='word_1_163' title='bbox 1079 1662 1204 1702; x_wconf 83' lang='lat' dir='ltr'>debere,</span> 
     </span>
     <span class='ocr_line' id='line_1_35' title="bbox 461 1716 1205 1760; baseline -0.005 -10"><span class='ocrx_word' id='word_1_164' title='bbox 461 1730 496 1750; x_wconf 77' lang='lat' dir='ltr'>ar</span> <span class='ocrx_word' id='word_1_165' title='bbox 524 1718 646 1750; x_wconf 89' lang='lat' dir='ltr'>irritum</span> <span class='ocrx_word' id='word_1_166' title='bbox 672 1723 699 1750; x_wconf 81' lang='lat' dir='ltr'>et</span> <span class='ocrx_word' id='word_1_167' title='bbox 732 1718 838 1754; x_wconf 78' lang='lat' dir='ltr'>inane,</span> <span class='ocrx_word' id='word_1_168' title='bbox 864 1718 888 1749; x_wconf 81' lang='lat' dir='ltr'>si</span> <span class='ocrx_word' id='word_1_169' title='bbox 921 1728 1009 1749; x_wconf 81' lang='lat' dir='ltr'>secus</span> <span class='ocrx_word' id='word_1_170' title='bbox 1038 1726 1132 1760; x_wconf 85' lang='lat' dir='ltr'>super</span> <span class='ocrx_word' id='word_1_171' title='bbox 1158 1716 1205 1748; x_wconf 79' lang='lat' dir='ltr'>liis</span> 
     </span>
     <span class='ocr_line' id='line_1_36' title="bbox 462 1769 1205 1815; baseline -0.003 -12"><span class='ocrx_word' id='word_1_172' title='bbox 462 1784 478 1803; x_wconf 89' lang='lat' dir='ltr'>a</span> <span class='ocrx_word' id='word_1_173' title='bbox 503 1782 678 1815; x_wconf 88' lang='lat' dir='ltr'>quoquam,</span> <span class='ocrx_word' id='word_1_174' title='bbox 704 1771 813 1814; x_wconf 67' lang='lat' dir='ltr'>quai-is</span> <span class='ocrx_word' id='word_1_175' title='bbox 842 1770 1045 1809; x_wconf 58' lang='lat' dir='ltr'>auc-tornaio,</span> <span class='ocrx_word' id='word_1_176' title='bbox 1071 1769 1205 1801; x_wconf 85' lang='lat' dir='ltr'>scienter</span> 
     </span>
     <span class='ocr_line' id='line_1_37' title="bbox 464 1823 1205 1868; baseline -0.004 -12"><span class='ocrx_word' id='word_1_177' title='bbox 464 1826 509 1857; x_wconf 74' lang='lat' dir='ltr'>rel</span> <span class='ocrx_word' id='word_1_178' title='bbox 529 1825 720 1868; x_wconf 78' lang='lat' dir='ltr'>ignoranter,</span> <span class='ocrx_word' id='word_1_179' title='bbox 738 1823 903 1866; x_wconf 68' lang='lat' dir='ltr'>rontigcrit</span> <span class='ocrx_word' id='word_1_180' title='bbox 923 1823 1079 1864; x_wconf 83' lang='lat' dir='ltr'>attentari,</span> <span class='ocrx_word' id='word_1_181' title='bbox 1098 1828 1205 1854; x_wconf 86' lang='lat' dir='ltr'>tenore</span> 
     </span>
     <span class='ocr_line' id='line_1_38' title="bbox 464 1876 1167 1921; baseline -0.004 -11"><span class='ocrx_word' id='word_1_182' title='bbox 464 1878 675 1921; x_wconf 80' lang='lat' dir='ltr'>praesentium</span> <span class='ocrx_word' id='word_1_183' title='bbox 694 1877 893 1910; x_wconf 79' lang='lat' dir='ltr'>decernimus</span> <span class='ocrx_word' id='word_1_184' title='bbox 910 1887 944 1908; x_wconf 82' lang='lat' dir='ltr'>ac</span> <span class='ocrx_word' id='word_1_185' title='bbox 962 1876 1167 1908; x_wconf 69' lang='lat' dir='ltr'>declaramus.</span> 
     </span>
    </p>

    <p class='ocr_par' dir='ltr' id='par_1_6' title="bbox 464 1929 1207 2718">
     <span class='ocr_line' id='line_1_39' title="bbox 509 1929 1206 1974; baseline -0.004 -11"><span class='ocrx_word' id='word_1_186' title='bbox 509 1932 524 1974; x_wconf 61' lang='grc' dir='ltr'><em>ξ</em></span> <span class='ocrx_word' id='word_1_187' title='bbox 548 1931 577 1963; x_wconf 71' lang='grc'>4.</span> <span class='ocrx_word' id='word_1_188' title='bbox 606 1931 639 1963; x_wconf 70' lang='lat' dir='ltr'>tit</span> <span class='ocrx_word' id='word_1_189' title='bbox 659 1930 873 1968; x_wconf 60' lang='lat' dir='ltr'>niliiloi‘nitms,</span> <span class='ocrx_word' id='word_1_190' title='bbox 890 1940 927 1962; x_wconf 86' lang='lat' dir='ltr'>ne</span> <span class='ocrx_word' id='word_1_191' title='bbox 946 1929 1151 1973; x_wconf 81' lang='lat' dir='ltr'>imposterum</span> <span class='ocrx_word' id='word_1_192' title='bbox 1169 1929 1206 1960; x_wconf 80' lang='lat' dir='ltr'>si-</span> 
     </span>
     <span class='ocr_line' id='line_1_40' title="bbox 467 1983 1205 2028; baseline -0.001 -12"><span class='ocrx_word' id='word_1_193' title='bbox 467 1985 553 2017; x_wconf 83' lang='lat' dir='ltr'>milia</span> <span class='ocrx_word' id='word_1_194' title='bbox 578 1989 832 2028; x_wconf 51' lang='lat' dir='ltr'>praesumantm:</span> <span class='ocrx_word' id='word_1_195' title='bbox 849 1983 996 2016; x_wconf 88' lang='lat' dir='ltr'>omnibus</span> <span class='ocrx_word' id='word_1_196' title='bbox 1020 1988 1046 2015; x_wconf 84' lang='lat' dir='ltr'>ct</span> <span class='ocrx_word' id='word_1_197' title='bbox 1074 1983 1205 2022; x_wconf 59' lang='lat' dir='ltr'>singulis</span> 
     </span>
     <span class='ocr_line' id='line_1_41' title="bbox 466 2035 1204 2079; baseline -0.004 -9"><span class='ocrx_word' id='word_1_198' title='bbox 466 2037 621 2070; x_wconf 84' lang='lat' dir='ltr'>iudicibus</span> <span class='ocrx_word' id='word_1_199' title='bbox 656 2037 873 2075; x_wconf 81' lang='lat' dir='ltr'>secularibus,</span> <span class='ocrx_word' id='word_1_200' title='bbox 906 2036 998 2069; x_wconf 88' lang='lat' dir='ltr'>etiam</span> <span class='ocrx_word' id='word_1_201' title='bbox 1029 2035 1204 2079; x_wconf 85' lang='lat' dir='ltr'>supremis,</span> 
     </span>
     <span class='ocr_line' id='line_1_42' title="bbox 465 2089 1205 2133; baseline 0 -12"><span class='ocrx_word' id='word_1_202' title='bbox 465 2091 620 2123; x_wconf 85' lang='lat' dir='ltr'>dictorum</span> <span class='ocrx_word' id='word_1_203' title='bbox 647 2100 833 2132; x_wconf 73' lang='lat' dir='ltr'>regnorum,</span> <span class='ocrx_word' id='word_1_204' title='bbox 855 2100 1054 2133; x_wconf 84' lang='lat' dir='ltr'>quocumque</span> <span class='ocrx_word' id='word_1_205' title='bbox 1079 2089 1205 2121; x_wconf 79' lang='lat' dir='ltr'>nornine</span> 
     </span>
     <span class='ocr_line' id='line_1_43' title="bbox 464 2142 1205 2187; baseline -0.003 -11"><span class='ocrx_word' id='word_1_206' title='bbox 464 2144 662 2187; x_wconf 75' lang='lat' dir='ltr'>nuncupatis,</span> <span class='ocrx_word' id='word_1_207' title='bbox 687 2143 913 2186; x_wconf 74' lang='lat' dir='ltr'>cuiuscuuupie</span> <span class='ocrx_word' id='word_1_208' title='bbox 939 2142 1072 2183; x_wconf 67' lang='lat' dir='ltr'>gradus,</span> <span class='ocrx_word' id='word_1_209' title='bbox 1097 2142 1205 2174; x_wconf 84' lang='lat' dir='ltr'>eondi-</span> 
     </span>
     <span class='ocr_line' id='line_1_44' title="bbox 467 2196 1204 2240; baseline -0.001 -11"><span class='ocrx_word' id='word_1_210' title='bbox 467 2197 570 2235; x_wconf 76' lang='lat' dir='ltr'>tionis,</span> <span class='ocrx_word' id='word_1_211' title='bbox 594 2202 621 2229; x_wconf 83' lang='lat' dir='ltr'>et</span> <span class='ocrx_word' id='word_1_212' title='bbox 649 2196 885 2240; x_wconf 65' lang='lat' dir='ltr'>praerogativae</span> <span class='ocrx_word' id='word_1_213' title='bbox 911 2196 1053 2235; x_wconf 79' lang='lat' dir='ltr'>existant,</span> <span class='ocrx_word' id='word_1_214' title='bbox 1070 2205 1108 2227; x_wconf 89' lang='lat' dir='ltr'>ne</span> <span class='ocrx_word' id='word_1_215' title='bbox 1133 2196 1204 2228; x_wconf 86' lang='lat' dir='ltr'>talia</span> 
     </span>
     <span class='ocr_line' id='line_1_45' title="bbox 465 2248 1206 2290; baseline -0.003 -8"><span class='ocrx_word' id='word_1_216' title='bbox 465 2250 657 2290; x_wconf 80' lang='lat' dir='ltr'>huiusmodi,</span> <span class='ocrx_word' id='word_1_217' title='bbox 674 2255 726 2281; x_wconf 88' lang='lat' dir='ltr'>ant</span> <span class='ocrx_word' id='word_1_218' title='bbox 751 2249 864 2281; x_wconf 82' lang='lat' dir='ltr'>similia</span> <span class='ocrx_word' id='word_1_219' title='bbox 888 2249 1037 2281; x_wconf 69' lang='lat' dir='ltr'>adversus</span> <span class='ocrx_word' id='word_1_220' title='bbox 1063 2248 1206 2281; x_wconf 90' lang='lat' dir='ltr'>immuni-</span> 
     </span>
     <span class='ocr_line' id='line_1_46' title="bbox 466 2302 1203 2344; baseline -0.003 -9"><span class='ocrx_word' id='word_1_221' title='bbox 466 2309 570 2344; x_wconf 81' lang='lat' dir='ltr'>tatem,</span> <span class='ocrx_word' id='word_1_222' title='bbox 588 2308 617 2335; x_wconf 82' lang='lat' dir='ltr'>et</span> <span class='ocrx_word' id='word_1_223' title='bbox 638 2303 812 2335; x_wconf 86' lang='lat' dir='ltr'>libertatem</span> <span class='ocrx_word' id='word_1_224' title='bbox 839 2302 1094 2341; x_wconf 77' lang='lat' dir='ltr'>eeclesiasticam,</span> <span class='ocrx_word' id='word_1_225' title='bbox 1111 2302 1203 2334; x_wconf 84' lang='lat' dir='ltr'>etiam</span> 
     </span>
     <span class='ocr_line' id='line_1_47' title="bbox 465 2355 1205 2399; baseline -0.003 -10"><span class='ocrx_word' id='word_1_226' title='bbox 465 2366 664 2399; x_wconf 74' lang='lat' dir='ltr'>quocumque</span> <span class='ocrx_word' id='word_1_227' title='bbox 691 2361 864 2399; x_wconf 75' lang='lat' dir='ltr'>praetextu,</span> <span class='ocrx_word' id='word_1_228' title='bbox 886 2361 995 2387; x_wconf 84' lang='lat' dir='ltr'>contra</span> <span class='ocrx_word' id='word_1_229' title='bbox 1020 2355 1205 2388; x_wconf 81' lang='lat' dir='ltr'>eeclesiasti-</span> 
     </span>
     <span class='ocr_line' id='line_1_48' title="bbox 466 2409 1206 2453; baseline 0 -12"><span class='ocrx_word' id='word_1_230' title='bbox 466 2419 519 2442; x_wconf 77' lang='lat' dir='ltr'>cos</span> <span class='ocrx_word' id='word_1_231' title='bbox 545 2409 718 2453; x_wconf 84' lang='lat' dir='ltr'>praelatos,</span> <span class='ocrx_word' id='word_1_232' title='bbox 745 2409 881 2448; x_wconf 77' lang='lat' dir='ltr'>iudices,</span> <span class='ocrx_word' id='word_1_233' title='bbox 906 2414 932 2440; x_wconf 81' lang='lat' dir='ltr'>et</span> <span class='ocrx_word' id='word_1_234' title='bbox 961 2418 1130 2451; x_wconf 82' lang='lat' dir='ltr'>personas,</span> <span class='ocrx_word' id='word_1_235' title='bbox 1157 2420 1206 2441; x_wconf 85' lang='lat' dir='ltr'>res</span> 
     </span>
     <span class='ocr_line' id='line_1_49' title="bbox 467 2462 1205 2503; baseline 0.003 -10"><span class='ocrx_word' id='word_1_236' title='bbox 467 2469 495 2494; x_wconf 84' lang='lat' dir='ltr'>et</span> <span class='ocrx_word' id='word_1_237' title='bbox 521 2464 613 2503; x_wconf 88' lang='lat' dir='ltr'>bona,</span> <span class='ocrx_word' id='word_1_238' title='bbox 637 2474 672 2495; x_wconf 74' lang='lat' dir='ltr'>ae</span> <span class='ocrx_word' id='word_1_239' title='bbox 697 2474 806 2495; x_wconf 88' lang='lat' dir='ltr'>eorum</span> <span class='ocrx_word' id='word_1_240' title='bbox 833 2462 1080 2495; x_wconf 82' lang='lat' dir='ltr'>iurisdictionem</span> <span class='ocrx_word' id='word_1_241' title='bbox 1102 2468 1128 2494; x_wconf 82' lang='lat' dir='ltr'>ct</span> <span class='ocrx_word' id='word_1_242' title='bbox 1151 2473 1205 2495; x_wconf 87' lang='grc' dir='ltr'>ιιιι-</span> 
     </span>
     <span class='ocr_line' id='line_1_50' title="bbox 467 2515 1206 2559; baseline 0.001 -13"><span class='ocrx_word' id='word_1_243' title='bbox 467 2516 660 2555; x_wconf 70' lang='lat' dir='ltr'>ctoritatem,</span> <span class='ocrx_word' id='word_1_244' title='bbox 685 2516 814 2559; x_wconf 76' lang='lat' dir='ltr'>eiusque</span> <span class='ocrx_word' id='word_1_245' title='bbox 839 2515 974 2547; x_wconf 89' lang='lat' dir='ltr'>liberum</span> <span class='ocrx_word' id='word_1_246' title='bbox 1000 2516 1206 2556; x_wconf 69' lang='lat' dir='ltr'>exercitium,</span> 
     </span>
     <span class='ocr_line' id='line_1_51' title="bbox 468 2569 1206 2613; baseline 0 -12"><span class='ocrx_word' id='word_1_247' title='bbox 468 2570 700 2613; x_wconf 76' lang='lat' dir='ltr'>quomodolibet</span> <span class='ocrx_word' id='word_1_248' title='bbox 729 2569 945 2608; x_wconf 86' lang='lat' dir='ltr'>committere,</span> <span class='ocrx_word' id='word_1_249' title='bbox 969 2575 1021 2601; x_wconf 87' lang='lat' dir='ltr'>aut</span> <span class='ocrx_word' id='word_1_250' title='bbox 1053 2575 1206 2602; x_wconf 81' lang='lat' dir='ltr'>attentare</span> 
     </span>
     <span class='ocr_line' id='line_1_52' title="bbox 470 2622 1207 2665; baseline 0 -12"><span class='ocrx_word' id='word_1_251' title='bbox 470 2628 680 2665; x_wconf 79' lang='lat' dir='ltr'>praesumant,</span> <span class='ocrx_word' id='word_1_252' title='bbox 706 2623 762 2655; x_wconf 84' lang='lat' dir='ltr'>sub</span> <span class='ocrx_word' id='word_1_253' title='bbox 787 2622 1120 2655; x_wconf 75' lang='lat' dir='ltr'>exroiimmnicationis</span> <span class='ocrx_word' id='word_1_254' title='bbox 1147 2632 1207 2654; x_wconf 85' lang='lat' dir='ltr'>ma-</span> 
     </span>
     <span class='ocr_line' id='line_1_53' title="bbox 472 2675 1206 2718; baseline -0.001 -11"><span class='ocrx_word' id='word_1_255' title='bbox 472 2676 554 2710; x_wconf 72' lang='lat' dir='ltr'>ioris.</span> <span class='ocrx_word' id='word_1_256' title='bbox 572 2688 588 2707; x_wconf 84' lang='lat' dir='ltr'>a</span> <span class='ocrx_word' id='word_1_257' title='bbox 612 2687 671 2718; x_wconf 84' lang='lat' dir='ltr'>qua</span> <span class='ocrx_word' id='word_1_258' title='bbox 698 2676 818 2707; x_wconf 77' lang='lat' dir='ltr'>nonnisi</span> <span class='ocrx_word' id='word_1_259' title='bbox 845 2687 859 2706; x_wconf 83' lang='lat' dir='ltr'>a</span> <span class='ocrx_word' id='word_1_260' title='bbox 886 2675 985 2708; x_wconf 78' lang='lat' dir='ltr'>nobis.</span> <span class='ocrx_word' id='word_1_261' title='bbox 999 2680 1049 2708; x_wconf 86' lang='lat' dir='ltr'>aut</span> <span class='ocrx_word' id='word_1_262' title='bbox 1067 2675 1206 2707; x_wconf 76' lang='lat' dir='ltr'>llomano</span> 
     </span>
    </p>
   </div>
   <div class='ocr_carea' id='block_1_5' title="bbox 1039 280 1972 377">
    <p class='ocr_par' dir='ltr' id='par_1_7' title="bbox 1039 280 1972 377">
     <span class='ocr_line' id='line_1_54' title="bbox 1039 280 1394 310; baseline 0.003 -1"><span class='ocrx_word' id='word_1_263' title='bbox 1039 284 1217 310; x_wconf 47' lang='lat' dir='ltr'>artmano(</span> <span class='ocrx_word' id='word_1_264' title='bbox 1243 280 1394 310; x_wconf 69' lang='lat' dir='ltr'>nomxru</span> 
     </span>
     <span class='ocr_line' id='line_1_55' title="bbox 1216 333 1972 377; baseline 0 -11"><span class='ocrx_word' id='word_1_265' title='bbox 1216 333 1383 367; x_wconf 47' lang='grc' dir='ltr'>ιΡοιιιιιιςι-</span> <span class='ocrx_word' id='word_1_266' title='bbox 1408 344 1464 376; x_wconf 85' lang='lat' dir='ltr'>pro</span> <span class='ocrx_word' id='word_1_267' title='bbox 1491 338 1631 376; x_wconf 86' lang='lat' dir='ltr'>tempore</span> <span class='ocrx_word' id='word_1_268' title='bbox 1655 333 1815 373; x_wconf 77' lang='lat' dir='ltr'>existente,</span> <span class='ocrx_word' id='word_1_269' title='bbox 1831 337 1972 377; x_wconf 88' lang='lat' dir='ltr'>praeter-</span> 
     </span>
    </p>
   </div>
   <div class='ocr_carea' id='block_1_6' title="bbox 1234 386 1979 2714">
    <p class='ocr_par' dir='ltr' id='par_1_8' title="bbox 1234 386 1979 2336">
     <span class='ocr_line' id='line_1_56' title="bbox 1234 386 1972 430; baseline 0.001 -12"><span class='ocrx_word' id='word_1_270' title='bbox 1234 397 1327 430; x_wconf 84' lang='lat' dir='ltr'>quam</span> <span class='ocrx_word' id='word_1_271' title='bbox 1354 387 1385 418; x_wconf 94' lang='lat' dir='ltr'>in</span> <span class='ocrx_word' id='word_1_272' title='bbox 1410 386 1521 419; x_wconf 87' lang='lat' dir='ltr'>mortis</span> <span class='ocrx_word' id='word_1_273' title='bbox 1544 387 1686 426; x_wconf 80' lang='lat' dir='ltr'>articulo,</span> <span class='ocrx_word' id='word_1_274' title='bbox 1700 386 1817 419; x_wconf 83' lang='lat' dir='ltr'>absolvi</span> <span class='ocrx_word' id='word_1_275' title='bbox 1842 386 1972 430; x_wconf 87' lang='lat' dir='ltr'>possint,</span> 
     </span>
     <span class='ocr_line' id='line_1_57' title="bbox 1234 439 1972 483; baseline 0.001 -12"><span class='ocrx_word' id='word_1_276' title='bbox 1234 439 1365 483; x_wconf 85' lang='lat' dir='ltr'>aliisque</span> <span class='ocrx_word' id='word_1_277' title='bbox 1389 439 1609 472; x_wconf 78' lang='lat' dir='ltr'>ecclesiasticis</span> <span class='ocrx_word' id='word_1_278' title='bbox 1634 439 1805 478; x_wconf 75' lang='lat' dir='ltr'>sententiis,</span> <span class='ocrx_word' id='word_1_279' title='bbox 1820 439 1972 479; x_wconf 84' lang='lat' dir='ltr'>censuris,</span> 
     </span>
     <span class='ocr_line' id='line_1_58' title="bbox 1234 492 1970 536; baseline 0.001 -12"><span class='ocrx_word' id='word_1_280' title='bbox 1234 502 1268 524; x_wconf 80' lang='lat' dir='ltr'>ae</span> <span class='ocrx_word' id='word_1_281' title='bbox 1295 492 1480 536; x_wconf 79' lang='lat' dir='ltr'>privationis</span> <span class='ocrx_word' id='word_1_282' title='bbox 1504 503 1778 536; x_wconf 84' lang='lat' dir='ltr'>quorumcumque</span> <span class='ocrx_word' id='word_1_283' title='bbox 1802 492 1970 526; x_wconf 82' lang='lat' dir='ltr'>beneficio-</span> 
     </span>
     <span class='ocr_line' id='line_1_59' title="bbox 1236 545 1973 589; baseline 0 -12"><span class='ocrx_word' id='word_1_284' title='bbox 1236 556 1316 583; x_wconf 82' lang='lat' dir='ltr'>rum,</span> <span class='ocrx_word' id='word_1_285' title='bbox 1331 545 1530 589; x_wconf 18' lang='lat' dir='ltr'>par-usionum,</span> <span class='ocrx_word' id='word_1_286' title='bbox 1548 545 1724 578; x_wconf 82' lang='lat' dir='ltr'>officiorum</span> <span class='ocrx_word' id='word_1_287' title='bbox 1741 550 1771 579; x_wconf 90' lang='lat' dir='ltr'>et</span> <span class='ocrx_word' id='word_1_288' title='bbox 1787 545 1973 588; x_wconf 78' lang='lat' dir='ltr'>dignitatum</span> 
     </span>
     <span class='ocr_line' id='line_1_60' title="bbox 1235 597 1975 642; baseline 0.001 -13"><span class='ocrx_word' id='word_1_289' title='bbox 1235 598 1529 638; x_wconf 78' lang='lat' dir='ltr'>ecclesiasticarum,</span> <span class='ocrx_word' id='word_1_290' title='bbox 1546 604 1778 642; x_wconf 82' lang='lat' dir='ltr'>perpetuaeque</span> <span class='ocrx_word' id='word_1_291' title='bbox 1803 597 1975 631; x_wconf 85' lang='lat' dir='ltr'>inhabilita-</span> 
     </span>
     <span class='ocr_line' id='line_1_61' title="bbox 1236 651 1973 695; baseline 0 -11"><span class='ocrx_word' id='word_1_292' title='bbox 1236 652 1290 692; x_wconf 80' lang='lat' dir='ltr'>tis,</span> <span class='ocrx_word' id='word_1_293' title='bbox 1316 657 1378 684; x_wconf 89' lang='lat' dir='ltr'>tam</span> <span class='ocrx_word' id='word_1_294' title='bbox 1411 652 1514 695; x_wconf 86' lang='lat' dir='ltr'>quoad</span> <span class='ocrx_word' id='word_1_295' title='bbox 1547 652 1630 695; x_wconf 86' lang='lat' dir='ltr'>ipsos</span> <span class='ocrx_word' id='word_1_296' title='bbox 1659 651 1894 694; x_wconf 89' lang='lat' dir='ltr'>delinquentes,</span> <span class='ocrx_word' id='word_1_297' title='bbox 1920 662 1973 684; x_wconf 86' lang='lat' dir='ltr'>seu</span> 
     </span>
     <span class='ocr_line' id='line_1_62' title="bbox 1235 704 1975 748; baseline 0.001 -11"><span class='ocrx_word' id='word_1_298' title='bbox 1235 711 1446 743; x_wconf 86' lang='lat' dir='ltr'>contumaces,</span> <span class='ocrx_word' id='word_1_299' title='bbox 1467 715 1560 748; x_wconf 89' lang='lat' dir='ltr'>quam</span> <span class='ocrx_word' id='word_1_300' title='bbox 1585 704 1687 748; x_wconf 88' lang='lat' dir='ltr'>quoad</span> <span class='ocrx_word' id='word_1_301' title='bbox 1712 715 1822 738; x_wconf 87' lang='lat' dir='ltr'>eorum</span> <span class='ocrx_word' id='word_1_302' title='bbox 1848 704 1975 738; x_wconf 86' lang='lat' dir='ltr'>descen-</span> 
     </span>
     <span class='ocr_line' id='line_1_63' title="bbox 1235 758 1975 801; baseline 0 -11"><span class='ocrx_word' id='word_1_303' title='bbox 1235 758 1343 790; x_wconf 82' lang='lat' dir='ltr'>dentes</span> <span class='ocrx_word' id='word_1_304' title='bbox 1368 769 1466 801; x_wconf 79' lang='lat' dir='ltr'>usque</span> <span class='ocrx_word' id='word_1_305' title='bbox 1491 758 1528 790; x_wconf 90' lang='lat' dir='ltr'>ad</span> <span class='ocrx_word' id='word_1_306' title='bbox 1546 768 1657 790; x_wconf 88' lang='lat' dir='ltr'>eorum</span> <span class='ocrx_word' id='word_1_307' title='bbox 1681 763 1825 800; x_wconf 88' lang='lat' dir='ltr'>quartam</span> <span class='ocrx_word' id='word_1_308' title='bbox 1846 767 1975 800; x_wconf 84' lang='lat' dir='ltr'>genera-</span> 
     </span>
     <span class='ocr_line' id='line_1_64' title="bbox 1236 810 1972 855; baseline 0.001 -12"><span class='ocrx_word' id='word_1_309' title='bbox 1236 811 1363 851; x_wconf 85' lang='lat' dir='ltr'>tionem,</span> <span class='ocrx_word' id='word_1_310' title='bbox 1380 811 1418 843; x_wconf 89' lang='lat' dir='ltr'>ad</span> <span class='ocrx_word' id='word_1_311' title='bbox 1440 812 1489 843; x_wconf 84' lang='lat' dir='ltr'>illa</span> <span class='ocrx_word' id='word_1_312' title='bbox 1511 812 1717 855; x_wconf 84' lang='lat' dir='ltr'>imposterum</span> <span class='ocrx_word' id='word_1_313' title='bbox 1737 810 1972 854; x_wconf 74' lang='lat' dir='ltr'>quomodolibet</span> 
     </span>
     <span class='ocr_line' id='line_1_65' title="bbox 1235 864 1975 908; baseline 0 -11"><span class='ocrx_word' id='word_1_314' title='bbox 1235 864 1431 901; x_wconf 81' lang='lat' dir='ltr'>obtinenda¹,</span> <span class='ocrx_word' id='word_1_315' title='bbox 1457 875 1513 897; x_wconf 86' lang='lat' dir='ltr'>nec</span> <span class='ocrx_word' id='word_1_316' title='bbox 1538 875 1600 898; x_wconf 93' lang='lat' dir='ltr'>non</span> <span class='ocrx_word' id='word_1_317' title='bbox 1625 864 1803 897; x_wconf 82' lang='lat' dir='ltr'>amissionis</span> <span class='ocrx_word' id='word_1_318' title='bbox 1827 875 1975 908; x_wconf 85' lang='lat' dir='ltr'>quorum-</span> 
     </span>
     <span class='ocr_line' id='line_1_66' title="bbox 1235 917 1975 962; baseline 0.001 -13"><span class='ocrx_word' id='word_1_319' title='bbox 1235 928 1370 960; x_wconf 79' lang='lat' dir='ltr'>cumque</span> <span class='ocrx_word' id='word_1_320' title='bbox 1388 917 1502 950; x_wconf 91' lang='lat' dir='ltr'>iurium</span> <span class='ocrx_word' id='word_1_321' title='bbox 1520 923 1713 962; x_wconf 76' lang='lat' dir='ltr'>patronatuS,</span> <span class='ocrx_word' id='word_1_322' title='bbox 1727 917 1975 961; x_wconf 81' lang='lat' dir='ltr'>privilegiorum,</span> 
     </span>
     <span class='ocr_line' id='line_1_67' title="bbox 1237 971 1974 1013; baseline 0 -10"><span class='ocrx_word' id='word_1_323' title='bbox 1237 971 1428 1005; x_wconf 88' lang='lat' dir='ltr'>indultorum</span> <span class='ocrx_word' id='word_1_324' title='bbox 1451 998 1458 1007; x_wconf 75' lang='grc'>,</span> <span class='ocrx_word' id='word_1_325' title='bbox 1494 971 1693 1013; x_wconf 76' lang='lat' dir='ltr'>gratiarum,</span> <span class='ocrx_word' id='word_1_326' title='bbox 1735 971 1974 1005; x_wconf 84' lang='lat' dir='ltr'>concessionum</span> 
     </span>
     <span class='ocr_line' id='line_1_68' title="bbox 1235 1023 1974 1068; baseline 0 -12"><span class='ocrx_word' id='word_1_327' title='bbox 1235 1030 1263 1057; x_wconf 88' lang='lat' dir='ltr'>et</span> <span class='ocrx_word' id='word_1_328' title='bbox 1291 1024 1556 1060; x_wconf 65' lang='lat' dir='ltr'>investiturarum,</span> <span class='ocrx_word' id='word_1_329' title='bbox 1584 1029 1645 1056; x_wconf 87' lang='lat' dir='ltr'>tam</span> <span class='ocrx_word' id='word_1_330' title='bbox 1671 1023 1974 1068; x_wconf 70' lang='lat' dir='ltr'>einphyteuticarum</span> 
     </span>
     <span class='ocr_line' id='line_1_69' title="bbox 1235 1077 1975 1121; baseline 0 -12"><span class='ocrx_word' id='word_1_331' title='bbox 1235 1088 1329 1121; x_wconf 89' lang='lat' dir='ltr'>quam</span> <span class='ocrx_word' id='word_1_332' title='bbox 1355 1077 1541 1114; x_wconf 75' lang='lat' dir='ltr'>lcudalimi‘i,</span> <span class='ocrx_word' id='word_1_333' title='bbox 1567 1077 1684 1110; x_wconf 82' lang='lat' dir='ltr'>eisdem</span> <span class='ocrx_word' id='word_1_334' title='bbox 1711 1077 1975 1121; x_wconf 83' lang='lat' dir='ltr'>delinquentibus,</span> 
     </span>
     <span class='ocr_line' id='line_1_70' title="bbox 1236 1131 1976 1175; baseline 0 -12"><span class='ocrx_word' id='word_1_335' title='bbox 1236 1136 1265 1165; x_wconf 86' lang='lat' dir='ltr'>et</span> <span class='ocrx_word' id='word_1_336' title='bbox 1289 1142 1343 1164; x_wconf 82' lang='lat' dir='ltr'>seu</span> <span class='ocrx_word' id='word_1_337' title='bbox 1360 1131 1609 1173; x_wconf 76' lang='lat' dir='ltr'>contumacibus,</span> <span class='ocrx_word' id='word_1_338' title='bbox 1631 1131 1769 1174; x_wconf 84' lang='lat' dir='ltr'>suisque,</span> <span class='ocrx_word' id='word_1_339' title='bbox 1787 1136 1819 1163; x_wconf 92' lang='lat' dir='ltr'>ut</span> <span class='ocrx_word' id='word_1_340' title='bbox 1841 1131 1976 1175; x_wconf 86' lang='lat' dir='ltr'>praeser-</span> 
     </span>
     <span class='ocr_line' id='line_1_71' title="bbox 1238 1184 1973 1228; baseline -0.003 -10"><span class='ocrx_word' id='word_1_341' title='bbox 1238 1191 1297 1225; x_wconf 81' lang='lat' dir='ltr'>tur,</span> <span class='ocrx_word' id='word_1_342' title='bbox 1323 1195 1422 1228; x_wconf 87' lang='lat' dir='ltr'>usque</span> <span class='ocrx_word' id='word_1_343' title='bbox 1447 1185 1484 1217; x_wconf 86' lang='lat' dir='ltr'>ad</span> <span class='ocrx_word' id='word_1_344' title='bbox 1509 1190 1657 1228; x_wconf 85' lang='lat' dir='ltr'>quartum</span> <span class='ocrx_word' id='word_1_345' title='bbox 1682 1184 1814 1227; x_wconf 77' lang='lat' dir='ltr'>gradum</span> <span class='ocrx_word' id='word_1_346' title='bbox 1839 1184 1973 1217; x_wconf 86' lang='lat' dir='ltr'>descen-</span> 
     </span>
     <span class='ocr_line' id='line_1_72' title="bbox 1236 1237 1974 1281; baseline -0.003 -11"><span class='ocrx_word' id='word_1_347' title='bbox 1236 1238 1392 1278; x_wconf 78' lang='lat' dir='ltr'>dentibus,</span> <span class='ocrx_word' id='word_1_348' title='bbox 1404 1248 1604 1281; x_wconf 85' lang='lat' dir='ltr'>quoemnque</span> <span class='ocrx_word' id='word_1_349' title='bbox 1617 1238 1708 1270; x_wconf 90' lang='lat' dir='ltr'>titulo</span> <span class='ocrx_word' id='word_1_350' title='bbox 1724 1237 1906 1281; x_wconf 77' lang='lat' dir='ltr'>apostolico,</span> <span class='ocrx_word' id='word_1_351' title='bbox 1924 1242 1974 1269; x_wconf 87' lang='lat' dir='ltr'>aut</span> 
     </span>
     <span class='ocr_line' id='line_1_73' title="bbox 1236 1290 1975 1334; baseline -0.004 -10"><span class='ocrx_word' id='word_1_352' title='bbox 1236 1292 1297 1325; x_wconf 89' lang='lat' dir='ltr'>alio</span> <span class='ocrx_word' id='word_1_353' title='bbox 1322 1291 1550 1326; x_wconf 78' lang='lat' dir='ltr'>ecclesiastico.</span> <span class='ocrx_word' id='word_1_354' title='bbox 1580 1290 1814 1334; x_wconf 86' lang='lat' dir='ltr'>quomodolibet</span> <span class='ocrx_word' id='word_1_355' title='bbox 1840 1299 1922 1322; x_wconf 88' lang='lat' dir='ltr'>nunc</span> <span class='ocrx_word' id='word_1_356' title='bbox 1946 1295 1975 1322; x_wconf 87' lang='lat' dir='ltr'>et</span> 
     </span>
     <span class='ocr_line' id='line_1_74' title="bbox 1239 1343 1978 1389; baseline -0.001 -13"><span class='ocrx_word' id='word_1_357' title='bbox 1239 1356 1295 1389; x_wconf 88' lang='lat' dir='ltr'>pro</span> <span class='ocrx_word' id='word_1_358' title='bbox 1321 1351 1462 1389; x_wconf 90' lang='lat' dir='ltr'>tempore</span> <span class='ocrx_word' id='word_1_359' title='bbox 1487 1345 1744 1388; x_wconf 80' lang='lat' dir='ltr'>competentium,</span> <span class='ocrx_word' id='word_1_360' title='bbox 1761 1349 1791 1376; x_wconf 93' lang='lat' dir='ltr'>et</span> <span class='ocrx_word' id='word_1_361' title='bbox 1815 1343 1978 1386; x_wconf 83' lang='lat' dir='ltr'>acquiren-</span> 
     </span>
     <span class='ocr_line' id='line_1_75' title="bbox 1237 1396 1978 1441; baseline -0.003 -11"><span class='ocrx_word' id='word_1_362' title='bbox 1237 1398 1349 1431; x_wconf 89' lang='lat' dir='ltr'>dorum</span> <span class='ocrx_word' id='word_1_363' title='bbox 1374 1398 1483 1441; x_wconf 79' lang='lat' dir='ltr'>poenis</span> <span class='ocrx_word' id='word_1_364' title='bbox 1507 1398 1575 1440; x_wconf 85' lang='lat' dir='ltr'>ipso</span> <span class='ocrx_word' id='word_1_365' title='bbox 1594 1398 1672 1430; x_wconf 75' lang='lat' dir='ltr'>sacto</span> <span class='ocrx_word' id='word_1_366' title='bbox 1696 1396 1814 1439; x_wconf 80' lang='lat' dir='ltr'>absque</span> <span class='ocrx_word' id='word_1_367' title='bbox 1839 1396 1902 1428; x_wconf 74' lang='lat' dir='ltr'>ulla</span> <span class='ocrx_word' id='word_1_368' title='bbox 1927 1396 1978 1428; x_wconf 89' lang='lat' dir='ltr'>de-</span> 
     </span>
     <span class='ocr_line' id='line_1_76' title="bbox 1237 1449 1978 1493; baseline -0.004 -8"><span class='ocrx_word' id='word_1_369' title='bbox 1237 1451 1407 1485; x_wconf 86' lang='lat' dir='ltr'>claratione</span> <span class='ocrx_word' id='word_1_370' title='bbox 1422 1450 1629 1490; x_wconf 80' lang='lat' dir='ltr'>incurrendis,</span> <span class='ocrx_word' id='word_1_371' title='bbox 1638 1449 1856 1483; x_wconf 82' lang='lat' dir='ltr'>interdicimus</span> <span class='ocrx_word' id='word_1_372' title='bbox 1867 1454 1894 1481; x_wconf 86' lang='lat' dir='ltr'>et</span> <span class='ocrx_word' id='word_1_373' title='bbox 1906 1460 1978 1493; x_wconf 88' lang='lat' dir='ltr'>pro-</span> 
     </span>
     <span class='ocr_line' id='line_1_77' title="bbox 1239 1502 1977 1537; baseline -0.001 -1"><span class='ocrx_word' id='word_1_374' title='bbox 1239 1504 1395 1537; x_wconf 80' lang='lat' dir='ltr'>hibemus:</span> <span class='ocrx_word' id='word_1_375' title='bbox 1423 1505 1452 1536; x_wconf 90' lang='lat' dir='ltr'>in</span> <span class='ocrx_word' id='word_1_376' title='bbox 1486 1503 1679 1537; x_wconf 83' lang='lat' dir='ltr'>eontrarium</span> <span class='ocrx_word' id='word_1_377' title='bbox 1706 1502 1891 1535; x_wconf 74' lang='lat' dir='ltr'>facientibus</span> <span class='ocrx_word' id='word_1_378' title='bbox 1915 1512 1977 1535; x_wconf 91' lang='lat' dir='ltr'>non</span> 
     </span>
     <span class='ocr_line' id='line_1_78' title="bbox 1237 1557 1977 1602; baseline -0.004 -11"><span class='ocrx_word' id='word_1_379' title='bbox 1237 1558 1431 1591; x_wconf 75' lang='lat' dir='ltr'>obstantibus</span> <span class='ocrx_word' id='word_1_380' title='bbox 1459 1557 1720 1602; x_wconf 82' lang='lat' dir='ltr'>quilmseumque.</span> <span class='ocrx_word' id='word_1_381' title='bbox 1745 1558 1884 1596; x_wconf 80' lang='lat' dir='ltr'>Quorum</span> <span class='ocrx_word' id='word_1_382' title='bbox 1910 1565 1977 1589; x_wconf 86' lang='lat' dir='ltr'>om-</span> 
     </span>
     <span class='ocr_line' id='line_1_79' title="bbox 1238 1609 1977 1653; baseline -0.003 -10"><span class='ocrx_word' id='word_1_383' title='bbox 1238 1611 1323 1644; x_wconf 92' lang='lat' dir='ltr'>nium</span> <span class='ocrx_word' id='word_1_384' title='bbox 1349 1616 1378 1643; x_wconf 88' lang='lat' dir='ltr'>et</span> <span class='ocrx_word' id='word_1_385' title='bbox 1404 1611 1600 1653; x_wconf 70' lang='lat' dir='ltr'>singulorum</span> <span class='ocrx_word' id='word_1_386' title='bbox 1628 1616 1769 1649; x_wconf 79' lang='lat' dir='ltr'>tenores,</span> <span class='ocrx_word' id='word_1_387' title='bbox 1794 1609 1914 1641; x_wconf 86' lang='lat' dir='ltr'>etiamsi</span> <span class='ocrx_word' id='word_1_388' title='bbox 1939 1609 1977 1642; x_wconf 87' lang='lat' dir='ltr'>de</span> 
     </span>
     <span class='ocr_line' id='line_1_80' title="bbox 1239 1661 1979 1708; baseline -0.003 -12"><span class='ocrx_word' id='word_1_389' title='bbox 1239 1665 1298 1697; x_wconf 91' lang='lat' dir='ltr'>illis</span> <span class='ocrx_word' id='word_1_390' title='bbox 1323 1664 1479 1708; x_wconf 78' lang='lat' dir='ltr'>specialis,</span> <span class='ocrx_word' id='word_1_391' title='bbox 1498 1664 1653 1707; x_wconf 77' lang='lat' dir='ltr'>specifica,</span> <span class='ocrx_word' id='word_1_392' title='bbox 1676 1673 1823 1706; x_wconf 82' lang='lat' dir='ltr'>expressa</span> <span class='ocrx_word' id='word_1_393' title='bbox 1848 1667 1876 1695; x_wconf 82' lang='lat' dir='ltr'>et</span> <span class='ocrx_word' id='word_1_394' title='bbox 1903 1661 1979 1695; x_wconf 90' lang='lat' dir='ltr'>indi-</span> 
     </span>
     <span class='ocr_line' id='line_1_81' title="bbox 1239 1716 1978 1760; baseline -0.003 -11"><span class='ocrx_word' id='word_1_395' title='bbox 1239 1718 1339 1757; x_wconf 70' lang='lat' dir='ltr'>vidua,</span> <span class='ocrx_word' id='word_1_396' title='bbox 1354 1728 1415 1750; x_wconf 86' lang='lat' dir='ltr'>non</span> <span class='ocrx_word' id='word_1_397' title='bbox 1440 1723 1542 1750; x_wconf 85' lang='lat' dir='ltr'>autem</span> <span class='ocrx_word' id='word_1_398' title='bbox 1569 1728 1624 1760; x_wconf 86' lang='lat' dir='ltr'>per</span> <span class='ocrx_word' id='word_1_399' title='bbox 1640 1716 1795 1749; x_wconf 76' lang='lat' dir='ltr'>clausulas</span> <span class='ocrx_word' id='word_1_400' title='bbox 1816 1716 1978 1758; x_wconf 73' lang='lat' dir='ltr'>generales</span> 
     </span>
     <span class='ocr_line' id='line_1_82' title="bbox 1240 1769 1977 1815; baseline -0.001 -12"><span class='ocrx_word' id='word_1_401' title='bbox 1240 1771 1321 1803; x_wconf 88' lang='lat' dir='ltr'>idem</span> <span class='ocrx_word' id='word_1_402' title='bbox 1352 1771 1578 1815; x_wconf 77' lang='lat' dir='ltr'>importantes,</span> <span class='ocrx_word' id='word_1_403' title='bbox 1605 1770 1721 1802; x_wconf 85' lang='lat' dir='ltr'>mentio</span> <span class='ocrx_word' id='word_1_404' title='bbox 1747 1769 1898 1809; x_wconf 84' lang='lat' dir='ltr'>habenda,</span> <span class='ocrx_word' id='word_1_405' title='bbox 1923 1779 1977 1802; x_wconf 86' lang='lat' dir='ltr'>seu</span> 
     </span>
     <span class='ocr_line' id='line_1_83' title="bbox 1238 1822 1978 1867; baseline -0.004 -11"><span class='ocrx_word' id='word_1_406' title='bbox 1238 1824 1365 1867; x_wconf 75' lang='lat' dir='ltr'>quaevis</span> <span class='ocrx_word' id='word_1_407' title='bbox 1390 1823 1448 1856; x_wconf 89' lang='lat' dir='ltr'>alia</span> <span class='ocrx_word' id='word_1_408' title='bbox 1474 1823 1627 1866; x_wconf 77' lang='lat' dir='ltr'>exquisita</span> <span class='ocrx_word' id='word_1_409' title='bbox 1648 1824 1746 1855; x_wconf 91' lang='lat' dir='ltr'>t&#39;orma</span> <span class='ocrx_word' id='word_1_410' title='bbox 1772 1822 1809 1854; x_wconf 87' lang='lat' dir='ltr'>ad</span> <span class='ocrx_word' id='word_1_411' title='bbox 1837 1822 1895 1854; x_wconf 82' lang='lat' dir='ltr'>lioc</span> <span class='ocrx_word' id='word_1_412' title='bbox 1916 1831 1978 1854; x_wconf 85' lang='lat' dir='ltr'>ser-</span> 
     </span>
     <span class='ocr_line' id='line_1_84' title="bbox 1240 1876 1976 1920; baseline -0.003 -11"><span class='ocrx_word' id='word_1_413' title='bbox 1240 1878 1337 1910; x_wconf 70' lang='lat' dir='ltr'>vanda</span> <span class='ocrx_word' id='word_1_414' title='bbox 1369 1878 1464 1913; x_wconf 73' lang='lat' dir='ltr'>foret,</span> <span class='ocrx_word' id='word_1_415' title='bbox 1491 1876 1709 1920; x_wconf 82' lang='lat' dir='ltr'>praesentilms</span> <span class='ocrx_word' id='word_1_416' title='bbox 1740 1886 1797 1919; x_wconf 86' lang='lat' dir='ltr'>pro</span> <span class='ocrx_word' id='word_1_417' title='bbox 1830 1876 1919 1918; x_wconf 82' lang='lat' dir='ltr'>plene</span> <span class='ocrx_word' id='word_1_418' title='bbox 1947 1880 1976 1907; x_wconf 90' lang='lat' dir='ltr'>et</span> 
     </span>
     <span class='ocr_line' id='line_1_85' title="bbox 1238 1928 1978 1973; baseline -0.001 -12"><span class='ocrx_word' id='word_1_419' title='bbox 1238 1930 1427 1962; x_wconf 78' lang='lat' dir='ltr'>sufficienter</span> <span class='ocrx_word' id='word_1_420' title='bbox 1444 1929 1600 1973; x_wconf 81' lang='lat' dir='ltr'>expressis</span> <span class='ocrx_word' id='word_1_421' title='bbox 1625 1935 1650 1961; x_wconf 90' lang='lat' dir='ltr'>ct</span> <span class='ocrx_word' id='word_1_422' title='bbox 1677 1929 1714 1961; x_wconf 86' lang='lat' dir='ltr'>ad</span> <span class='ocrx_word' id='word_1_423' title='bbox 1733 1929 1864 1961; x_wconf 70' lang='lat' dir='ltr'>verbum</span> <span class='ocrx_word' id='word_1_424' title='bbox 1883 1928 1978 1961; x_wconf 84' lang='lat' dir='ltr'>inser-</span> 
     </span>
     <span class='ocr_line' id='line_1_86' title="bbox 1239 1981 1976 2026; baseline -0.003 -11"><span class='ocrx_word' id='word_1_425' title='bbox 1239 1983 1276 2016; x_wconf 80' lang='lat' dir='ltr'>tis</span> <span class='ocrx_word' id='word_1_426' title='bbox 1302 1983 1409 2016; x_wconf 78' lang='lat' dir='ltr'>liabcri</span> <span class='ocrx_word' id='word_1_427' title='bbox 1435 1983 1594 2016; x_wconf 69' lang='lat' dir='ltr'>volumus:</span> <span class='ocrx_word' id='word_1_428' title='bbox 1620 1988 1670 2015; x_wconf 90' lang='lat' dir='ltr'>aut</span> <span class='ocrx_word' id='word_1_429' title='bbox 1696 1982 1720 2014; x_wconf 85' lang='lat' dir='ltr'>si</span> <span class='ocrx_word' id='word_1_430' title='bbox 1746 1981 1914 2026; x_wconf 86' lang='lat' dir='ltr'>praedictis</span> <span class='ocrx_word' id='word_1_431' title='bbox 1930 1981 1976 2014; x_wconf 74' lang='lat' dir='ltr'>vel</span> 
     </span>
     <span class='ocr_line' id='line_1_87' title="bbox 1238 2034 1977 2081; baseline -0.003 -12"><span class='ocrx_word' id='word_1_432' title='bbox 1238 2037 1400 2081; x_wconf 65' lang='lat' dir='ltr'>quibusvis</span> <span class='ocrx_word' id='word_1_433' title='bbox 1417 2037 1484 2069; x_wconf 86' lang='lat' dir='ltr'>aliis</span> <span class='ocrx_word' id='word_1_434' title='bbox 1503 2037 1646 2080; x_wconf 83' lang='lat' dir='ltr'>personis</span> <span class='ocrx_word' id='word_1_435' title='bbox 1663 2036 1702 2068; x_wconf 87' lang='lat' dir='ltr'>ab</span> <span class='ocrx_word' id='word_1_436' title='bbox 1721 2035 1830 2068; x_wconf 76' lang='lat' dir='ltr'>eadem</span> <span class='ocrx_word' id='word_1_437' title='bbox 1844 2035 1883 2067; x_wconf 86' lang='lat' dir='ltr'>sit</span> <span class='ocrx_word' id='word_1_438' title='bbox 1898 2034 1977 2068; x_wconf 85' lang='lat' dir='ltr'>Sede</span> 
     </span>
     <span class='ocr_line' id='line_1_88' title="bbox 1239 2088 1975 2133; baseline -0.003 -10"><span class='ocrx_word' id='word_1_439' title='bbox 1239 2091 1412 2130; x_wconf 88' lang='lat' dir='ltr'>indultum,</span> <span class='ocrx_word' id='word_1_440' title='bbox 1438 2090 1520 2133; x_wconf 87' lang='lat' dir='ltr'>quod</span> <span class='ocrx_word' id='word_1_441' title='bbox 1552 2089 1713 2129; x_wconf 83' lang='lat' dir='ltr'>interdici,</span> <span class='ocrx_word' id='word_1_442' title='bbox 1738 2088 1903 2132; x_wconf 86' lang='lat' dir='ltr'>suspendi,</span> <span class='ocrx_word' id='word_1_443' title='bbox 1929 2088 1975 2121; x_wconf 86' lang='lat' dir='ltr'>vel</span> 
     </span>
     <span class='ocr_line' id='line_1_89' title="bbox 1239 2141 1977 2186; baseline -0.003 -11"><span class='ocrx_word' id='word_1_444' title='bbox 1239 2143 1505 2177; x_wconf 73' lang='lat' dir='ltr'>exeoummnieari</span> <span class='ocrx_word' id='word_1_445' title='bbox 1536 2153 1596 2175; x_wconf 90' lang='lat' dir='ltr'>non</span> <span class='ocrx_word' id='word_1_446' title='bbox 1628 2142 1746 2185; x_wconf 85' lang='lat' dir='ltr'>possint</span> <span class='ocrx_word' id='word_1_447' title='bbox 1773 2152 1829 2186; x_wconf 91' lang='lat' dir='ltr'>per</span> <span class='ocrx_word' id='word_1_448' title='bbox 1858 2141 1977 2174; x_wconf 84' lang='lat' dir='ltr'>litteras</span> 
     </span>
     <span class='ocr_line' id='line_1_90' title="bbox 1238 2195 1973 2240; baseline -0.004 -11"><span class='ocrx_word' id='word_1_449' title='bbox 1238 2197 1425 2240; x_wconf 83' lang='lat' dir='ltr'>apostolicas</span> <span class='ocrx_word' id='word_1_450' title='bbox 1456 2206 1517 2229; x_wconf 88' lang='lat' dir='ltr'>non</span> <span class='ocrx_word' id='word_1_451' title='bbox 1543 2196 1690 2228; x_wconf 74' lang='lat' dir='ltr'>facientes</span> <span class='ocrx_word' id='word_1_452' title='bbox 1715 2195 1838 2238; x_wconf 86' lang='lat' dir='ltr'>plenam</span> <span class='ocrx_word' id='word_1_453' title='bbox 1863 2199 1893 2227; x_wconf 90' lang='lat' dir='ltr'>et</span> <span class='ocrx_word' id='word_1_454' title='bbox 1917 2204 1973 2226; x_wconf 80' lang='lat' dir='ltr'>ex-</span> 
     </span>
     <span class='ocr_line' id='line_1_91' title="bbox 1239 2247 1977 2294; baseline -0.003 -13"><span class='ocrx_word' id='word_1_455' title='bbox 1239 2260 1390 2294; x_wconf 82' lang='lat' dir='ltr'>pressam,</span> <span class='ocrx_word' id='word_1_456' title='bbox 1415 2261 1448 2282; x_wconf 83' lang='lat' dir='ltr'>ae</span> <span class='ocrx_word' id='word_1_457' title='bbox 1475 2250 1512 2282; x_wconf 90' lang='lat' dir='ltr'>de</span> <span class='ocrx_word' id='word_1_458' title='bbox 1536 2249 1632 2281; x_wconf 80' lang='lat' dir='ltr'>verbo</span> <span class='ocrx_word' id='word_1_459' title='bbox 1656 2249 1694 2281; x_wconf 89' lang='lat' dir='ltr'>ad</span> <span class='ocrx_word' id='word_1_460' title='bbox 1720 2248 1848 2281; x_wconf 69' lang='lat' dir='ltr'>verbum</span> <span class='ocrx_word' id='word_1_461' title='bbox 1874 2247 1912 2280; x_wconf 89' lang='lat' dir='ltr'>de</span> <span class='ocrx_word' id='word_1_462' title='bbox 1934 2247 1977 2279; x_wconf 94' lang='lat' dir='ltr'>in-</span> 
     </span>
     <span class='ocr_line' id='line_1_92' title="bbox 1238 2301 1755 2386; baseline -0.002 -52"><span class='ocrx_word' id='word_1_463' title='bbox 1238 2303 1342 2386; x_wconf 49' lang='grc' dir='ltr'>(Ιιιιιοῆ</span> <span class='ocrx_word' id='word_1_464' title='bbox 1351 2302 1529 2335; x_wconf 83' lang='lat' dir='ltr'>liuiusinodi</span> <span class='ocrx_word' id='word_1_465' title='bbox 1555 2301 1755 2334; x_wconf 86' lang='lat' dir='ltr'>mentionem.</span> 
     </span>
    </p>

    <p class='ocr_par' dir='ltr' id='par_1_9' title="bbox 1240 2353 1979 2655">
     <span class='ocr_line' id='line_1_93' title="bbox 1283 2353 1978 2399; baseline -0.007 -10.993"><span class='ocrx_word' id='word_1_466' title='bbox 1283 2355 1339 2399; x_wconf 69' lang='grc' dir='ltr'>ξΓ</span> <span class='ocrx_word' id='word_1_467' title='bbox 1346 2356 1527 2388; x_wconf 61' lang='lat' dir='ltr'>.lolmnus</span> <span class='ocrx_word' id='word_1_468' title='bbox 1551 2359 1666 2393; x_wconf 89' lang='lat' dir='ltr'>autem,</span> <span class='ocrx_word' id='word_1_469' title='bbox 1691 2353 1774 2397; x_wconf 89' lang='lat' dir='ltr'>quod</span> <span class='ocrx_word' id='word_1_470' title='bbox 1799 2358 1978 2396; x_wconf 77' lang='lat' dir='ltr'>praesentes</span> 
     </span>
     <span class='ocr_line' id='line_1_94' title="bbox 1240 2406 1977 2450; baseline -0.004 -8"><span class='ocrx_word' id='word_1_471' title='bbox 1240 2410 1323 2442; x_wconf 84' lang='lat' dir='ltr'>littei</span> <span class='ocrx_word' id='word_1_472' title='bbox 1325 2420 1378 2449; x_wconf 74' lang='lat' dir='ltr'>‘u</span> <span class='ocrx_word' id='word_1_473' title='bbox 1403 2419 1456 2441; x_wconf 85' lang='lat' dir='ltr'>seu</span> <span class='ocrx_word' id='word_1_474' title='bbox 1483 2408 1608 2441; x_wconf 83' lang='lat' dir='ltr'>illmum</span> <span class='ocrx_word' id='word_1_475' title='bbox 1634 2406 1787 2450; x_wconf 77' lang='lat' dir='ltr'>exempla,</span> <span class='ocrx_word' id='word_1_476' title='bbox 1801 2416 1895 2438; x_wconf 86' lang='lat' dir='ltr'>manu</span> <span class='ocrx_word' id='word_1_477' title='bbox 1921 2416 1977 2439; x_wconf 89' lang='lat' dir='ltr'>no-</span> 
     </span>
     <span class='ocr_line' id='line_1_95' title="bbox 1241 2436 1979 2520; baseline -0.011 -23"><span class='ocrx_word' id='word_1_478' title='bbox 1241 2463 1309 2497; x_wconf 89' lang='lat' dir='ltr'>larii</span> <span class='ocrx_word' id='word_1_479' title='bbox 1335 2436 1450 2520; x_wconf 80' lang='lat' dir='ltr'>ptiblici</span> <span class='ocrx_word' id='word_1_480' title='bbox 1477 2461 1661 2503; x_wconf 78' lang='lat' dir='ltr'>subscripta</span> <span class='ocrx_word' id='word_1_481' title='bbox 1679 2466 1705 2492; x_wconf 86' lang='lat' dir='ltr'>et</span> <span class='ocrx_word' id='word_1_482' title='bbox 1724 2460 1769 2501; x_wconf 71' lang='lat' dir='ltr'>sin</span> <span class='ocrx_word' id='word_1_483' title='bbox 1763 2460 1827 2492; x_wconf 61' lang='lat' dir='ltr'>villo</span> <span class='ocrx_word' id='word_1_484' title='bbox 1847 2459 1979 2492; x_wconf 80' lang='lat' dir='ltr'>alieuius</span> 
     </span>
     <span class='ocr_line' id='line_1_96' title="bbox 1241 2513 1977 2559; baseline -0.003 -12"><span class='ocrx_word' id='word_1_485' title='bbox 1241 2525 1391 2559; x_wconf 81' lang='lat' dir='ltr'>personae</span> <span class='ocrx_word' id='word_1_486' title='bbox 1417 2515 1447 2547; x_wconf 90' lang='lat' dir='ltr'>in</span> <span class='ocrx_word' id='word_1_487' title='bbox 1464 2515 1514 2557; x_wconf 77' lang='lat' dir='ltr'>‹ti‹</span> <span class='ocrx_word' id='word_1_488' title='bbox 1508 2514 1614 2546; x_wconf 89' lang='lat' dir='ltr'>nitate</span> <span class='ocrx_word' id='word_1_489' title='bbox 1635 2513 1844 2545; x_wconf 53' lang='lat' dir='ltr'>tolmone}</span> <span class='ocrx_word' id='word_1_490' title='bbox 1865 2513 1977 2546; x_wconf 81' lang='lat' dir='ltr'>consti-</span> 
     </span>
     <span class='ocr_line' id='line_1_97' title="bbox 1242 2566 1978 2602; baseline -0.004 -1"><span class='ocrx_word' id='word_1_491' title='bbox 1242 2574 1324 2601; x_wconf 82' lang='lat' dir='ltr'>tutae</span> <span class='ocrx_word' id='word_1_492' title='bbox 1349 2568 1479 2602; x_wconf 80' lang='lat' dir='ltr'>munita,</span> <span class='ocrx_word' id='word_1_493' title='bbox 1497 2572 1522 2599; x_wconf 88' lang='lat' dir='ltr'>et</span> <span class='ocrx_word' id='word_1_494' title='bbox 1542 2566 1579 2598; x_wconf 90' lang='lat' dir='ltr'>ad</span> <span class='ocrx_word' id='word_1_495' title='bbox 1606 2566 1708 2598; x_wconf 75' lang='lat' dir='ltr'>valvas</span> <span class='ocrx_word' id='word_1_496' title='bbox 1732 2566 1880 2598; x_wconf 78' lang='lat' dir='ltr'>ecelesiae</span> <span class='ocrx_word' id='word_1_497' title='bbox 1900 2566 1978 2599; x_wconf 83' lang='lat' dir='ltr'>Ulix-</span> 
     </span>
     <span class='ocr_line' id='line_1_98' title="bbox 1242 2619 1977 2655; baseline -0.001 -4"><span class='ocrx_word' id='word_1_498' title='bbox 1242 2621 1387 2653; x_wconf 79' lang='lat' dir='ltr'>bonensis</span> <span class='ocrx_word' id='word_1_499' title='bbox 1411 2620 1510 2655; x_wconf 64' lang='lat' dir='ltr'>allisa,</span> <span class='ocrx_word' id='word_1_500' title='bbox 1529 2620 1566 2651; x_wconf 88' lang='lat' dir='ltr'>ita</span> <span class='ocrx_word' id='word_1_501' title='bbox 1592 2629 1701 2651; x_wconf 78' lang='lat' dir='ltr'>omnes</span> <span class='ocrx_word' id='word_1_502' title='bbox 1718 2624 1835 2650; x_wconf 80' lang='lat' dir='ltr'>arrtent</span> <span class='ocrx_word' id='word_1_503' title='bbox 1863 2624 1889 2651; x_wconf 78' lang='lat' dir='ltr'>ct</span> <span class='ocrx_word' id='word_1_504' title='bbox 1916 2619 1977 2651; x_wconf 81' lang='lat' dir='ltr'>alli-</span> 
     </span>
    </p>

    <p class='ocr_par' dir='ltr' id='par_1_10' title="bbox 1277 2680 1805 2714">
     <span class='ocr_line' id='line_1_99' title="bbox 1277 2680 1805 2714; baseline 0 -7"><span class='ocrx_word' id='word_1_505' title='bbox 1277 2682 1286 2707; x_wconf 68' lang='grc'>’1</span> <span class='ocrx_word' id='word_1_506' title='bbox 1307 2681 1376 2708; x_wconf 86' lang='lat' dir='ltr'>Edit.</span> <span class='ocrx_word' id='word_1_507' title='bbox 1396 2681 1471 2707; x_wconf 81' lang='lat' dir='ltr'>Main.</span> <span class='ocrx_word' id='word_1_508' title='bbox 1490 2680 1551 2714; x_wconf 85' lang='lat' dir='ltr'>legit</span> <span class='ocrx_word' id='word_1_509' title='bbox 1567 2680 1692 2707; x_wconf 69' lang='lat' dir='ltr'>ominari</span> <span class='ocrx_word' id='word_1_510' title='bbox 1706 2686 1742 2712; x_wconf 75' lang='lat' dir='ltr'>(n.</span> <span class='ocrx_word' id='word_1_511' title='bbox 1758 2681 1805 2707; x_wconf 55' lang='lat' dir='ltr'>TA.</span> 
     </span>
    </p>
   </div>
   <div class='ocr_carea' id='block_1_7' title="bbox 1989 283 2171 312">
    <p class='ocr_par' dir='ltr' id='par_1_11' title="bbox 1989 283 2171 312">
     <span class='ocr_line' id='line_1_100' title="bbox 1989 283 2171 312; baseline 0.011 -2"><span class='ocrx_word' id='word_1_512' title='bbox 1989 284 2036 311; x_wconf 80' lang='grc' dir='ltr'>Ᾰιι.</span> <span class='ocrx_word' id='word_1_513' title='bbox 2053 283 2081 311; x_wconf 90' lang='lat' dir='ltr'>C.</span> <span class='ocrx_word' id='word_1_514' title='bbox 2104 283 2171 312; x_wconf 73' lang='lat'>¹617</span> 
     </span>
    </p>
   </div>
   <div class='ocr_carea' id='block_1_8' title="bbox 1993 2361 2178 2495">
    <p class='ocr_par' dir='ltr' id='par_1_12' title="bbox 1993 2361 2178 2495">
     <span class='ocr_line' id='line_1_101' title="bbox 2038 2361 2176 2392; baseline 0 -10"><span class='ocrx_word' id='word_1_515' title='bbox 2038 2361 2176 2392; x_wconf 73' lang='lat' dir='ltr'>&#39;Pi-:insumpta</span> 
     </span>
     <span class='ocr_line' id='line_1_102' title="bbox 1993 2388 2177 2413; baseline 0.005 -4"><span class='ocrx_word' id='word_1_516' title='bbox 1993 2388 2027 2409; x_wconf 62' lang='lat' dir='ltr'>att*-</span> <span class='ocrx_word' id='word_1_517' title='bbox 2023 2395 2054 2409; x_wconf 74' lang='grc' dir='ltr'>ιιι-ι</span> <span class='ocrx_word' id='word_1_518' title='bbox 2051 2392 2099 2413; x_wconf 83' lang='lat' dir='ltr'>unt,</span> <span class='ocrx_word' id='word_1_519' title='bbox 2139 2394 2177 2410; x_wconf 68' lang='lat' dir='ltr'>seu</span> 
     </span>
     <span class='ocr_line' id='line_1_103' title="bbox 1994 2416 2178 2440; baseline 0 -4"><span class='ocrx_word' id='word_1_520' title='bbox 1994 2419 2116 2440; x_wconf 74' lang='lat' dir='ltr'>praesentes</span> <span class='ocrx_word' id='word_1_521' title='bbox 2132 2416 2178 2436; x_wconf 80' lang='lat' dir='ltr'>tite-</span> 
     </span>
     <span class='ocr_line' id='line_1_104' title="bbox 1995 2442 2175 2463; baseline -0.011 0"><span class='ocrx_word' id='word_1_522' title='bbox 1995 2449 2030 2463; x_wconf 65' lang='lat' dir='ltr'>rae</span> <span class='ocrx_word' id='word_1_523' title='bbox 2059 2443 2076 2463; x_wconf 75' lang='grc' dir='ltr'>ει</span> <span class='ocrx_word' id='word_1_524' title='bbox 2110 2442 2175 2463; x_wconf 80' lang='lat' dir='ltr'>forem</span> 
     </span>
     <span class='ocr_line' id='line_1_105' title="bbox 1994 2469 2124 2495; baseline 0 -6"><span class='ocrx_word' id='word_1_525' title='bbox 1994 2476 2006 2495; x_wconf 79' lang='lat' dir='ltr'>p</span> <span class='ocrx_word' id='word_1_526' title='bbox 2001 2469 2035 2489; x_wconf 92' lang='grc' dir='ltr'>ιιιι1</span> <span class='ocrx_word' id='word_1_527' title='bbox 2038 2469 2124 2490; x_wconf 68' lang='lat' dir='ltr'>heatae.</span> 
     </span>
    </p>
   </div>
  </div>
 </body>
</html>
