2293 3231
64 295 118 324 An.
133 293 162 322 C.
184 293 252 322 tcta

904 297 1023 321 PAULUS
1048 297 1066 320 V
1091 297 1138 320 Pr.

307 341 336 374 5.
361 341 538 375 Relationes
562 342 600 375 de
625 342 825 377 citationibus
855 354 1001 388 persona-

265 394 336 426 liter
363 395 544 438 exequutis,
572 395 631 428 nisi
663 396 702 428 sit
729 406 863 439 persona
893 396 999 429 citanti

262 447 387 490 cognita
411 452 441 480 et
465 448 672 491 personaliter
699 448 915 492 apprehensa,
938 454 999 481 tam

262 510 409 533 cursores
444 511 538 544 quam
579 502 766 534 mandatarii
801 502 903 535 faeere
937 512 1000 535 non

262 553 396 586 audeant
418 563 520 597 neque
545 554 686 587 debeant.

306 606 336 641 6.
360 608 424 641 Nec
446 608 569 651 possint
585 618 731 641 cursores
748 608 796 641 vel
814 608 1000 641 mandatarii

262 659 423 693 citationes
447 660 485 693 ab
509 660 578 693 aliis
602 661 784 694 cursoribus
806 662 853 694 vel
877 661 1002 694 manda-

261 713 348 747 tariis
365 718 536 757 exequutas
560 714 774 755 subscribere,
799 715 892 748 etiam
916 715 1000 759 quod

262 765 342 799 inter
379 777 412 799 se
442 766 605 800 citationes
641 778 697 812 per
728 768 820 801 Urbis
855 768 1001 811 regiones

261 819 466 861 distribuant;
492 820 545 854 sed
570 821 687 854 illemct
711 832 823 854 cursor
846 823 894 855 vel
919 833 1003 855 man-

262 873 421 915 datarius,
445 875 499 918 qui
523 875 702 909 citationem
727 881 773 909 est
806 881 980 919 exequutus
994 903 1001 916 ,

262 926 294 959 in
317 927 396 971 pede
420 928 561 961 eiusdem
585 928 696 962 debeat
719 929 814 962 fidem
835 934 865 962 et
881 929 1003 962 relatio-

262 990 334 1013 nem
359 980 461 1014 sacere
485 981 582 1014 sactae
603 992 660 1025 per
677 992 749 1014 cuni
773 982 1001 1025 exequutionis,

262 1033 320 1066 sub
343 1035 445 1077 poena
468 1034 545 1067 salsi.

307 1087 336 1120 7.
361 1087 469 1120 Officia
484 1099 542 1132 pro
559 1089 620 1122 alio
638 1089 685 1122 vel
701 1089 770 1122 aliis
787 1089 818 1122 in
835 1090 1001 1122 arrendam

263 1151 375 1185 capere
407 1142 454 1174 vel
491 1152 638 1176 exercere
671 1153 734 1175 non
769 1142 919 1184 debeant,
945 1153 1002 1176 nec

262 1194 392 1238 possint.

307 1246 336 1280 8.
361 1248 494 1281 Caveant
529 1249 623 1282 etiam
655 1249 694 1282 ab
721 1250 847 1294 appaltu
880 1251 1001 1284 citatio-

263 1310 339 1333 num
355 1311 450 1345 super
473 1302 645 1346 quibusvis,
670 1303 754 1347 quod
777 1309 904 1348 pactum
929 1315 1001 1337 cum

262 1355 425 1398 quibusvis
449 1356 592 1399 personis
620 1356 692 1389 iniri
717 1357 845 1391 omnino
873 1358 1002 1391 interdi-

264 1407 374 1441 cimus.

308 1461 337 1495 9.
362 1462 492 1506 Insuper
516 1469 626 1496 curent
651 1468 713 1496 tam
738 1475 884 1498 cursores
908 1476 1002 1509 quam

264 1515 450 1548 mandatarii
474 1526 584 1549 omnes
608 1517 771 1550 citationes
795 1519 1003 1562 personaliter

266 1569 386 1612 exequi.
407 1569 454 1610 Et,
472 1570 497 1602 si
522 1580 673 1613 personas
697 1572 864 1605 commode
887 1572 1003 1606 habere

263 1631 326 1654 non
349 1627 507 1665 poterunt,
520 1628 684 1656 teneantur
705 1624 863 1658 dimittere
887 1626 1004 1659 citatio-

264 1685 340 1708 num
364 1676 486 1720 copiam
510 1677 542 1709 in
567 1678 711 1711 manibus
745 1679 877 1712 alicuius
901 1680 939 1712 de
963 1681 1004 1713 sa-

265 1729 360 1770 milia,
381 1729 435 1773 qui
459 1730 484 1762 si
509 1740 572 1763 non
596 1731 686 1772 adsit,
703 1737 756 1764 aut
772 1732 855 1765 fores
879 1733 1003 1777 aperire

264 1782 374 1823 nolint,
398 1782 560 1816 citationes
583 1784 708 1826 affigant
739 1784 778 1817 ad
803 1785 928 1818 ianuam
952 1786 1004 1819 do-

265 1846 335 1868 mus
359 1835 418 1869 sibi
442 1837 603 1879 cognitae,
628 1837 768 1871 adhibito
799 1840 909 1872 saltem
940 1850 1003 1873 uno

266 1893 360 1930 teste,
385 1895 416 1923 et
439 1891 622 1924 relationes¹
638 1891 669 1923 in
686 1892 812 1935 scriptis
841 1892 1004 1926 dumtaxat

265 1943 384 1977 referre
408 1944 551 1986 debeant,
569 1945 785 1990 exprimendo,
803 1956 842 1979 an
856 1956 1004 1991 persona-

264 1996 347 2038 liter,
370 1998 419 2031 vel
443 1998 529 2031 domi
553 1999 682 2032 dimissa
705 2000 806 2043 copia,
830 2001 877 2033 vel
902 2000 1003 2041 affixa,

266 2049 298 2083 in
329 2051 453 2084 casibus
475 2052 658 2096 praemissis
682 2053 736 2096 qui
771 2053 803 2085 in
834 2053 1004 2087 citatione⁹

266 2104 400 2148 exprimi
424 2104 567 2145 debeant,
592 2110 621 2138 et
645 2116 684 2138 an
708 2106 747 2139 ad
771 2107 885 2148 statim,
901 2108 949 2140 vel
966 2107 1004 2140 ad

266 2157 360 2190 hodie
382 2168 440 2201 per
464 2163 578 2199 totam,
602 2169 657 2192 seu
681 2159 720 2192 ad
743 2161 879 2203 primam
903 2160 1003 2202 diem,

267 2211 315 2243 vel
350 2211 465 2252 aliam,
496 2212 647 2252 fecerint,
679 2212 736 2245 sub
772 2213 880 2256 poenis
913 2224 1004 2258 prae-

267 2263 367 2297 dictis.

311 2317 364 2351 10.
389 2318 555 2352 Praeterea
579 2319 752 2360 citationes,
777 2325 807 2352 et
830 2330 939 2353 earum
956 2331 1005 2354 co-

268 2370 339 2416 piae
362 2372 463 2406 citatis
493 2372 695 2406 dimittendae
708 2399 716 2414 ,
740 2373 789 2406 vel
811 2374 983 2417 affigendae
996 2401 1004 2415 ,

268 2428 332 2457 tam
363 2435 381 2458 a
409 2426 593 2459 cursoribus
628 2436 723 2470 quam
754 2437 772 2459 a
802 2426 1004 2460 mandatariis

267 2476 345 2510 fiant
356 2478 486 2513 omnino
497 2478 581 2513 bono
593 2484 623 2512 et
636 2479 822 2522 intelligibili
836 2485 1004 2522 caractere,

269 2536 300 2564 et
323 2531 424 2565 dietae
453 2533 562 2577 copiae
597 2533 836 2566 subscribantur
859 2543 876 2566 a
900 2544 1006 2567 curso-

269 2584 357 2618 ribus
381 2589 411 2618 et
433 2586 646 2628 mandatariis,
662 2587 716 2631 qui
729 2597 781 2620 eas
797 2591 1005 2631 exequuntur,

305 2659 319 2684 ¹
340 2656 441 2686 Forsan
459 2658 605 2694 legendum
622 2659 764 2687 relatione
781 2659 822 2694 (a.
836 2661 885 2693 iu).

305 2702 323 2730 2
341 2702 443 2733 Forsan
460 2704 606 2740 legendum
624 2704 766 2735 relacione
783 2705 822 2740 (a.
837 2705 887 2742 τ.).

1034 344 1112 387 υῑ-ἰη
1125 354 1251 377 omnem
1276 354 1383 377 casum
1403 343 1540 388 possint¹
1556 344 1594 377 ad
1619 355 1701 385 eum,
1718 346 1770 389 qui

1034 407 1086 430 eas
1110 398 1228 437 fecerit,
1254 397 1384 430 recurri.

1078 449 1128 482 11.
1153 450 1331 490 Citationes‚
1349 450 1570 491 intimationes‚
1587 456 1615 483 et
1634 450 1692 483 alia
1709 460 1771 483 non

1034 508 1227 546 exequantur
1239 504 1400 547 praedicti,
1411 504 1474 536 sive
1487 504 1695 548 personaliter
1708 503 1772 536 sive

1034 555 1120 589 domi
1144 556 1271 590 dimissa
1296 558 1395 600 copia,
1421 562 1492 601 post.
1516 557 1639 590 tertiam
1660 557 1771 590 horam

1033 609 1150 649 noctis;
1177 620 1233 653 per
1257 610 1435 643 affixionem
1464 615 1568 643 autem
1594 610 1624 643 in
1649 610 1772 643 casibus

1034 662 1215 705 praemissis
1239 662 1363 695 nonnisi
1388 663 1425 696 de
1450 663 1509 704 die,
1535 669 1565 697 et
1589 669 1662 697 tunc
1680 663 1710 696 in
1728 673 1773 696 rc-

1034 715 1203 748 lationibus
1228 717 1403 759 exprimant
1437 717 1546 750 secisse
1577 717 1615 750 de
1647 716 1696 749 die
1725 717 1772 749 di-

1036 768 1131 801 missa
1156 768 1246 812 copia
1270 770 1360 802 affixa
1385 770 1415 802 in
1440 770 1492 802 tali
1516 771 1594 803 loeo.

1080 821 1130 854 1⁸2.
1157 822 1191 855 In
1216 823 1415 855 citationibus
1439 829 1466 855 ct
1493 823 1560 856 aliis
1576 834 1691 856 nomen
1709 828 1771 855 tam

1035 875 1150 908 actoris
1173 886 1267 919 quam
1284 876 1329 908 rei
1354 887 1425 908 cum
1449 876 1773 919 cognomi1ie,exerci-

1035 928 1089 968 tio,
1114 928 1161 961 vel
1186 929 1396 969 habitationis,
1420 929 1466 961 rel
1492 930 1608 972 patriae
1633 930 1773 972 designa-

1035 981 1119 1014 tione
1143 982 1328 1025 exprimant.

1079 1034 1130 1068 lss.
1157 1035 1254 1068 Iidem
1289 1046 1435 1069 cursores
1471 1041 1500 1069 et
1533 1036 1717 1069 mandatarii
1742 1036 1773 1068 in

1035 1087 1322 1122 subliastationibus
1353 1089 1522 1132 pignorum
1558 1089 1685 1132 affigere
1724 1089 1773 1121 dc-

1034 1141 1127 1174 beant
1151 1142 1189 1175 ad
1214 1143 1317 1175 valvas
1340 1143 1444 1184 officii,
1462 1144 1571 1187 inquo
1588 1143 1621 1176 fit
1647 1143 1774 1176 subhas-

1035 1194 1131 1235 tatio,
1157 1195 1340 1236 oblationes,
1365 1207 1443 1240 quae
1475 1196 1583 1229 dietim
1607 1196 1685 1228 siunt
1716 1207 1773 1239 pro

1036 1247 1222 1291 pignoribus
1248 1249 1346 1292 captis
1371 1249 1600 1282 subhastandis.

1080 1301 1130 1334 214.
1153 1302 1186 1334 ln
1207 1302 1405 1335 citationibus
1421 1302 1474 1336 Ad
1489 1302 1665 1336 videndum
1681 1313 1774 1336 nean-

1035 1355 1111 1388 dari
1130 1356 1319 1399 consiqnari
1331 1356 1474 1400 piynora
1493 1360 1649 1399 apponant
1670 1355 1774 1396 etiam,

1034 1410 1076 1443 Et
1091 1409 1268 1443 videndum
1292 1409 1448 1443 mandari
1470 1410 1669 1443 subhastari.

1080 1462 1131 1496 115.
1157 1463 1292 1506 Pignora
1316 1463 1442 1503 omnia,
1467 1463 1504 1495 ab
1529 1462 1775 1506 exequutoribus

1036 1516 1289 1560 quibuscumque
1305 1517 1350 1549 eis
1366 1516 1589 1559 consignanda,
1607 1516 1774 1549 ordinatim

1036 1569 1238 1612 singulariter
1269 1570 1417 1603 adnotare
1452 1569 1584 1602 debeant
1609 1569 1640 1601 in
1664 1580 1774 1602 eorum

1036 1623 1146 1664 libris,
1173 1623 1377 1667 exprimendo
1409 1634 1516 1656 rerum
1548 1623 1713 1666 qualitates
1745 1627 1775 1654 et

1036 1677 1240 1721 quantitates,
1265 1687 1380 1709 nomen
1405 1677 1606 1720 exequutoris
1630 1681 1659 1709 et
1691 1676 1776 1708 eolli-

1036 1731 1212 1773 tigantium.

1080 1784 1132 1818 ⁴16.
1151 1784 1329 1817 Oblationes
1347 1783 1541 1827 recipiendas
1558 1788 1708 1816 annotare
1725 1782 1775 1816 de-

1036 1838 1129 1870 beant
1153 1838 1184 1870 in
1208 1848 1319 1871 eorum
1351 1837 1439 1870 libris
1471 1847 1542 1869 cum
1579 1836 1774 1880 appositione

1037 1891 1119 1932 anni,
1144 1891 1260 1924 mensis
1285 1895 1313 1924 et
1339 1890 1410 1929 diei,
1431 1900 1467 1923 ac
1491 1889 1693 1934 expressione
1722 1899 1774 1922 no-

1037 1945 1141 1986 minis,
1158 1944 1366 1988 cognominis,
1380 1944 1531 1984 exercitii‚
1548 1943 1596 1976 vel
1613 1942 1775 1976 habitatio-

1037 1998 1096 2038 nis,
1113 1998 1161 2031 vel
1185 1998 1305 2041 patriae
1330 1997 1540 2030 offerentium.

1081 2051 1132 2085 17.
1150 2052 1218 2085 Non
1241 2052 1393 2095 recipiant
1410 2050 1583 2084 oblationes
1600 2050 1776 2083 cuiuscum-

1037 2115 1099 2148 que
1116 2105 1257 2138 officialis
1274 2104 1357 2137 illius
1375 2103 1549 2143 tribunalis,
1568 2103 1598 2135 in
1616 2113 1677 2146 quo
1695 2103 1773 2135 sacta

1038 2163 1084 2191 est
1109 2158 1294 2201 exequutio,
1318 2168 1375 2190 nec
1400 2157 1498 2200 ipsius
1522 2155 1707 2190 officialibus
1732 2156 1775 2188 in-

1038 2212 1252 2251 servientium,
1276 2222 1377 2254 neque
1401 2211 1615 2250 notariorum,
1639 2210 1773 2242 aliorum

1038 2264 1186 2298 iuvenum
1207 2264 1372 2297 tribunalis
1386 2290 1393 2303 ,
1417 2273 1518 2306 neque
1542 2263 1683 2306 ipsorum
1707 2272 1775 2295 cur-

1038 2328 1147 2352 sorum
1182 2323 1212 2351 et
1247 2317 1515 2350 mandatariorum
1551 2316 1693 2349 affinium
1726 2315 1773 2348 vel

1038 2371 1345 2415 consanguineorum
1369 2380 1468 2414 usque
1492 2369 1530 2402 ad
1555 2369 1682 2402 tertium
1707 2379 1775 2412 gra-

1037 2427 1121 2459 dum.

1082 2478 1133 2512 18.
1158 2479 1258 2512 Minus
1282 2478 1422 2512 officium
1456 2477 1597 2522 ipsorum
1628 2476 1774 2520 cuiquam

1037 2532 1193 2576 impartiri
1217 2532 1325 2565 dolose
1349 2536 1513 2572 recusent,
1538 2531 1586 2564 vel
1609 2530 1753 2563 differant
1767 2556 1774 2570 ‚

1037 2596 1095 2619 nec
1119 2586 1214 2619 etiam
1238 2586 1296 2619 sub
1320 2590 1483 2629 praetextu
1499 2584 1642 2618 modicae
1659 2594 1775 2617 merce-

1038 2639 1096 2680 dis,
1120 2640 1168 2672 vel
1192 2639 1276 2684 quod
1301 2639 1453 2674 maiorem
1478 2639 1594 2672 habere
1617 2638 1722 2671 velint.

1076 2705 1087 2731 1
1110 2703 1252 2731 videretur
1267 2703 1355 2738 potius
1374 2702 1516 2738 legendum
1531 2702 1624 2738 possit
1644 2702 1680 2736 (a.
1696 2700 1746 2734 τ.).

1676 287 1735 321 lot
1786 298 1834 325 An.
1851 297 1878 325 c.
1899 298 1966 326 lei-2
