2293 3231
85 284 134 314 An.
147 283 175 313 C.
198 283 266 313 ¹619

113 456 224 479 Contraria
237 460 269 477 re-

85 486 162 507 movet.

129 1949 212 1970 Causae
223 1948 286 1969 huius

103 1975 265 1998 constitutionis.

928 283 1048 310 PAULUS
1072 284 1091 308 V
1116 284 1163 310 PP.

284 330 391 366 auxilii
414 331 535 365 brachii
566 333 725 373 secularis,
746 338 857 376 cogant
884 338 913 365 et
937 342 1023 366 com-

284 384 412 429 pellant.

329 438 397 482 §5
432 439 499 472 Non
533 439 730 472 obstantibus
763 439 964 483 praemissis,
990 449 1024 470 ac

286 492 561 526 constitutionibus
578 498 607 525 et
633 493 884 526 ordinationibus
904 497 1026 535 aposto-

285 545 365 585 licis,
382 545 568 589 statutisque
582 552 610 579 et
629 546 917 585 consuetudinibus,
931 545 1024 577 etiam

285 599 473 639 iuramento,
498 599 737 633 confirmatione
761 598 952 643 apostolica,
978 598 1024 630 vel

286 651 395 694 quavis
419 650 568 684 firmitate
584 652 643 684 alia
660 652 828 692 roboratis,
852 651 1026 695 privilegiis

286 714 430 747 quoque,
463 704 592 737 indultis
624 711 650 737 et
685 705 797 738 litteris
825 703 1026 748 apostolicis,

286 757 435 800 praefatis
459 757 681 800 cardinalibus,
707 764 735 792 et
761 757 924 802 quibusvis
949 757 1027 796 aliis,

287 810 346 843 sub
379 810 632 856 quibuscumque
663 812 834 845 verborum
866 810 975 844 formis
1000 814 1027 843 et

287 863 461 905 tenoribus,
485 875 521 898 ac
545 875 618 898 cum
642 864 806 908 quibusvis
831 862 979 896 clausulis
999 866 1029 894 et

288 915 422 949 decretis
438 916 469 949 in
489 918 682 950 contrarium
702 915 939 961 quomodolibet
959 925 1030 948 con-

289 968 394 1002 cessis.
419 969 540 1009 Quibus
563 970 710 1004 omnibus
724 997 731 1011 ,
762 969 884 1003 etiamsi
907 969 946 1002 de
969 968 1030 1001 illis

289 1033 463 1066 eorumque
487 1023 561 1057 totis
577 1024 740 1058 tenoribus
766 1022 912 1067 specialis
929 1027 959 1055 et
977 1032 1029 1054 ex-

288 1086 396 1121 pressa
419 1077 538 1111 mentio
562 1077 706 1110 habenda
730 1078 830 1117 foret,
856 1086 1030 1119 eorumque

289 1134 414 1163 tenores
437 1131 657 1174 praesentibus
684 1141 742 1175 pro
768 1130 959 1163 sufficienter
983 1139 1032 1162 ex-

289 1183 407 1228 pressis
431 1184 593 1226 habentes,
619 1185 680 1218 illis
701 1185 776 1218 alias
793 1184 823 1217 in
841 1195 898 1217 suo
915 1184 1031 1217 robore

290 1238 516 1281 permansuris,
529 1239 588 1272 hac
601 1239 669 1272 vice
682 1239 841 1272 dumtaxat
855 1237 1032 1282 specialiter

291 1296 322 1324 et
345 1302 492 1336 expresse
517 1292 724 1336 derogamus,
756 1292 932 1335 ceterisque
961 1301 1033 1325 con-

292 1345 397 1378 trariis
420 1346 682 1391 quibuscumque.

336 1399 449 1432 Datum
474 1400 608 1441 Romae,
626 1400 708 1444 apud
734 1401 762 1434 S.
787 1400 914 1432 Mariam
944 1399 1035 1431 Maio-

293 1462 372 1494 rem,
389 1453 447 1486 sub
464 1454 581 1487 annulo
594 1454 772 1494 piscatoris,
789 1453 838 1487 die
852 1463 885 1486 111
902 1452 1034 1486 ianuarii

294 1516 426 1548 Mncxns',
450 1507 650 1551 pontificatus
673 1507 773 1541 nostri
797 1517 879 1540 anno
903 1517 966 1540 x1v.

329 1561 391 1588 Dat.
408 1560 452 1589 die
471 1561 487 1589 3
501 1562 616 1589 ianuarii
638 1562 716 1597 1619,
732 1562 826 1598 pontif.
849 1570 891 1589 an.
913 1568 968 1589 xiv.

294 1629 442 1664 Additur
472 1631 660 1663 constitutio
691 1631 750 1664 Pii
776 1631 889 1674 Papae
921 1629 970 1663 It*
1000 1630 1038 1662 cle

340 1679 567 1713 emolumentis
588 1679 809 1724 persolvendis
828 1680 861 1712 in
877 1680 1038 1712 creatione

341 1732 369 1762 el
386 1728 476 1761 obitu
495 1729 719 1762 cardinalium
743 1729 913 1771 mayz'strt's
938 1738 1039 1761 caere-

342 1778 540 1811 moniarum.

549 1839 620 1868 Pius
640 1840 719 1874 Papa
739 1840 785 1871 lv,

424 1887 459 1912 ad
479 1887 656 1919 perpetuam
675 1884 719 1912 rei
739 1884 921 1912 memoriam.

345 1939 446 1979 Licet,
471 1937 552 1971 sicut
576 1938 667 1971 nobis
692 1942 832 1978 constat,
858 1943 887 1971 et
912 1938 987 1971 dum
1012 1938 1043 1970 in

302 1989 478 2024 minoribus
495 2001 648 2031 essemus,
673 2001 765 2034 saepe
791 1991 938 2031 vidimus,
956 1996 983 2023 et
1003 1991 1045 2034 ip-

303 2043 395 2077 simet
419 2044 539 2088 experti
564 2055 682 2085 sumus,
708 2044 812 2077 dilecti
829 2044 884 2077 tilii
902 2044 1044 2087 magistri

303 2097 404 2131 nostri
430 2097 703 2130 caeremoniarum
720 2108 737 2130 a
762 2098 894 2141 singulis
910 2098 938 2131 S.
957 2099 991 2131 R.
1010 2098 1044 2131 E.

304 2150 515 2184 cardinalibus
540 2151 571 2183 in
595 2150 849 2194 promotionibus
873 2161 983 2184 eorum
1008 2151 1046 2184 ad

305 2204 516 2238 cardinalatus
532 2204 688 2237 honorem
703 2209 840 2244 centum,
857 2209 884 2237 et
903 2204 934 2236 in
948 2204 1046 2244 obitu,

305 2268 359 2291 seu
385 2263 455 2302 post
472 2257 592 2291 obitum
613 2257 756 2301 ipsorum
777 2257 994 2297 cardinalium,
1009 2258 1048 2290 ab

305 2311 494 2344 haeredibus
523 2321 635 2344 eorum
666 2310 892 2354 quinquaginta
920 2310 1050 2343 ducatos

306 2366 374 2399 auri
399 2365 437 2398 de
462 2367 588 2399 camera
614 2364 730 2397 habere
755 2369 782 2396 et
810 2364 960 2408 consequi
981 2375 1051 2397 con-

307 2420 476 2461 sueverint,
489 2419 627 2463 dictique
646 2424 771 2452 centum
789 2419 820 2451 in
839 2418 1050 2462 promotione,

308 2478 337 2508 et
356 2472 702 2517 quinquagintajducati
719 2472 750 2504 in
767 2471 852 2506 obitu
870 2471 1051 2504 huiusmodi

307 2526 455 2571 praefatis
465 2526 624 2569 magistris
642 2525 859 2559 solvidebeant
874 2536 879 2556 :
896 2524 1054 2558 nihilomi-

309 2589 368 2613 nus
383 2579 527 2613 nonnulli
545 2589 581 2612 ex
599 2579 690 2612 dictis
707 2578 930 2618 cardinalibus,
941 2588 995 2611 seu
1006 2588 1055 2610 eo-

310 2643 383 2666 rum
401 2637 530 2676 agentes
548 2636 577 2666 et
592 2641 791 2665 successores
805 2659 812 2671 ‚
837 2631 975 2664 nescitur
992 2641 1055 2675 quo

311 2685 606 2730 praetextu,dietam
617 2696 772 2719 summam
781 2695 839 2729 per
852 2695 915 2725 eos,
923 2690 956 2717 ut
969 2694 1057 2729 prac-

395 2747 474 2776 Bull.
493 2748 570 2777 Rom.
591 2764 625 2768 -
648 2748 709 2777 Vol.
725 2747 790 2776 XII.
917 2747 952 2776 55

1701 271 1767 307 433
1813 280 1906 308 Aac.
1929 280 1997 309 ¹619

1057 333 1165 371 fertur,
1190 331 1338 369 debitam,
1363 330 1480 364 eisdem
1502 329 1660 373 magistris
1678 329 1798 362 solvere

1057 389 1222 423 recusant,
1247 385 1277 417 in
1302 395 1412 417 eorum
1437 393 1533 427 grave
1556 382 1796 427 praeiudicium.

1103 438 1116 480 ξ
1144 438 1170 470 l.
1197 439 1259 471 Nos
1284 438 1398 480 igitur,
1424 436 1618 471 attendentes
1643 436 1799 479 praefatos
1849 444 1928 473 statuit
1951 449 1998 465 een-

1058 490 1231 523 cardinales
1262 491 1364 523 ossicio
1394 491 1550 523 dictorum
1575 489 1800 532 magistrorum
1817 474 2000 533 ἶῖἶᾞειᾋιᾞῗᾷἶ

1058 554 1151 586 egere
1177 550 1203 576 et
1230 545 1285 584 uti,
1311 544 1490 587 dictamque
1522 553 1677 576 summam
1703 553 1719 575 a
1744 525 2000 587 Rostffssssssln'ti'rluulssi

1059 597 1159 629 manis
1184 597 1385 630 Pontificibus
1411 603 1569 640 tamquam
1600 596 1800 632 mercedem,
1816 577 2001 639 ἕξιέυῗυᾱῖυςιῗιῖ

1060 661 1114 683 seu
1130 660 1189 693 pro
1206 650 1351 682 mercede
1369 650 1555 683 eorumdem
1566 649 1801 692 magistrorum,
1816 631 2002 686 ἆῗέἶῗῖιῗῖἒῗᾈὲῗῖιῖ

1059 703 1097 735 ab
1122 703 1366 736 immemorabili
1390 708 1534 746 tempore
1548 703 1636 740 citra,
1657 688 2002 746 constitu-{iissffssmffmffiss

1060 761 1123 788 tam
1147 755 1242 788 fuisse
1267 760 1296 789 et
1321 766 1398 795 esse,
1416 761 1444 788 et
1461 761 1630 799 propterea
1652 755 1805 788 indemni·
1818 738 1870 758 ²⁰¹⁸
1889 736 1975 757 deber&

1062 809 1176 841 tatibus
1200 820 1310 842 eorum
1325 815 1504 853 opportune
1520 809 1685 842 consulere
1702 808 1805 840 volen-

1061 867 1117 902 tes,
1132 867 1219 895 motu
1232 862 1362 906 proprio
1375 867 1405 894 et
1421 872 1458 894 ex
1475 864 1561 895 certa
1581 863 1689 895 nostra
1704 860 1805 894 scien-

1062 915 1115 956 tia,
1133 920 1259 948 centum
1276 915 1308 948 in
1324 915 1524 959 promotione
1542 914 1580 947 ad
1597 914 1807 947 cardinalatus

1062 969 1239 1009 honorem,
1265 973 1293 1001 et
1319 968 1549 1012 quinquaginta
1578 967 1707 1001 ducatos
1739 966 1808 999 auri

1063 1021 1102 1055 de
1127 1023 1252 1055 camera
1277 1021 1454 1065 praedictos
1480 1021 1511 1053 in
1535 1020 1623 1054 obitu
1653 1030 1709 1053 seu
1736 1025 1808 1064 post

1063 1075 1185 1108 obitum
1195 1075 1393 1118 singulorum
1400 1073 1608 1107 cardinalium
1616 1073 1808 1113 huiusmodi,

1064 1127 1128 1161 sive
1152 1128 1184 1160 in
1210 1128 1348 1161 Romana
1373 1127 1470 1167 curia,
1496 1127 1560 1159 sive
1578 1132 1665 1159 extra
1682 1136 1761 1166 eam,
1779 1131 1809 1159 et

1064 1183 1256 1226 ubicumque
1282 1181 1484 1221 decesserint,
1502 1182 1550 1213 vel
1571 1180 1724 1214 decedere
1738 1190 1808 1213 con-

1065 1237 1181 1280 tigerit,
1206 1237 1352 1281 praefatis
1376 1235 1535 1279 magistris
1552 1234 1670 1273 deberi,
1688 1245 1722 1267 ac
1748 1234 1806 1266 sibi

1066 1302 1124 1335 per
1150 1291 1331 1331 modernos,
1349 1290 1401 1334 qui
1419 1290 1489 1323 illos
1509 1290 1631 1322 solvere
1651 1293 1807 1323 recusant.

1066 1350 1094 1377 et
1120 1355 1179 1388 pro
1203 1349 1346 1387 tempore
1376 1343 1544 1376 existentes
1573 1341 1602 1375 S.
1626 1342 1660 1374 R.
1687 1341 1720 1374 E.
1745 1351 1810 1374 car-

1067 1397 1207 1437 dinales,
1233 1408 1287 1430 seu
1312 1408 1422 1429 eorum
1452 1400 1579 1439 agentes
1605 1400 1633 1428 et
1658 1394 1810 1427 haeredes

1067 1451 1240 1495 respective
1254 1450 1343 1491 solvi,
1368 1456 1398 1483 et
1423 1450 1466 1483 eis
1488 1448 1667 1492 consignari
1684 1448 1810 1488 debere,

1068 1504 1253 1538 auctoritate
1270 1504 1452 1548 apostolica,
1466 1509 1575 1536 tenore
1588 1501 1810 1546 praesentium,

1070 1564 1223 1602 perpetuo
1233 1558 1409 1597 statuimus,
1426 1557 1570 1589 volumus
1579 1560 1609 1590 et
1618 1555 1809 1589 ordinamus.

1115 1612 1129 1654 ἐ
1153 1610 1182 1643 9..
1208 1611 1388 1644 Mandantes
1413 1615 1581 1654 propterea
1601 1609 1722 1642 dilectis
1740 1608 2013 1661 fili131.„.;¹}³?²331?‡3{3{

1071 1665 1205 1699 Guidoui
1236 1665 1368 1697 Ascanio
1399 1664 1528 1697 Sanctae
1557 1663 1671 1696 Mariae
1703 1663 1733 1695 in
1759 1657 1898 1694 Viam-2111}-

1072 1721 1166 1759 Lata,
1191 1719 1323 1752 diacono
1348 1718 1498 1752 cardinali
1523 1717 1561 1750 de
1585 1718 1697 1751 Sancta
1721 1716 1814 1749 Flora

1073 1778 1263 1816 nuncupato,
1284 1778 1393 1805 nostro
1423 1777 1451 1804 et
1485 1771 1625 1804 eiusdem
1658 1771 1814 1803 Romanae

1075 1826 1231 1859 Ecclesiae
1263 1825 1386 1868 collegii
1418 1825 1577 1858 dictorum
1609 1823 1814 1856 cardinalium

1075 1880 1243 1914 moderno¹
1262 1885 1289 1913 et
1310 1891 1368 1923 pro
1389 1886 1530 1923 tempore
1548 1877 1752 1911 existentibus
1772 1888 1819 1909 ca-

1076 1934 1232 1974 merariis,
1260 1939 1414 1977 quatenus
1430 1932 1548 1965 eisdem
1571 1931 1731 1974 magistris
1753 1941 1818 1963 cae-

1078 1988 1292 2021 remoniarum
1307 1987 1344 2020 de
1357 1986 1448 2020 dictis
1460 1985 1591 2025 ducatis,
1605 1985 1648 2017 sic
1662 1984 1775 2017 debitis
1790 1990 1816 2017 et

1078 2042 1155 2075 solvi
1174 2041 1336 2079 recusatis,
1354 2051 1412 2084 per
1427 2039 1611 2078 cardinales,
1630 2048 1685 2071 seu
1710 2048 1818 2070 eorum

1079 2100 1206 2138 agentes
1224 2100 1252 2127 et
1278 2093 1429 2127 haeredes
1446 2092 1603 2137 praefatos
1627 2090 1819 2135 respective,

1080 2148 1220 2193 plenarie
1245 2153 1273 2180 et
1299 2147 1420 2189 integre
1445 2145 1630 2190 responderi
1655 2145 1775 2178 saciant.

1126 2203 1140 2245 ξ
1164 2201 1192 2234 ,’3.
1220 2202 1253 2233 Et
1279 2200 1484 2233 nihilominus
1507 2199 1545 2232 de
1562 2204 1677 2238 cetero,
1694 2209 1754 2242 pro
1771 2208 1823 2241 po-

1081 2255 1152 2289 tiori
1171 2256 1303 2295 cautela,
1325 2255 1404 2287 infra
1429 2263 1569 2286 mensem
1587 2263 1603 2284 a
1621 2252 1670 2284 die
1686 2262 1819 2295 promo-

1082 2309 1176 2343 tionis
1199 2309 1381 2342 eorumdem
1411 2307 1618 2341 cardinalium
1645 2311 1824 2349 computan-

1083 2362 1168 2402 dum,
1192 2373 1249 2405 per
1273 2362 1346 2394 dicti
1373 2360 1496 2403 collegii
1515 2359 1758 2403 depositarium,
1777 2358 1824 2390 vel

1084 2415 1169 2455 alias,
1182 2419 1276 2459 prout
1290 2414 1402 2447 melius
1417 2413 1564 2458 expedire
1578 2412 1744 2452 videbitur,
1757 2422 1825 2445 cen-

1085 2474 1162 2508 tum,
1172 2468 1402 2512 quinquaginta
1411 2478 1486 2499 vero
1500 2466 1630 2499 ducatos
1644 2464 1824 2498 huiusmodi

1087 2522 1117 2554 iu
1134 2522 1223 2554 obitu
1247 2532 1301 2554 seu
1314 2526 1381 2564 post
1401 2520 1522 2553 obitum
1536 2520 1749 2563 praefatorum
1763 2529 1828 2551 car-

1087 2574 1247 2610 dinalium,
1274 2574 1336 2606 sive
1363 2573 1392 2605 iu
1417 2573 1498 2605 dieta
1525 2572 1626 2607 «ιιι-ἰῇ,
1651 2571 1714 2604 sive
1740 2576 1826 2603 extra

1864 2198 1950 2219 Mandat
1969 2197 2022 2217 solu

1837 2224 1957 2246 omnimode
1991 2223 2022 2243 di·

1838 2253 1876 2273 ctis
1916 2250 2022 2276 magistris

1839 2279 1892 2299 intra
1908 2282 2008 2300 mensem.

1127 2647 1134 2672 l
1159 2646 1227 2672 Tum
1248 2645 1313 2672 edit.
1335 2645 1416 2672 Main.
1440 2649 1495 2671 tum
1511 2643 1627 2671 Cherub.
1646 2644 1699 2678 leg.
1719 2643 1827 2670 ›nodet-'-

1088 2692 1135 2719 nis
1156 2691 1191 2726 (a.
1210 2690 1259 2725 T.).
