2293 3231
223 293 271 319 Αη.
293 291 320 318 C.
344 290 411 318 ¹6¹9

277 353 311 372 [1¹
321 354 348 372 till
359 356 379 371 tl·
389 360 407 372 tii

223 383 290 402 ‹iifl-ii
301 381 313 398 ῗι
327 384 373 398 rei-3
390 389 406 394 ι·

223 413 302 426 sariunt
330 412 407 431 appi.-

224 434 295 453 tutan.
310 439 357 452 runi
373 438 384 458 ρ
402 443 406 446 ·

224 462 299 478 testate
338 460 406 478 ,itm-1.

246 495 247 498 *
361 497 364 503 ι
378 492 406 503 *ll*

457 281 519 316 436

1000 286 1177 311 ntmLAnlmt
1201 285 1356 309 ROMANUM

1946 283 1996 310 An.
2012 283 2042 311 C.
2064 283 2132 311 1619

467 342 481 381 ,ξ
506 339 533 371 7.
559 338 725 381 Cupientes
757 342 883 374 autem,
909 345 1018 368 omnes
1043 334 1164 367 clu-isti-
1198 335 1298 373 mora,
1321 332 1541 373 retardatione,
1559 333 1605 364 vel
1629 331 1853 376 impedimento
1877 341 1935 376 per

423 392 529 424 tideles
547 390 714 435 participes
740 389 807 420 lieri
835 389 926 420 liuius
944 387 1163 431 pretiosissimi

423 445 580 479 tliesauri,
611 443 764 475 universis
790 448 817 474 et
845 442 975 483 singulis
1001 441 1164 484 utriusque

386 515 405 529 nt
422 509 522 533 sexus,
549 501 609 530 lam
637 496 721 527 laic-is·
739 506 832 538 quam
858 494 1097 533 ecclesiasticis,
1121 504 1165 526 se-

333 546 578 583 fflssrularibus
614 554 639 581 el
679 548 878 588 i··=;,·ularilnis
907 547 1043 579 cuiusvis
1074 547 1163 580 Ordi-

309 599 324 609 m
340 598 364 616 Ἰ)
375 597 405 609 ''⁴2-

360 619 404 635 ιιι1ι·

234 1780 259 1801 Ει
269 1779 411 1801 commutandi

229 1810 284 1830 vota.
305 1807 411 1832 religioni<

228 1836 248 1854 et
261 1833 365 1854 castitatis
377 1838 411 1853 m-

227 1861 301 1887 ceptis.

257 2150 323 2171 tussio
334 2149 374 2170 bec
383 2155 413 2169 iu-

229 2177 320 2197 hilar-uin
347 2176 414 2202 publi·

231 2204 300 2224 canai.

420 603 485 641 uis,
518 601 771 644 congregationis
808 605 837 634 et
873 601 1024 640 instituti,
1061 601 1160 633 liren-

364 650 495 687 K'f'tiam
521 655 732 693 rom-edimus,
761 658 789 688 et
822 654 1000 687 facultatem
1032 653 1162 689 damus.

421 714 450 740 ut
477 707 534 741 sibi
561 707 598 739 ad
624 708 705 740 bunc
731 708 877 740 ctl'cctum
902 707 1019 750 eligere
1040 707 1163 750 possint

420 772 649 804 ‹put-uirumque
681 761 900 805 presbyterum
925 760 1162 800 contessarium,

422 821 481 847 tam
503 815 676 847 secularem
694 824 788 857 quani
810 814 947 846 cuiusvis
971 814 1097 847 Ordinis
1117 824 1163 846 re-

420 868 574 910 gularem,
595 879 630 899 ex
661 867 844 910 approbatis
869 878 885 899 a
911 868 1052 900 locorum
1077 866 1165 900 Ordi-

420 921 537 957 nariis,
563 920 614 963 qui
641 930 694 954 eos
718 920 756 952 ab
781 920 929 953 omnibus
953 919 1164 952 excomunuii-

421 974 561 1013 rationis,
579 973 792 1017 suspensionis
814 977 842 1007 et
861 973 928 1005 aliis
945 972 1163 1006 ecclesiasticis

421 1027 582 1060 sententiis
606 1033 633 1060 ct
659 1028 810 1067 censuris,
831 1038 848 1059 a
874 1027 941 1060 iure
968 1027 1013 1060 rel
1039 1027 1077 1059 ab
1106 1027 1158 1060 lio-

423 1081 517 1118 mine‚
534 1080 643 1124 (piaris
668 1082 760 1113 causa
781 1080 849 1113 latis
870 1091 923 1113 seu
945 1080 1080 1121 inflictis,
1096 1090 1164 1112 nec-

423 1144 484 1166 non
509 1134 548 1165 ab
573 1133 719 1167 omnibus
735 1134 882 1177 peccatis,
897 1133 1085 1173 excessibus,
1106 1133 1163 1166 eri-

424 1186 561 1219 minibus
585 1192 614 1219 et
638 1186 760 1219 delictis
789 1186 990 1230 quantui‘nxis
1014 1186 1163 1229 gravibus

424 1245 453 1271 et
479 1239 673 1279 enormibus,
694 1239 786 1272 etiam
812 1240 954 1272 locorum
980 1238 1163 1279 Ordinariis,

424 1293 488 1325 sire
512 1294 603 1325 nobis
628 1299 657 1325 et
682 1293 752 1325 Sedi
782 1293 989 1336 Apostolicae,
1014 1293 1107 1325 etiam
1133 1293 1163 1325 in

425 1345 536 1378 litteris
549 1346 598 1378 dic
616 1347 736 1379 Coeuae
754 1346 876 1379 Domini
894 1346 954 1389 legi
972 1346 1070 1379 solitis
1093 1356 1163 1379 con-

425 1399 528 1439 tentis,
546 1405 575 1431 et
592 1400 668 1432 alias
688 1410 744 1442 per
768 1410 982 1442 quascumque
1008 1400 1163 1432 llomano-

424 1464 494 1485 rum
521 1452 707 1485 Pontiticum
738 1453 1015 1496 praedeeessortnn
1041 1458 1165 1485 nostro-

426 1516 494 1538 rum
513 1505 762 1547 constitutiones,
780 1516 914 1550 quarum
938 1510 1061 1539 tenores
1078 1516 1166 1552 prae-

424 1558 565 1590 sentibus
591 1558 699 1590 baberi
725 1559 868 1591 rolunms
899 1570 956 1602 pro
989 1559 1164 1602 expressis,

425 1611 720 1654 quomodocumque
746 1612 922 1652 reservatis,
941 1612 970 1644 in
999 1612 1066 1644 l'oro
1096 1622 1167 1645 con-

426 1664 584 1704 scientiae,
609 1670 639 1698 et
663 1665 720 1697 bac
746 1665 811 1698 rice
837 1670 978 1704 tantum,
1004 1665 1166 1698 absolvere

427 1723 455 1750 et
480 1718 613 1751 liberare
639 1718 769 1759 valeant,

471 1773 486 1814 ς’
509 1771 537 1804 8.
564 1771 601 1804 Et
626 1771 753 1815 insuper
778 1776 848 1805 vota
865 1781 1083 1815 quaecumque
1108 1780 1167 1815 tre-

427 1824 552 1867 ligionis
576 1830 605 1858 ct
630 1825 780 1858 castitatis
805 1825 955 1868 exceptis)
980 1825 1011 1857 in
1035 1825 1094 1858 alia
1117 1826 1167 1869 pia

426 1883 454 1910 et
480 1878 627 1911 salutaria
651 1888 748 1922 opera
777 1884 994 1919 commutare,
1026 1879 1166 1912 iniuncta

427 1937 530 1965 tamen
554 1932 609 1973 eis,
634 1937 661 1964 et
688 1943 799 1966 eorum
824 1932 961 1971 cuilibet,
977 1932 1008 1964 in
1027 1933 1168 1976 supradi-

427 1985 484 2018 ctis
500 1985 646 2018 omnibus
667 1985 790 2018 casibus
814 1985 1003 2028 poenitentia
1028 1986 1166 2026 salutari,

427 2039 557 2082 aliisque
582 2039 720 2072 eiusdem
754 2039 935 2072 confessarii
968 2039 1100 2072 arbitrio
1126 2039 1167 2072 in-

429 2093 602 2135 iungendis.

473 2146 488 2189 §
513 2146 541 2179 9.
558 2146 764 2189 Quapropter,
780 2151 886 2178 tenore
903 2146 1125 2189 praesentium,
1137 2146 1167 2179 in

431 2199 542 2231 vii-tute
565 2204 688 2231 sanctae
705 2198 899 2231 obedientiae
921 2198 1059 2232 districtc
1082 2209 1169 2242 prae-

430 2252 562 2296 ripimus
580 2257 673 2295 atque
691 2252 874 2284 mandamus
890 2253 1038 2285 omnibus
1056 2258 1081 2285 et
1104 2253 1168 2295 qui-

430 2306 626 2349 buscumque
651 2305 880 2338 venerabilibus
906 2305 1055 2338 fratribus
1076 2307 1169 2350 patri-

429 2359 543 2399 archis,
571 2358 828 2403 archiepiscopis,
855 2358 1022 2402 episeopis,
1048 2365 1074 2391 ct
1101 2360 1168 2392 aliis

429 2412 631 2445 ecclesiarum
658 2412 827 2456 praelatis,
850 2422 886 2444 ac
915 2413 1169 2457 quibuscumque

430 2465 603 2498 Ordinariis
627 2466 780 2505 locorum,
800 2476 975 2508 corumque
999 2465 1123 2498 vicariis
1141 2472 1170 2498 et

431 2519 670 2559 ollicialialibus,
688 2519 756 2558 vet,
782 2519 819 2551 iis
843 2518 1060 2551 deficientibus
1074 2546 1081 2558 ,
1111 2519 1170 2551 illis

431 2572 483 2614 qui
508 2583 616 2604 curam
641 2572 816 2604 animarum
849 2577 1006 2612 exercent,
1031 2577 1074 2612 ut,
1098 2582 1170 2605 cum

434 2625 645 2668 praesentium
683 2625 857 2658 litterarum
895 2630 1091 2668 transumpta
1119 2631 1172 2659 aut

434 2679 577 2721 exempla
589 2677 776 2721 acceperint,
790 2678 840 2710 illa
854 2677 958 2710 statim
972 2678 1091 2721 absque
1108 2679 1171 2711 ulla

1197 397 1269 418 suas
1293 385 1442 418 ecclesias
1459 391 1487 417 et
1505 385 1675 424 dioeceses,
1692 385 1878 428 provincias,
1895 385 1937 417 ci-

1197 440 1316 479 vitates,
1341 439 1474 483 oppida,
1503 444 1602 472 terras
1632 443 1661 471 et
1686 439 1754 472 loca
1777 439 1934 482 publicent

1196 498 1222 525 et
1251 492 1403 536 publicari
1430 492 1553 531 saciant,
1582 497 1609 524 et
1636 491 1729 524 cleris
1752 502 1787 524 ae
1812 492 1937 535 populis

1197 546 1255 578 sibi
1287 545 1435 578 subiectis
1471 545 1626 578 solemnes
1659 544 1879 589 processiones
1907 550 1938 577 et

1196 599 1441 642 supplicationes
1467 598 1603 631 indicent
1618 624 1625 638 ,
1650 603 1680 631 et
1703 597 1872 638 celebrent,
1890 607 1939 630 ec-

1196 653 1387 696 clesiamque
1412 663 1466 685 seu
1491 651 1638 685 ecclesias
1663 651 1831 684 visitandas
1854 651 1937 685 desi-

1196 712 1301 749 guent.

1241 760 1255 802 g
1285 759 1331 791 10.
1357 759 1424 792 Non
1450 758 1640 791 intendimus
1656 764 1761 791 autem
1778 768 1835 802 per
1850 768 1938 802 prae-
1986 770 2086 791 nectat-at
2105 768 2137 790 ai-

1196 818 1298 845 sentes
1315 823 1410 856 super
1427 811 1531 855 aliqua
1550 811 1792 854 irregularitate,
1810 811 1936 856 publica
1952 797 2137 849 ssfflm'ssiiiffu‘ss

1196 867 1243 898 rel
1268 866 1410 905 occulta,
1439 867 1530 905 nota,
1558 865 1698 902 defectu,
1723 865 1937 909 incapacitate,
1952 856 2023 872 ‘³⁹¹³'

1196 930 1250 952 seu
1265 919 1457 952 inhabilitate
1470 919 1694 963 quoquomodo
1704 922 1864 954 contracta
1880 919 1939 952 dis-

1196 984 1339 1017 pensare,
1366 973 1412 1005 rel
1437 973 1573 1015 aliquam
1601 973 1777 1006 facultatem
1798 973 1938 1007 tribuere

1196 1026 1407 1069 dispensandi,
1433 1037 1487 1058 seu
1513 1026 1706 1066 liabilitandi,
1724 1031 1754 1059 et
1780 1026 1811 1059 in
1836 1025 1940 1070 pristi-

1196 1090 1271 1112 num
1290 1085 1403 1112 statum
1419 1080 1614 1122 restituendi,
1632 1081 1724 1114 etiam
1743 1081 1773 1113 in
1787 1081 1854 1114 soro
1867 1090 1941 1114 eon-

1197 1133 1344 1166 scientiae
1356 1144 1363 1171 ·,

1241 1188 1256 1230 J<
1286 1187 1332 1220 ll.
1360 1187 1466 1231 Neque
1492 1188 1585 1221 etiam
1612 1188 1658 1227 iis,
1683 1189 1736 1232 qui
1761 1198 1778 1221 a
1802 1187 1893 1222 nobis
1909 1193 1939 1222 et
1969 1196 2138 1243 ‚eiluegmmu-

1196 1241 1373 1283 Apostotiea
1398 1241 1493 1281 Sede,
1519 1242 1570 1282 xel
1590 1241 1630 1275 ab
1657 1241 1763 1285 aliquo
1787 1242 1938 1285 praelato,
1953 1228 2138 1302 ἓξξῖὲἓζῑὲιὲἶξξι

1197 1305 1252 1326 seu
1278 1294 1379 1327 iudice
1414 1294 1627 1327 ecclesiastico
1658 1291 1994 1336 exeoimnunicati,nui1
2005 1308 2075 1330 posse-

1198 1348 1350 1390 suspensi,
1365 1347 1532 1387 interdu-ti,
1550 1358 1603 1380 seu
1621 1348 1698 1381 alias
1715 1348 1745 1380 in
1761 1349 1940 1389 sententias,

1198 1404 1226 1434 el
1245 1411 1395 1433 censuras
1411 1400 1557 1433 incidisse
1574 1400 1734 1441 declarati,
1752 1402 1798 1433 vel
1815 1402 1941 1445 publice

1198 1453 1376 1486 denunciati
1402 1454 1515 1486 l'ucrint
1531 1480 1538 1493 ,
1560 1454 1619 1486 nisi
1645 1454 1724 1487 inl'ra
1749 1460 1872 1499 tempus
1896 1465 1942 1489 ee.-

1199 1506 1383 1540 lebrationis
1408 1507 1587 1540 huiusmodi
1622 1507 1747 1540 iubilaei
1776 1508 1939 1541 satisfece-

1200 1560 1272 1600 rint,
1286 1564 1337 1594 aut
1351 1571 1422 1593 cum
1435 1560 1578 1604 partibus
1592 1561 1862 1603 concordaverint,
1877 1562 1941 1595 ullo

1200 1613 1294 1647 inodo
1315 1613 1481 1656 suffragari
1506 1625 1598 1657 posse
1623 1619 1674 1647 aut
1699 1615 1823 1648 debere.

1245 1667 1260 1709 ξ
1284 1666 1335 1700 til.
1362 1667 1429 1700 Non
1450 1666 1648 1701 obstantibus
1665 1668 1941 1702 constitutionibus
1982 1675 2140 1722 Ctffusmasde·

1201 1724 1230 1753 et
1253 1719 1507 1754 ordinationibus
1531 1720 1712 1764 apostolicis
1737 1721 1941 1765 (praesertim
1955 1707 2074 1756 iffitf'ms
2103 1707 2140 1729 ψ

1201 1773 1314 1817 quibus
1338 1774 1467 1806 facultas
1491 1774 1671 1807 absolvendi
1696 1774 1726 1806 in
1751 1775 1844 1807 certis
1868 1779 1942 1810 tunc

1200 1827 1356 1870 expressis
1372 1827 1497 1860 casibus
1511 1827 1551 1859 ita
1569 1827 1709 1861 Romano
1726 1827 1869 1861 Pontifici
1883 1839 1942 1872 pro

1201 1885 1345 1924 tempore
1362 1880 1503 1913 existenti
1523 1884 1710 1921 reservatur,
1725 1886 1758 1913 ut
1775 1891 1831 1914 nec
1848 1881 1942 1914 etiam

1201 1934 1318 1967 similes
1336 1934 1382 1966 vel
1396 1934 1565 1967 dissimiles
1582 1934 1719 1975 iubilaei,
1740 1934 1944 1978 indulgentia·

1201 1997 1270 2019 rum
1280 1997 1315 2019 ac
1327 1986 1506 2019 l'acultatum
1520 1987 1700 2021 huiusmodi
1714 1988 1943 2027 concessiones,

1200 2037 1259 2069 nisi
1276 2037 1314 2070 de
1336 2037 1396 2070 illis
1421 2048 1567 2081 expressa
1587 2038 1704 2072 mentio
1721 2044 1773 2071 aut
1799 2039 1944 2083 specialis

1201 2090 1364 2133 derogatio
1381 2091 1443 2131 liat,
1456 2091 1603 2134 cuiquam
1621 2091 1789 2134 suffragari
1803 2093 1943 2136 queant),

1201 2154 1323 2177 necnon
1347 2145 1456 2187 regula
1475 2147 1582 2178 nostra
1600 2145 1639 2178 de
1655 2155 1717 2179 non
1735 2145 1944 2179 concedendis

1203 2197 1403 2240 indulgentiis
1428 2198 1465 2230 ad
1493 2198 1599 2239 instar,
1616 2209 1652 2231 ac
1668 2209 1944 2242 quorumcumque

1202 2251 1348 2284 ordinum
1384 2255 1413 2284 et
1444 2251 1725 2295 congregationum
1758 2251 1822 2285 sive
1854 2251 1941 2285 insti-

1203 2310 1342 2337 tutorum
1367 2305 1560 2347 regularium
1586 2305 1805 2348 (iuramento,
1829 2304 1944 2338 confir-

1203 2358 1338 2391 matione
1363 2358 1559 2402 apostolica,
1583 2358 1629 2391 vel
1663 2357 1771 2401 quavis
1795 2357 1944 2391 firmitate

1203 2411 1263 2443 alia
1295 2410 1472 2454 roboratis)
1498 2411 1620 2444 statutis
1649 2416 1679 2444 et
1711 2410 1944 2444 consuetudini-

1203 2464 1270 2504 bus,
1295 2464 1469 2508 prixilegiis
1486 2475 1622 2508 quoque,
1640 2463 1768 2497 indultis
1785 2469 1815 2497 et
1833 2464 1944 2498 litteris

1203 2518 1384 2562 apostolicis
1414 2518 1531 2551 eisdem
1561 2518 1726 2551 ordinibus
1754 2522 1785 2552 et
1812 2528 1945 2561 congre-

1205 2571 1385 2614 gationibus
1409 2575 1501 2615 atque
1530 2571 1679 2604 institutis
1707 2571 1945 2615 quomodolibet

1205 2626 1372 2666 concessis,
1388 2624 1570 2669 approbatis
1594 2630 1620 2657 et
1645 2624 1807 2658 innovatis.
1826 2626 1944 2665 Quibus

1205 2679 1350 2712 omnibus
1375 2681 1401 2711 et
1428 2677 1558 2720 singulis
1573 2703 1581 2717 ,
1601 2678 1722 2711 etiamsi
1747 2678 1785 2712 de
1810 2678 1871 2711 illis
1895 2689 1946 2712 eo-
