2293 3231
18 315 22 323 ι
54 261 74 297 f
109 281 160 308 An.
176 279 205 308 c.
225 280 294 308 1613

158 711 264 733 accenset
277 717 291 734 a

40 743 44 754 ο
61 729 69 747 ¹²
106 736 213 759 earet-ian
220 738 291 759 fride-

105 764 150 785 rico
160 763 289 786 nori-amaon

23 788 26 798 '
41 786 43 811 ἶ
59 799 72 816 ῑ,
105 792 198 812 erectum
218 791 290 812 docto-

105 822 150 838 rum
178 817 290 844 collegium

103 843 218 864 Mediolani
231 851 236 869 ;

934 282 1052 306 rarius

594 329 767 362 CCXXVHL

306 398 475 432 Statuitur
489 409 597 432 omnes
610 400 740 442 cotteqii
752 400 915 433 doctorum
933 405 961 433 et
973 401 1050 434 Am-

352 450 522 484 brosianae
547 452 733 485 bibliotecae
757 457 991 489 conservatores
1011 463 1050 485 ex

350 502 637 537 ecclesiasticorum
655 509 743 538 coetu
760 515 824 538 esse
840 504 1032 548 &mentiost
1065 530 1067 539 ,

544 584 656 611 Paulus
677 584 756 619 Papa
776 585 798 611 V

429 635 465 663 ad
484 639 660 670 perpetuam
679 636 724 664 rei
743 637 922 664 memoriam.

350 697 365 740 ξ
392 697 417 730 1.
439 698 532 738 Alias,
552 709 610 742 pro
635 703 723 741 parte
748 698 853 732 dilecti
873 698 930 731 filii
947 698 1047 732 nostri

306 750 446 783 Federici
472 751 551 784 tituli
577 756 701 784 sanctae
719 751 833 784 Mariae
854 752 1046 794 Angelorum

304 803 478 848 presbyteri
492 804 660 837 cardinalis
673 804 855 838 Borromaei
865 804 1046 847 nuncupati,
1064 817 1065 834 ι

305 857 455 890 ecclesiae
479 857 717 891 Mediolanensis
743 867 780 890 ex
798 857 999 890 concessione
1017 862 1046 889 et

305 909 540 954 dispensatione
563 909 736 954 apostolica
760 909 925 954 praesulis,
953 909 1044 942 nobis

304 962 456 1007 exposito,
480 962 564 1006 quod
588 967 678 995 antea
703 963 787 1006 ipse,
811 962 864 1006 pio
888 967 918 995 et
942 961 1045 995 lauda-

303 1014 359 1048 bili
392 1019 457 1048 tam
487 1015 631 1048 ordinem
663 1014 910 1048 ecclesiasticum
949 1026 1063 1058 quani,¹

304 1078 372 1101 rem
395 1068 582 1101 litterariam
604 1068 635 1100 in
652 1068 776 1101 civitate
790 1072 818 1100 et
834 1067 970 1101 dioecesi
986 1068 1044 1101 Me-
1060 1086 1062 1095 ·

303 1120 476 1155 diolanensi
500 1121 648 1162 iuvandi,
673 1121 944 1165 promovendique
977 1122 1062 1154 zelo<

303 1178 334 1206 et
356 1173 470 1207 affectu
495 1173 618 1215 ductus,
636 1173 668 1206 in
684 1173 766 1207 dicta
786 1173 909 1208 civitate
927 1179 955 1207 et
973 1173 1042 1207 loco

301 1226 341 1260 ad
365 1226 397 1260 id
419 1227 587 1260 commodo
612 1233 642 1260 et
666 1232 844 1271 opportuno
865 1237 964 1260 unum
983 1227 1044 1260 col-

301 1279 419 1322 legium
433 1279 678 1313 ecclesiasticum
690 1279 855 1312 duodecim
865 1279 1041 1320 doctorum,

302 1343 438 1377 quorum
463 1338 599 1376 quatuor
623 1343 730 1366 sacme
754 1333 942 1376 theologiae,
969 1334 1042 1366 reli-

301 1386 355 1429 qui
376 1397 450 1419 vero
467 1386 536 1420 aliis
553 1387 751 1420 facultatibus
767 1393 797 1419 et
815 1387 952 1420 scientiis
970 1398 1042 1430 ope·
1058 1407 1060 1419 ι

300 1449 369 1472 ram
394 1439 469 1472 dare
494 1439 653 1480 deberent,
670 1450 705 1473 ac
722 1446 858 1484 quatuor
874 1446 1041 1484 propterea
1057 1464 1059 1489 «ἢ

301 1493 453 1527 laicorum
484 1494 667 1527 liberalibus
694 1494 867 1540 disciplinis
895 1495 1059 1545 exculto-4

300 1556 372 1579 rum
387 1573 394 1586 ‚
418 1556 475 1579 nec
499 1557 563 1580 non
588 1546 703 1579 ibidem
729 1547 767 1579 ad
792 1547 890 1591 ipsius
915 1547 1059 1590 collegii?

300 1609 392 1632 usum
417 1604 446 1632 et
471 1599 727 1632 commoditatem
752 1610 846 1632 unam
871 1600 1039 1634 bibliothe-

300 1662 369 1685 cam
381 1652 622 1686 Ambrosianam
636 1658 848 1697 nuncupatam
866 1654 985 1696 ingenti
995 1665 1039 1687 sa—

299 1715 427 1738 crorum
451 1711 480 1739 et
504 1706 721 1750 profanorum,
741 1717 776 1739 ac
793 1707 994 1750 antiquorum
1009 1712 1035 1739 et

298 1759 512 1792 recentiorum
536 1759 691 1793 librorum
716 1770 831 1802 magno
855 1760 929 1793 dicti
946 1760 1055 1807 Fede-¹

298 1811 355 1844 rici
380 1812 548 1849 cardinalis
572 1818 698 1856 sumptu
722 1813 860 1857 undique
884 1813 1038 1857 conquisi-

297 1869 403 1897 torum
423 1875 557 1899 numero
576 1866 772 1907 instructam,
788 1867 883 1900 certis
897 1867 990 1900 modo
1007 1871 1038 1900 et
1052 1905 1054 1913 s

298 1917 399 1950 forma
422 1923 495 1951 tunc
527 1919 693 1963 expressis,
717 1925 870 1964 perpetuo
895 1925 1034 1953 erexerat

298 1975 329 2003 et
353 1971 547 2012 instituerat,
568 1983 603 2005 ac
628 1973 667 2005 ad
690 1973 903 2006 defensionem
920 1978 948 2006 et
966 1984 1036 2007 con-

298 2024 507 2058 servationem
535 2030 598 2058 tam
625 2026 749 2069 collegii
774 2031 803 2059 et
826 2026 1034 2060 bibliothecae

298 2077 545 2121 praedictorum,
569 2089 663 2122 quam
687 2080 845 2113 bonorum
863 2080 900 2112 ad
915 2090 950 2113 ea
970 2091 1036 2124 spe-

298 2130 460 2170 ctantium,
485 2136 555 2164 octo
579 2138 827 2173 conservatores,
851 2133 930 2167 duos
954 2133 1035 2166 vide—

296 2183 370 2216 licet
393 2193 430 2216 ex
455 2184 593 2227 capitulo
618 2185 842 2218 canonicorum
862 2186 1035 2219 ordinario-

296 2246 369 2269 rum
393 2236 542 2269 ecclesiae
558 2237 746 2280 praedictae,
764 2243 793 2271 et
809 2238 888 2271 duos
904 2239 982 2272 alios
997 2249 1033 2272 ex

296 2289 419 2333 reliquo
443 2289 529 2323 clero
545 2290 678 2330 urbano,
698 2301 732 2323 ac
748 2292 962 2335 praepositum
975 2303 1033 2335 pro

296 2345 442 2386 tempore
453 2343 637 2376 existentem
646 2344 903 2387 Congregationis
913 2345 1034 2379 Oblato-

296 2406 378 2436 rum,
389 2396 465 2430 alias
481 2397 581 2430 sancti
602 2397 766 2441 Sepulchri
785 2398 1032 2440 Mediolanensis,

295 2460 354 2484 nec
376 2461 439 2484 non
463 2460 561 2484 unum
578 2461 615 2483 ex
632 2451 793 2493 sexaginta
809 2451 1033 2485 decurionibus

295 2503 420 2536 concilii
437 2503 593 2546 generalis
610 2503 710 2537 dictae
725 2504 868 2546 civitatis,
885 2515 921 2538 ac
934 2516 1031 2539 unum

295 2566 332 2589 ex
348 2555 613 2600 iurisperitorum,
630 2557 786 2601 reliquum
811 2568 885 2591 vero
902 2568 938 2592 ex
958 2559 1033 2604 phy-

330 2672 342 2698 1
364 2670 402 2698 Ex
422 2670 530 2707 Regest.
551 2672 578 2698 in
597 2671 700 2700 Secret.
722 2672 798 2700 BreV.

359 2724 438 2753 null.
458 2726 540 2754 Rom.
560 2741 595 2747 —
618 2726 677 2754 Vol.
697 2725 763 2754 XII.
943 2727 976 2755 26

1077 282 1096 304 v
1121 283 1167 306 rr.
1723 274 1781 307 ΞΜ

1085 329 1221 362 sicorum
1248 330 1405 372 collegiis¹
1427 330 1519 364 etiam
1542 330 1822 363 ltlediolancnsibus

1066 402 1068 414 t
1083 382 1298 419 assumendos.
1313 393 1346 415 ac
1364 383 1457 416 certis
1476 383 1568 415 modo
1586 388 1613 416 et
1630 384 1732 415 fornia
1750 389 1821 415 tum⁴

1083 445 1208 478 quoque
1234 436 1387 478 expressis
1418 436 1599 478 eligendos,
1629 436 1680 478 qui
1713 447 1821 468 curam

1083 487 1206 529 collegii
1225 493 1253 520 et
1274 488 1493 524 bibliothecae,
1507 501 1542 520 ac
1557 489 1711 521 honorum
1731 489 1769 521 ad
1786 500 1819 521 ea

1065 542 1113 574 fet
1137 550 1189 571 sex
1214 541 1423 583 cappellanias
1449 552 1508 573 non
1536 541 1695 574 collativas
1719 542 1756 573 ad
1782 542 1822 573 al-

1065 595 1066 599 ’
1083 596 1148 624 tare
1165 592 1272 624 beatae
1293 593 1406 625 Mariae
1424 594 1460 627 (lc
1478 595 1598 627 Arbore
1623 600 1821 638 nuncupatae

1064 653 1066 665 ¹
1082 644 1226 678 situatam
1242 645 1272 677 in
1287 645 1368 678 dicta
1387 647 1517 679 ccclesia
1539 658 1593 690 pm·
1608 647 1755 679 nunidem
1768 647 1821 679 Fc-

1082 697 1223 731 dericurn
1248 699 1436 732 cardinalem
1462 711 1520 743 pro
1545 700 1676 732 totidem
1701 701 1821 744 cappel-

1064 750 1160 784 llanis
1185 762 1221 783 cx
1245 761 1380 784 numero
1405 751 1570 785 doctorum
1596 752 1669 784 dicti
1695 752 1819 795 collegii

1081 803 1281 836 desumendis
1310 804 1452 837 fundatas
1478 809 1506 838 et
1531 805 1650 838 dotatas
1683 811 1821 848 spectan-

1080 913 1186 942 ccrent
1211 913 1238 943 et
1263 920 1375 943 curare
1392 910 1552 950 deberent,
1570 910 1771 943 constituerat
1790 916 1817 943 et

1079 960 1281 1004 deputaverat
1293 973 1300 1002 3

1122 1016 1137 1057 g
1162 1014 1190 1047 2.
1209 1015 1282 1055 Nos,
1298 1015 1372 1048 dicti
1396 1016 1537 1049 Federici
1562 1016 1728 1049 cardinalis
1745 1027 1818 1060 sup-

1077 1066 1298 1110 plicationibus
1322 1068 1413 1101 nobis
1429 1069 1590 1101 humiliter
1606 1069 1760 1112 porrectis
1777 1069 1819 1101 in-

1077 1183 1149 1205 nem
1174 1174 1298 1217 collegii
1323 1180 1353 1207 et
1376 1174 1596 1215 bibliothecae,
1621 1185 1655 1208 ac
1682 1175 1817 1219 desuper

1077 1226 1233 1260 consectas
1258 1227 1431 1271 scripturas
1446 1255 1453 1268 ,
1478 1228 1510 1260 in
1535 1228 1641 1271 eisque
1673 1233 1817 1261 contenta

1075 1338 1130 1365 tuo
1153 1334 1396 1377 approbavimus
1417 1340 1444 1367 et
1471 1335 1736 1376 confirmavimus,
1753 1346 1817 1368 om-

1075 1396 1193 1430 nesque
1217 1393 1247 1419 et
1272 1388 1412 1430 singulos
1437 1393 1499 1420 tam
1525 1388 1602 1421 iuris
1626 1400 1721 1432 quam
1744 1390 1815 1422 facti

1075 1439 1239 1479 desectus,
1271 1441 1295 1473 si
1321 1442 1374 1485 qui
1408 1442 1543 1485 desuper
1579 1443 1815 1485 quomodolibet

1057 1493 1315 1527 -intervenissent
1351 1496 1603 1539 supplevimus&
1629 1502 1656 1529 et
1683 1497 1814 1530 subinde

1074 1557 1243 1580 numerum
1267 1548 1424 1581 dictorum
1450 1554 1585 1592 quatuor
1612 1550 1765 1583 laicorum
1783 1552 1813 1583 in

1056 1599 1058 1624 l
1072 1600 1233 1643 praedicto
1257 1602 1401 1644 collegio,
1426 1607 1460 1634 ut
1484 1603 1671 1646 praefertur,
1696 1603 1814 1636 adscri-

1072 1658 1210 1696 ptorum,
1228 1654 1266 1686 ad
1292 1654 1370 1687 duos
1394 1655 1490 1688 laicos
1515 1661 1635 1689 tantum
1659 1662 1813 1700 perpetuo

1055 1719 1056 1729 2
1072 1706 1266 1747 reduximus,
1282 1718 1450 1740 numerum
1475 1719 1550 1741 vero
1568 1709 1724 1742 dictorum
1742 1715 1812 1742 octo

1054 1757 1330 1793 ³conservatorum
1355 1761 1385 1793 in
1410 1761 1533 1794 duobus
1558 1762 1646 1803 aliis,
1676 1773 1810 1805 quorum

1071 1812 1150 1844 alter
1174 1822 1211 1845 ex
1236 1813 1372 1856 capituli,
1398 1815 1476 1846 alter
1497 1824 1571 1847 vero
1597 1825 1631 1847 ex
1658 1815 1733 1847 cleri
1759 1827 1812 1848 ur-

1053 1865 1142 1903 ¹bani
1166 1866 1318 1909 praedicti
1343 1867 1465 1909 gremio
1491 1868 1563 1910 eligi
1584 1873 1612 1900 et
1631 1869 1745 1901 assumi
1763 1869 1812 1901 de-

1053 1919 1191 1959 berent,
1212 1920 1356 1953 auximus
1381 1925 1408 1953 et
1434 1920 1672 1964 ampliavimus:
1702 1933 1810 1955 curam

1070 1979 1185 2013 autem,
1202 1974 1403 2017 gubernium,
1428 1976 1588 2018 regimen,
1607 1980 1634 2007 et
1660 1976 1810 2008 adminis-

1068 2027 1237 2059 trationem
1262 2032 1323 2059 tam
1349 2027 1423 2060 dicti
1447 2028 1582 2071 collegii,
1608 2039 1702 2071 quam
1727 2029 1810 2061 illius

1068 2080 1333 2124 cappellaniarum
1365 2081 1599 2124 praedictarum
1630 2081 1808 2121 bonorum,

1067 2134 1238 2174 fructuum,
1264 2133 1455 2173 reddituum,
1481 2134 1620 2173 iurium,
1646 2135 1808 2168 obventio-

1067 2237 1130 2272 tam
1154 2240 1368 2284 praesentium
1393 2252 1487 2285 quam
1512 2242 1707 2282 futurorum,
1733 2243 1807 2275 solis

1067 2304 1104 2326 ex
1127 2294 1218 2326 dictis
1235 2294 1518 2334 conservatoribus,
1536 2295 1589 2338 qui
1607 2295 1806 2328 ecclesiastici

1067 2347 1186 2380 ordinis
1222 2353 1325 2380 essent
1357 2347 1509 2391 privative
1546 2347 1649 2391 quoad
1685 2353 1806 2381 ceteros

1067 2405 1305 2434 conservatores
1325 2400 1395 2433 laici
1411 2400 1530 2433 ordinis
1549 2400 1604 2442 (ita
1620 2401 1705 2444 quod
1722 2401 1806 2434 dein-

1067 2463 1139 2496 ceps
1162 2453 1404 2497 inperpetuum
1422 2464 1498 2486 cura
1522 2458 1549 2486 et
1575 2453 1805 2487 administratio

1099 2543 1113 2569 1
1134 2542 1177 2569 Sic
1202 2543 1319 2578 legimus
1341 2543 1400 2570 loco
1418 2544 1530 2578 colleyii
1554 2543 1627 2579 quod
1650 2545 1751 2579 legitur
1777 2545 1803 2571 in

1065 2586 1130 2614 edit.
1143 2586 1223 2614 Μαίη.
1240 2587 1277 2622 (a.
1288 2590 1335 2620 T.).

1098 2632 1116 2659 2
1134 2632 1202 2659 Vide
1212 2632 1280 2659 duas
1292 2632 1366 2659 Pauli
1378 2633 1394 2659 V
1407 2633 1497 2661 Const.
1510 2633 1536 2660 iu
1548 2636 1612 2661 tom.
1626 2641 1662 2669 xi,
1676 2642 1738 2670 pag.
1751 2634 1804 2662 279

1065 2679 1091 2704 et
1105 2677 1152 2704 5¹1
1171 2683 1228 2712 seq.
1244 2676 1282 2710 (a.
1294 2675 1342 2711 L).

1081 855 1169 896 tium,
1195 862 1353 899 gererent,
1378 862 1404 889 et
1432 857 1490 889 alia
1515 862 1587 889 tunc
1614 868 1761 901 expressa
1781 859 1821 890 sa-

1078 1119 1192 1161 clinati,
1217 1121 1357 1165 primum
1382 1121 1574 1155 erectionem
1600 1127 1630 1154 et
1654 1122 1819 1155 institutio-

1059 1303 1061 1318 ,
1077 1290 1303 1324 quaecumque,
1317 1280 1501 1313 auctoritate
1518 1281 1689 1324 apostolica
1709 1292 1818 1325 perpe-

1836 284 1882 310 An.
1901 284 1928 309 C.
1952 284 2020 310 1613

1861 1029 2017 1050 Confirmatum-

1833 1061 1874 1082 que
1897 1056 2016 1085 apostoliea

1833 1084 1960 1103 auctoritaie
1970 1087 2017 1103 cum

1833 1108 1914 1134 legibus
1929 1114 1941 1128 a
1960 1108 2018 1129 dicto

1833 1134 2017 1161 cardinalisanci-

1832 1165 1867 1184 11:⁴-

1067 2196 1157 2225 num,
1185 2191 1214 2219 et
1238 2187 1499 2230 pertinentiarum
1524 2198 1807 2232 quorumcumque,
1843 2208 1849 2211 -
