2293 3231
273 271 323 297 Αη,
338 270 364 295 c,
391 268 457 296 ¹612
503 259 568 292 ⁴th

473 369 519 402 vel
544 369 701 414 querelae,
716 368 768 401 ulii
794 373 943 411 sequutus
967 366 1059 399 suerit
1085 376 1213 410 proces-

472 433 525 456 sus
543 423 589 455 rel
608 432 736 455 examen
761 420 910 464 inquisiti,
932 430 994 453 non
1021 424 1124 452 tamen
1142 429 1215 452 con-

472 475 640 511 demnatio.
656 476 686 507 in
711 474 834 508 casibus
859 472 1038 517 permissis,
1056 472 1122 505 iulii
1140 471 1212 505 duo.

516 528 567 561 95.
595 529 654 561 l‘ro
671 527 844 560 cassatione
875 526 986 559 similis
1003 525 1214 558 fideiussionis

472 582 519 615 vel
537 581 737 624 obligationis
755 580 786 612 in
804 582 896 613 causa
913 580 1012 623 gravi,
1025 584 1053 612 et
1071 590 1131 624 pro
1148 589 1215 624 per-

472 637 548 667 sona
566 634 689 673 illustri,
705 633 884 666 attendattu·
899 633 1100 677 importantia
1117 632 1214 676 ipsius

472 697 583 720 causac
607 692 634 719 ct
661 696 816 730 personae
851 686 1035 730 inquisitae,
1061 689 1089 720 et
1115 690 1215 719 stetur

472 740 603 773 arbitrio
626 740 754 780 iudicis,
779 740 839 773 nisi
868 746 973 784 partes
997 740 1111 773 suerint
1133 740 1215 772 inter

473 804 505 827 se
530 794 713 827 concordes.

517 847 568 880 96,
592 847 652 881 Pro
677 847 850 881 cassatione
875 857 1043 892 processus
1066 846 1095 879 in
1122 818 1233 879 ῡῑιιιείι1

473 901 607 944 capitali,
633 905 755 935 scutum
781 911 890 941 unum,
915 906 942 934 ct
969 901 993 933 si
1020 900 1133 933 suerint
1151 899 1216 944 plu-

474 964 534 994 res,
559 954 692 987 arbitrio
716 954 837 987 iudicis.

518 1007 569 1042 97.
595 1007 625 1041 Si
651 1008 682 1040 in
707 1010 800 1041 causa
824 1007 951 1047 minori,
976 1007 1008 1040 iu
1033 1017 1094 1051 qua
1111 1012 1215 1039 tamen

474 1062 593 1095 veniret
619 1062 809 1107 imponenda
841 1071 941 1106 poena
973 1061 1117 1105 corporis
1141 1060 1218 1094 affii-

475 1115 564 1155 clim,
589 1115 747 1149 bononcni
773 1120 903 1159 septum
907 1114 1120 1158 intaquinque,
1142 1115 1169 1146 ct
1191 1113 1235 1155 sil

477 1168 592 1202 suerint
618 1169 733 1213 plures,
758 1169 891 1201 aiffbiuio
916 1168 1038 1201 iudicis.
1232 1159 1235 1208 l

514 1220 565 1255 98.
574 1221 613 1254 Pi
615 1232 656 1255 oc
660 1232 717 1255 ass¹
711 1222 814 1255 itione
828 1232 867 1265 pi
869 1232 996 1255 ocessus
1010 1221 1040 1253 in
1054 1221 1109 1254 aliz*
1105 1233 1112 1253 ι
1124 1222 1234 1254 causa'

473 1284 537 1308 non
561 1275 696 1319 capitali,
722 1281 749 1308 ct
776 1275 805 1307 in
827 1286 888 1318 qua
905 1285 967 1308 non
985 1274 1102 1308 ieniict
1120 1275 1217 1318 impo-

474 1327 576 1361 nenda
593 1338 694 1372 poena
711 1328 855 1372 corporis
875 1328 1031 1368 amicum,
1048 1328 1113 1361 iulii
1130 1327 1218 1372 quin-

474 1392 546 1426 que,
571 1386 598 1414 ct
625 1381 649 1414 si
668 1382 783 1415 suerint
811 1382 928 1425 plures,
945 1381 1077 1415 arbitrio
1095 1381 1215 1414 iudicis.

518 1435 570 1469 99.
597 1436 657 1470 Pro
682 1436 855 1469 cassatione
880 1446 1047 1480 processus
1069 1435 1100 1468 in
1125 1437 1218 1468 causa

475 1489 562 1533 gravi
577 1494 607 1522 et
624 1491 760 1534 persona
775 1489 898 1529 illustri,
912 1489 1089 1522 attendatur
1104 1488 1219 1532 impor-

477 1542 573 1575 tantia
598 1553 708 1576 eausae
734 1548 761 1575 et
789 1552 964 1587 personae,
991 1547 1018 1574 et
1044 1546 1143 1574 stetur
1169 1551 1218 1574 ar-

477 1594 573 1628 bitrio
599 1595 720 1637 iudicis,
746 1601 777 1628 ut
803 1606 908 1639 supra.

521 1647 594 1681 lOO.
614 1648 672 1681 Pro
687 1648 896 1682 instrumento
913 1648 1085 1681 sententiae
1102 1647 1134 1680 in
1151 1657 1220 1681 cau-

476 1703 510 1734 sa
533 1701 667 1746 capitali,
693 1707 779 1735 scuta
803 1702 875 1735 duo.

521 1754 594 1788 101.
621 1755 682 1788 Pro
706 1755 800 1788 simili
826 1755 1036 1789 instrumento
1061 1755 1092 1788 in
1115 1756 1219 1796 eausa,

478 1808 509 1841 in
533 1818 594 1852 qua
619 1813 724 1841 tamen
749 1809 869 1842 reniret
901 1808 1092 1853 imponenda
1120 1818 1221 1852 poena

478 1862 621 1906 corporis
645 1861 801 1902 amic-tiva,
827 1867 950 1896 scutum
974 1872 1071 1896 unum
1089 1873 1162 1895 cum
1179 1861 1222 1894 di-

478 1916 586 1949 midio.

523 1969 596 2002 1022.
630 1969 691 2003 Pro
716 1969 809 2003 simili
835 1970 1045 2003 instrumento
1071 1969 1102 2002 in
1127 1970 1220 2002 causa

480 2022 606 2063 minori,
631 2028 754 2056 scutum
781 2033 887 2056 unum.

526 2075 599 2109 103.
625 2075 685 2109 Pro
709 2075 918 2109 instrumento
936 2076 1108 2109 sententiae
1124 2075 1223 2108 decla-

481 2128 616 2163 ratoriae
640 2129 856 2170 absolutionis,
875 2130 922 2162 vel
939 2129 1056 2162 decreti
1079 2128 1223 2161 habentis

483 2182 545 2215 vim
571 2182 682 2215 similis
707 2182 888 2223 sententiae,
915 2182 981 2215 iulii
1006 2182 1154 2226 quinque.

526 2236 600 2270 1104.
636 2236 696 2270 Pro
720 2236 918 2280 susceptione
943 2246 1150 2270 censurarum
1177 2235 1222 2268 rel

483 2289 608 2323 termini
635 2290 664 2322 in
690 2290 816 2330 iudicio,
841 2289 998 2322 bononeni
1023 2289 1171 2333 quinque.

527 2342 600 2376 105.
619 2343 679 2376 Pro
696 2344 757 2376 side
774 2342 938 2376 cuiuslibet
957 2348 1043 2375 actus
1061 2341 1224 2382 iudicialis,

484 2396 578 2430 iulius
602 2407 692 2429 unus.

527 2449 601 2483 106.
628 2449 688 2483 Pro
712 2449 773 2482 tide
797 2449 914 2482 decreti
930 2448 1046 2489 visitac,
1065 2449 1094 2481 in
1113 2449 1162 2481 dic
1179 2448 1224 2481 vi-

484 2502 571 2544 sitac,
595 2503 683 2543 niliil;
705 2508 790 2537 extra
814 2502 897 2536 diem
923 2503 1041 2544 visitac,
1066 2502 1224 2536 bouoncni

485 2555 632 2599 quinque.

530 2609 603 2643 107.
628 2610 687 2642 l‘ro
705 2610 808 2652 rogita
826 2621 979 2654 procui-ac
998 2610 1027 2643 in
1045 2609 1158 2651 officio,
1174 2609 1227 2643 bo-

488 2672 601 2696 nonem
626 2672 772 2706 qumque:

1055 265 1238 292 BULLARIUM
1257 264 1411 290 aommm

516 316 567 349 ut.
594 316 654 350 Pro
672 320 844 349 cassatione
870 314 980 347 similis
1000 313 1210 346 fideiussionis
1228 316 1231 323 '

1294 311 1364 345 108.
1385 311 1415 345 Si
1441 317 1529 344 extra
1553 310 1708 352 officium,
1733 310 1826 344 iulius
1850 318 1941 343 unus.

1292 363 1364 398 109.
1399 364 1459 398 Pro
1483 363 1629 408 expensis
1653 361 1932 398 contumacialihus
1955 361 1987 395 in

1247 419 1341 450 causa
1367 416 1492 462 capitali
1520 416 1699 456 ordinaria,
1724 416 1756 449 in
1779 426 1841 460 qua
1864 425 1989 460 praece—

1247 470 1394 504 dentibus
1418 469 1542 503 indiciis
1567 480 1640 503 reus
1664 469 1757 503 suerit
1777 469 1934 510 monitus,
1959 472 1988 502 et

1248 524 1279 556 in
1303 523 1532 558 contumaciam
1559 523 1794 563 condemnatus,
1818 526 1941 557 scutum
1957 533 1990 555 u-

1247 588 1334 619 uum,
1349 588 1421 611 cum
1434 576 1575 617 dimidio,
1593 580 1621 611 et
1635 576 1712 610 nihil
1733 576 1866 610 ulterius
1879 586 1896 609 a
1911 576 1989 610 [isco

1247 632 1295 665 vel
1321 632 1382 665 alio
1406 631 1589 675 recipiatur.

1296 684 1365 718 110.
1391 684 1422 717 Si
1447 684 1478 717 in
1503 685 1596 717 causa
1620 693 1683 718 non
1707 683 1848 728 capitali,
1872 683 1905 717 iu
1928 693 1990 728 qua

1248 744 1351 771 tamen
1365 737 1460 772 modo
1473 737 1649 782 praemisso
1663 747 1737 771 reus
1750 737 1835 771 sitin
1853 747 1990 782 poenam

1249 792 1392 837 corporis
1416 792 1594 825 affiictivam
1612 791 1850 832 condemnatus,
1867 795 1989 824 scutum

1248 857 1357 887 unum,
1374 852 1402 879 et
1421 845 1498 878 niliil
1516 845 1609 885 ultra,
1626 851 1659 878 ut
1675 855 1779 889 supra.

1299 900 1366 934 tlt.
1397 900 1428 933 Si
1454 900 1484 933 in
1509 900 1570 933 alia
1595 900 1710 934 minori
1734 900 1850 941 causa,
1875 899 1906 932 in
1930 908 1992 943 qua

1248 954 1360 988 eodem
1384 954 1479 988 modo
1503 964 1576 987 reus
1600 953 1640 987 sit
1656 958 1777 987 tantum
1802 953 1834 986 in
1857 962 1992 997 poenam

1247 1007 1462 1051 pecuniariam
1487 1007 1724 1048 condemnatus,
1750 1006 1816 1040 iulii
1841 1005 1992 1050 quinque,

1249 1065 1278 1093 et
1303 1060 1380 1094 nihil
1405 1061 1497 1102 ultra,
1514 1065 1547 1094 ut
1572 1071 1678 1105 supra.

1294 1113 1368 1146 ΗΞ.
1394 1114 1454 1148 Pro
1479 1113 1634 1147 similibus
1658 1112 1804 1158 expensis
1828 1117 1992 1147 contuma-

1251 1167 1382 1201 cialibus
1397 1167 1426 1200 in
1441 1169 1534 1201 causa
1551 1167 1769 1201 commissarii}
1783 1167 1815 1200 in
1829 1166 1933 1211 primo
1947 1176 1994 1200 ea-

1250 1221 1323 1265 pite,
1349 1226 1382 1254 ut
1407 1232 1513 1266 supra,
1531 1226 1619 1254 scuta
1637 1220 1699 1254 duo
1717 1230 1788 1254 cum
1805 1219 1946 1261 dimidio,
1964 1224 1994 1252 et

1250 1275 1327 1308 nihil
1352 1275 1452 1316 ultra,
1478 1280 1509 1307 ut
1537 1284 1643 1318 supra;

1295 1327 1368 1361 1113.
1395 1327 1427 1361 Si
1453 1327 1483 1359 in
1508 1326 1658 1367 secundo,
1671 1331 1760 1359 scuta
1779 1325 1852 1367 duo,
1869 1329 1899 1358 et
1915 1324 1994 1358 nihil

1251 1381 1343 1422 ultra,
1368 1385 1402 1415 ut
1425 1391 1540 1425 supra;

1302 1434 1369 1467 ttsr.
1396 1433 1426 1467 Si
1454 1434 1484 1467 in
1509 1433 1602 1467 tertio
1627 1433 1739 1478 capite,
1757 1437 1880 1466 scutum
1898 1441 1995 1465 unum

1252 1499 1323 1521 cum
1349 1487 1490 1529 dimidio,
1515 1492 1546 1521 et
1569 1487 1647 1520 nihil
1671 1487 1764 1529 ultra,
1782 1493 1815 1520 ut
1839 1496 1946 1531 supra.

1297 1541 1370 1575 1115.
1397 1541 1427 1575 Si
1454 1551 1528 1574 vcro
1552 1540 1734 1574 huiusmodi
1760 1550 1914 1585 expensae
1930 1539 1997 1574 sue-

1252 1595 1316 1627 rint
1341 1595 1372 1627 in
1397 1595 1491 1628 causa
1508 1594 1616 1637 gravi,
1642 1594 1689 1627 vel
1720 1603 1780 1638 pro
1804 1593 1941 1637 persona
1965 1591 1998 1624 il-

1253 1647 1358 1687 lustri,
1371 1647 1514 1690 cxigatur
1530 1646 1614 1681 iuxta
1631 1645 1866 1690 importantiam
1885 1654 1997 1678 causae

1253 1706 1280 1733 et
1307 1700 1489 1744 qualitatem
1515 1710 1682 1744 personae,
1695 1699 1827 1734 arbitrio
1852 1698 1973 1732 iudicis.

1298 1754 1312 1786 ‘l
1322 1754 1372 1788 016.
1399 1754 1458 1787 Pro
1483 1753 1646 1798 quibusvis
1670 1753 1740 1786 aliis
1764 1751 1998 1792 instrumentis,

1253 1807 1505 1852 expeditionibus
1524 1812 1554 1840 et
1571 1806 1750 1851 scripturis,
1766 1816 1902 1851 quarum
1918 1815 1998 1839 mer-

1254 1871 1305 1894 ces
1331 1860 1361 1893 in
1386 1860 1544 1904 praesenti
1569 1866 1640 1893 taxa
1663 1870 1726 1894 non
1751 1859 1949 1904 exprimitur,
1967 1862 1998 1892 et

1255 1915 1348 1947 etiam
1374 1915 1404 1947 in
1430 1914 1635 1959 praeinsertis
1658 1913 1690 1947 in
1714 1913 1829 1958 quibus
1852 1911 1999 1946 videlicet

1255 1968 1470 2001 controversia
1489 1968 1569 2001 inter
1588 1967 1759 2008 notarium,
1779 1971 1808 2001 et
1825 1971 1948 2010 partem
1966 1975 1998 1998 ο-

1255 2022 1310 2055 riri
1338 2022 1516 2065 contigerit,
1537 2026 1635 2056 stetur
1650 2021 1783 2055 arbitrio
1799 2019 1921 2062 iudicis,
1938 2018 1998 2052 nisi

1255 2075 1346 2108 aliter
1366 2086 1423 2119 per
1447 2074 1704 2108 reformationem
1720 2073 1842 2108 Sanctis
1906 2072 1915 2106 i
1937 2072 2000 2106 sue-

1256 2128 1294 2161 rit
1321 2129 1495 2173 provisum‚
1520 2134 1549 2161 et
1575 2127 1665 2161 iudex
1688 2137 1746 2172 per
1770 2137 1803 2161 se
1820 2130 1999 2171 cognoscat,

1256 2185 1285 2216 ct
1310 2182 1348 2215 ad
1373 2182 1512 2215 notarios
1536 2191 1598 2215 non
1623 2181 1769 2214 remittat.

1302 2235 1374 2268 1217.
1401 2235 1434 2268 ln
1458 2235 1605 2268 omnibus
1629 2234 1753 2268 casibus
1774 2231 1944 2278 praedictis
1968 2236 1998 2265 et

1257 2289 1325 2321 aliis
1338 2288 1574 2332 quomodolibet
1588 2287 1842 2331 contingentibus
1853 2296 1912 2330 pro
1926 2295 2002 2329 pau-

1259 2352 1333 2385 pere
1358 2341 1434 2374 niliil
1460 2341 1584 2385 penitus
1609 2340 1791 2386 recipiatur,
1815 2344 1845 2373 et
1868 2338 1906 2372 de
1924 2348 2000 2383 pau-

1258 2400 1379 2438 pertate
1397 2400 1495 2429 stetur
1508 2393 1650 2428 relationi
1665 2392 1782 2427 domini
1797 2392 1937 2426 advocati
1951 2391 2000 2425 rel

1258 2449 1475 2493 procuratoris
1498 2458 1682 2493 pauperum,
1706 2452 1747 2486 et,
1761 2445 1814 2480 ubi
1839 2456 1919 2490 opus
1936 2445 2000 2479 sue-

1240 2502 1315 2541 irit,
1339 2503 1409 2536 loeo
1433 2501 1543 2546 copiae
1575 2500 1764 2534 indiciorum
1790 2499 1837 2532 vel
1863 2498 2002 2540 iurium5

1259 2555 1463 2589 ostendantur
1485 2553 1650 2598 originalia
1674 2553 1734 2598 ipsi
1759 2552 1888 2586 domino
1909 2551 2000 2586 advo-

1259 2614 1328 2643 cato
1353 2609 1399 2642 vel
1425 2607 1624 2653 procuratori
1645 2607 1802 2641 dictorum
1822 2615 1998 2651 pauperum

1260 2662 1366 2706 gratis.

2005 260 2097 290 Amc.
2118 261 2203 298 ¹612?-
2248 241 2251 247 Ι
2291 270 2293 278 2
