2293 3231
30 831 35 840 -
29 804 37 811 v
27 713 34 780 .-—--
27 627 37 690 ’.ψ-
26 572 34 589 η.
27 511 32 531 .-

29 907 36 960 --.-.
31 866 33 873 .

106 292 195 319 Αη.(“..
219 291 286 318 1613

130 671 249 693 clausulae.

128 1409 285 1435 Exequutorum

102 1436 218 1462 deputatio.

946 290 982 314 m
987 289 1063 314 t‘tit's
1089 290 1107 312 V
1133 290 1179 313 ΓΡ.

303 340 332 372 in
350 338 468 372 dictum
486 338 654 381 collegium
669 349 722 371 seu
736 338 950 375 seminarium,
964 339 1041 370 eius-

301 402 361 435 que
379 396 544 431 rectorem,
561 392 750 431 ministrum,
768 392 936 429 scholares,
954 391 1041 422 alias-

301 455 362 488 que
393 455 564 488 personas,
593 445 673 477 bona
705 449 731 476 et
763 454 812 476 res
843 443 1039 482 huiusmodi,

302 497 559 537 iurisdictionem,
585 497 830 537 correctionem,
856 501 1039 539 potestatem

301 555 330 582 et
355 550 607 594 superioritatem
634 551 750 583 babere
770 555 798 581 et
823 559 969 581 exercere
987 548 1040 580 mi-

302 604 385 636 nime
409 604 536 647 possint.

345 657 360 699 ἓ
373 656 402 689 ⁶2.
418 657 626 689 Decernentcs
639 661 818 700 praesentes
830 656 948 688 litteras
963 666 1041 687 sem-

301 720 357 752 per
374 714 404 742 et
420 715 573 754 perpetuo
590 710 717 749 validas,
735 710 843 741 firmas
857 713 884 741 et
900 708 1041 741 efficaces

301 763 434 796 existere
465 768 495 795 et
527 764 613 803 sore,
638 773 694 795 nee
720 772 782 795 non
806 762 938 804 collegio
953 788 960 801 ‚
985 772 1039 793 seu

301 815 486 851 seminario,
512 820 541 847 et
565 815 633 848 aliis
657 814 823 858 praedictis
844 815 874 846 in
894 814 1040 846 omnibus

300 873 330 900 et
354 879 410 911 per
433 869 539 901 onmia
562 868 743 912 plenissime
768 867 951 910 suss'1·agari;
980 867 1040 899 sir-

300 931 360 964 que
384 931 441 964 per
465 931 681 965 quoscumque
712 921 830 953 iudices
863 920 1039 953 ordinarios

300 979 329 1006 et
354 975 522 1017 delegatos,
547 975 641 1007 etiam
663 985 828 1007 causarum
845 974 949 1017 palatii
967 984 1040 1016 apo-

301 1027 401 1060 stolici
431 1027 608 1067 auditores,
637 1027 759 1059 sublata
791 1027 836 1059 eis
867 1031 893 1058 et
928 1037 1038 1059 eorum

300 1080 428 1113 cuilibet
451 1072 559 1124 qualis
583 1081 674 1113 aliter
697 1080 852 1113 iudicandi
887 1086 914 1112 et
948 1080 1040 1112 inter-

300 1134 441 1178 pretandi
466 1135 610 1167 facultate
634 1139 663 1167 et
688 1134 882 1172 auctoritate,
909 1134 1038 1166 iudicari

300 1192 329 1219 et
364 1187 488 1220 definiri
519 1187 633 1220 debere
653 1215 659 1225 ,
684 1198 719 1220 ae
744 1188 869 1220 irritum
895 1192 924 1219 et
948 1188 1038 1219 inane

299 1240 451 1284 quidquid
481 1252 571 1273 secus
602 1252 696 1285 super
732 1241 780 1273 liis
812 1252 829 1273 a
861 1252 1038 1285 quoquam,

299 1295 407 1337 quavis
423 1295 618 1335 auctoritate,
632 1295 765 1328 scienter
784 1296 829 1327 vel
848 1295 1039 1336 ignoranter,

300 1347 466 1389 eontigerit
491 1349 644 1381 attentari.

344 1403 359 1441 ,ξ
382 1400 412 1434 3.
436 1401 587 1440 Quocirca
612 1401 788 1441 iudicibus,
814 1412 847 1433 ac
882 1413 938 1444 pro
964 1408 1040 1434 tte-fm-

299 1464 376 1497 pore
393 1454 535 1487 existenti
553 1454 722 1497 protectori
741 1454 814 1487 dicti
833 1455 967 1497 collegii,
985 1466 1038 1487 seu

300 1507 470 1548 seminarii,
489 1507 632 1539 similiter
646 1519 703 1551 pro
721 1513 861 1551 tempore
882 1509 1040 1541 nominan-

299 1560 346 1593 dis
370 1572 426 1604 per
451 1566 630 1604 praesentes
652 1561 877 1594 committimus
903 1567 930 1593 et
957 1573 1039 1594 inan-

299 1612 420 1651 damus,
445 1619 598 1657 quatenus
623 1614 691 1657 ipsi,
717 1615 764 1647 vel
789 1614 865 1652 duo,
884 1620 932 1647 aut
960 1626 1040 1647 unus

300 1676 409 1699 eorum
434 1677 490 1710 per
515 1678 557 1704 se,
583 1667 628 1699 vel
655 1667 760 1705 alium,
778 1678 831 1699 seu
849 1668 935 1705 alios,
954 1679 1040 1711 prae-

299 1724 402 1753 sentes
419 1720 537 1753 litteras
554 1725 583 1753 et
601 1721 630 1752 in
649 1721 694 1753 eis
710 1726 853 1753 contenta
875 1732 1041 1764 quaecum—

299 1783 370 1817 que,
384 1773 436 1805 ubi
453 1778 482 1805 et
499 1774 623 1817 quando
641 1785 720 1817 opus
736 1774 844 1813 suerit,
862 1780 901 1813 et,
918 1775 1040 1818 quoties

299 1838 358 1871 pro
382 1832 469 1871 parte
487 1828 618 1861 rectoris
639 1832 665 1859 et
688 1827 897 1870 collegialium
916 1839 950 1860 ae
969 1828 1041 1861 alio-

301 1891 371 1913 rum
397 1881 645 1923 praedictorum,
671 1891 725 1913 seu
755 1881 887 1914 alieuius
912 1892 1039 1921 eorum,

301 1933 416 1966 suerint
440 1934 598 1977 requisiti,
624 1935 806 1967 solemniter
829 1935 1039 1978 publicantes,

302 1987 425 2030 illisque
449 1988 480 2019 in
505 1987 686 2030 praemissis
703 1988 836 2020 efficacis
853 1988 1041 2022 defensionis

301 2038 457 2081 praesidio
489 2040 687 2078 assistentes,
712 2039 826 2071 faciant
856 2040 1040 2073 auctoritate

301 2089 409 2124 nostra
432 2096 587 2123 rectorem
619 2096 648 2123 et
673 2092 849 2134 collegiales
864 2119 871 2132 ‚
901 2093 1040 2138 aliosque

303 2143 490 2186 praedictos,
511 2144 693 2176 earumdem
718 2146 939 2187 praesentium,
957 2156 992 2178 ac
1009 2147 1040 2178 in

301 2196 347 2229 eis
371 2200 589 2230 contentorum
621 2206 903 2241 quorumcumque,
928 2209 987 2231 usu
1011 2204 1038 2231 et

301 2249 468 2283 commodo
493 2259 527 2282 ae
552 2249 663 2282 effectu
685 2250 815 2292 pacifice
839 2251 899 2283 frui
920 2256 950 2284 et
969 2263 1041 2294 gan-

301 2302 392 2343 dere;
416 2313 479 2336 non
504 2303 734 2347 permittentes,
767 2303 835 2336 illos
864 2304 1000 2348 desuper
1023 2316 1040 2338 a

301 2363 459 2398 quoquam
476 2354 585 2398 quavis
601 2354 785 2387 auctoritate
804 2355 1041 2398 quomodolibet

301 2407 439 2440 indebite
463 2408 640 2447 molestari;
662 2408 908 2441 contradictores
927 2410 1041 2452 quosli-

301 2460 353 2493 bet
385 2465 415 2493 et
443 2460 576 2494 rebelles
606 2472 663 2504 per
694 2471 842 2494 censuras
871 2466 900 2493 et
923 2472 1040 2504 poenas

302 2514 536 2555 ecclesiasticas,
561 2515 682 2558 aliaque
710 2520 886 2558 opportuna
910 2515 987 2548 iuris
1011 2520 1041 2549 et

302 2567 372 2600 facti
389 2568 537 2607 remedia,
550 2568 757 2611 appellatione
773 2569 941 2612 posposita,
959 2580 1041 2602 coni-

302 2620 466 2664 peseendo‚
492 2620 633 2654 invocato
657 2622 750 2654 etiam
775 2622 813 2654 ad
830 2622 899 2661 hoc,
920 2622 944 2654 si
962 2632 1041 2665 opus

303 2672 418 2714 fuerit,
443 2674 557 2708 auxilio
581 2674 700 2708 brachii
726 2675 883 2708 ,ez-culatis.

1121 337 1187 381 gli.
1218 336 1284 369 Non
1316 335 1511 368 obstantibus
1542 334 1638 367 felicis
1670 335 1816 367 recorda-

1076 390 1169 421 tionis
1193 389 1344 421 Bonisacii
1365 389 1463 431 Papae
1483 387 1544 420 l'lll
1566 387 1817 431 praedecessoris

1075 443 1172 475 nostri
1190 443 1228 475 de
1247 445 1318 479 una,
1333 448 1360 474 et
1379 442 1501 475 concilii
1519 441 1674 484 generalis
1689 441 1727 473 de
1744 440 1818 472 dua·
1844 457 2016 487 Μωμῑωωυ.

1831 487 1951 505 lustinum.

1076 496 1133 527 bus
1164 495 1274 534 dietis,
1307 495 1479 528 dummodo
1511 495 1592 526 ultra
1623 499 1687 527 tres
1718 493 1817 526 dietas

1075 549 1187 591 alispiis
1203 549 1240 580 ad
1258 548 1406 581 indicium
1432 559 1494 581 non
1519 549 1676 589 trabatur,
1694 559 1729 581 ac
1746 558 1818 591 apo-

1075 601 1202 640 stolicis,
1221 612 1276 634 nee
1295 611 1355 635 non
1375 602 1404 633 in
1422 601 1676 645 provincialibus,
1694 601 1818 634 univer-

1075 655 1263 698 salibusque,
1284 660 1313 687 et
1331 655 1531 699 synodalibus
1552 655 1693 688 conciliis
1710 654 1815 694 editis,

1074 708 1274 750 generalibus
1299 709 1345 740 vel
1370 708 1557 751 specialibus
1589 708 1817 741 constitutioni-

1074 761 1132 793 bus
1155 767 1185 793 et
1209 761 1477 800 ordinationibus,
1498 771 1554 793 nee
1576 771 1637 794 non
1654 761 1815 804 quibusvis

1074 814 1197 846 statutis
1228 819 1255 846 et
1290 814 1569 846 consuetudinibus
1600 814 1705 852 (etiam
1732 814 1815 846 iura-

1075 873 1197 908 mento,
1222 867 1460 900 confirmatione
1479 867 1660 910 apostoliea,
1676 868 1724 900 vel
1744 877 1817 910 qua·

1074 921 1119 952 vis
1151 921 1298 953 firmitate
1331 921 1391 953 alia
1419 920 1611 963 roboratis),
1643 920 1815 963 privilegiis

1074 984 1213 1017 quoque,
1239 974 1366 1005 indultis
1391 979 1419 1005 et
1445 973 1557 1005 litteris
1573 973 1763 1016 apostolicis,
1785 973 1815 1005 in

1074 1027 1267 1059 eontrarium
1298 1026 1546 1070 praemissorum
1579 1025 1815 1069 quomodolibet

1074 1080 1241 1116 concessis,
1267 1080 1461 1112 confirmatis
1486 1084 1513 1111 et
1539 1079 1729 1122 approbatis.
1747 1078 1816 1117 Oui-

1073 1133 1131 1165 bus
1156 1133 1302 1165 omnibus
1327 1138 1354 1165 et
1381 1133 1521 1174 singulis,
1539 1143 1649 1165 eorum
1674 1132 1813 1164 omnium

1074 1191 1198 1219 tenores
1230 1187 1447 1230 praesentibus
1477 1197 1534 1229 pro
1559 1187 1649 1229 plene
1674 1191 1702 1218 et
1729 1186 1815 1218 sulli-

1074 1240 1192 1272 eienter
1217 1241 1372 1283 expressis
1405 1240 1575 1279 habentes,
1600 1240 1661 1272 illis
1685 1240 1760 1272 alias
1785 1240 1815 1271 in

1074 1304 1130 1325 suo
1151 1293 1267 1326 robore
1292 1294 1523 1336 permansuris,
1548 1293 1605 1325 bae
1632 1293 1698 1325 viee
1723 1292 1814 1324 dnm-

1074 1351 1155 1380 taxat
1181 1347 1358 1390 specialiter
1384 1353 1411 1379 et
1437 1357 1584 1390 expresse
1610 1346 1814 1389 derogamus,

1074 1399 1248 1442 ceterisque
1274 1400 1440 1432 contrariis
1464 1400 1726 1443 quibuscumque.

1118 1453 1228 1485 [latum
1247 1453 1363 1485 Itomae
1381 1453 1464 1496 apud
1481 1453 1509 1485 S.
1525 1453 1674 1492 Marcum,
1691 1452 1748 1485 sub
1765 1462 1816 1484 an-

1073 1506 1147 1538 nulo
1168 1506 1350 1542 Piscatoris,
1379 1505 1428 1538 die
1454 1516 1519 1538 xxn
1545 1506 1652 1549 aprilis
1677 1515 1814 1544 innexui,

1073 1559 1272 1602 pontificatus
1297 1559 1395 1591 nostri
1420 1569 1501 1591 anno
1527 1569 1591 1592 vni.

1111 1621 1167 1647 Dat,
1186 1620 1228 1647 die
1249 1620 1282 1647 22
1303 1621 1394 1656 aprilis
1412 1622 1489 1654 16¹3,
1512 1621 1606 1656 pontif.
1630 1629 1672 1647 an.
1698 1628 1751 1647 rin.

1372 1784 1519 1817 ccxxxi.

1075 1871 1244 1903 Institutio
1270 1871 1536 1915 Coum-eyatimus
1555 1872 1686 1914 piorum
1709 1883 1814 1905 sacer-

1119 1924 1241 1963 dotum,
1268 1924 1413 1957 Oratort't'
1437 1925 1512 1958 Iesu
1537 1925 1660 1960 Christi
1680 1926 1816 1959 Domini

1120 1978 1223 2011 nostri
1250 1978 1500 2021 nmzcupandae,
1521 1979 1556 2011 in
1581 1989 1680 2022 reqno
1700 1979 1811 2012 Fran-

1119 2030 1187 2063 ciae
1206 2031 1246 2063 ab
1263 2031 1404 2064 Henrico
1421 2032 1568 2075 episcopo
1585 2033 1771 2066 Parisiensi
1786 2038 1814 2066 et

1120 2084 1228 2118 Maria
1256 2085 1369 2127 reqinti
1406 2085 1612 2118 Francorum
1644 2085 1686 2118 ad
1712 2087 1810 2119 resti-

1120 2137 1275 2171 tuendam
1305 2137 1552 2182 auyendamque
1581 2138 1675 2180 fidem
1702 2139 1812 2172 catho-

1120 2191 1217 2223 licam-
1234 2195 1404 2234 promotae
1419 2191 1439 2223 ¹.
1632 2202 1637 2206 ⁴

1112 2289 1122 2314 1
1141 2287 1364 2315 Constitutionem
1378 2288 1468 2322 istam,
1485 2296 1553 2323 quae
1569 2288 1597 2314 in
1613 2288 1677 2315 edit.
1692 2288 1771 2315 lllain.
1785 2289 1812 2315 in

1074 2330 1126 2358 fine
1141 2331 1236 2367 pontif.
1254 2331 1328 2358 Pauli
1345 2332 1367 2358 V
1382 2335 1458 2359 extra
1472 2332 1560 2359 locum
1574 2336 1696 2368 vagatur,
1712 2333 1767 2359 huc
1785 2333 1812 2360 in

1074 2383 1148 2402 suam
1169 2375 1260 2403 sedem
1280 2375 1483 2409 transferimus;
1501 2379 1527 2403 et
1542 2376 1694 2404 innumeris
1708 2377 1813 2404 mendis

1073 2419 1213 2454 refertam,
1230 2419 1297 2446 adeo
1317 2424 1346 2446 ut
1364 2420 1421 2447 fere
1440 2420 1634 2448 inextricabilis
1653 2421 1702 2456 sit,
1723 2429 1813 2448 emen-

1073 2463 1148 2497 dare,
1169 2467 1298 2499 quantum
1318 2464 1445 2499 possibile
1465 2464 1527 2496 erit,
1551 2465 1718 2492 conabimur.
1735 2465 1813 2493 Edita

1073 2507 1153 2534 etiam
1167 2507 1218 2534 fuit
1231 2516 1247 2534 a
1262 2507 1312 2534 FF.
1331 2508 1543 2535 sammarthanis
1563 2508 1590 2535 in
1613 2510 1712 2537 Gallia
1727 2510 1813 2537 Chri-

1072 2551 1181 2585 stiana,
1199 2555 1262 2578 tom.
1279 2558 1331 2585 vn,
1353 2551 1379 2578 in
1401 2552 1528 2586 Append.
1550 2552 1686 2580 Instrum.
1704 2562 1731 2588 p.
1751 2554 1811 2586 163,

1073 2595 1150 2621 sicuti
1166 2595 1246 2622 etiam
1266 2595 1292 2621 in
1311 2597 1319 2622 1
1338 2595 1402 2622 edit.
1420 2596 1501 2630 1656,
1519 2600 1583 2623 tom.
1600 2603 1640 2631 ιν,
1661 2605 1722 2633 pag.
1743 2598 1810 2629 98&

1073 2643 1100 2666 at
1114 2639 1258 2666 dolendum
1273 2639 1310 2666 ibi
1326 2640 1450 2675 pluribus
1475 2640 1562 2668 adbuc
1586 2641 1690 2669 mendis
1706 2646 1811 2670 scatere

1074 2692 1153 2719 quam
1169 2683 1195 2710 in
1211 2684 1343 2712 Bullario
1360 2691 1396 2719 ia.
1413 2685 1461 2711 TA.
1858 2679 1862 2681 ’

1721 276 1785 310 ⁶205
1832 286 1880 313 An.
1895 287 1922 313 c,
1945 287 2014 314 1613
