2293 3231
295 296 343 321 An.
359 295 389 321 c.
409 294 475 322 ¹6²2
521 285 585 320 740
1072 291 1251 315 antelmium

323 730 443 751 Exot’dlum.

366 1104 479 1129 Call-*glum

295 1132 406 1157 Anfllurum
421 1138 440 1151 ιιι
451 1138 479 1151 ci-

296 1162 360 1179 vitat-³
375 1157 478 1184 Uiy-swo-

295 1193 353 1207 neus·
369 1189 463 1212 erigitur.

339 1691 406 1718 Atque
423 1690 482 1711 dota-

298 1720 339 1739 tur.

796 340 923 373 LXXIX.

493 413 703 456 Confirmatio
731 411 936 455 fundationis
961 410 1089 451 colleqii
1113 410 1251 453 Anyti-3

535 468 611 501 cuni
634 468 668 499 iu
695 467 824 499 civitate
851 465 1096 509 L'Iyssi'ponensi
1120 474 1178 508 pro
1203 468 1251 496 α-’

537 521 661 554 lutrinis
680 519 829 563 Anysts'.

706 599 862 633 G1eqorius
880 600 956 633 Papa
972 599 1029 632 XV,

616 644 651 671 ad
667 648 840 678 perpetuam
860 644 905 670 rei
925 643 1104 670 memoriam.

537 715 696 749 Militantis
711 715 866 747 Ecclesiae
881 714 1027 757 regimini
1051 713 1155 746 divina
1177 713 1235 746 dis·
1252 733 1253 759 g

493 769 691 812 pensatione,
724 768 810 800 nullo
845 768 1031 800 meritorum
1065 762 1253 809 stiffi-agio‚⁴‘

493 822 717 866 praesidentes,
743 821 995 854 cliristitidelium
1021 820 1235 863 quorumlibet

493 875 582 914 votis,
597 875 633 907 iis
650 874 851 918 praesertim,
865 885 944 917 quae
962 873 1000 906 ad
1018 874 1089 906 fidei
1108 873 1236 906 catholi-

493 939 547 962 cae
566 929 836 973 propagationem,
849 928 1090 971 animarumque
1103 928 1234 959 salutem

493 983 651 1026 pertinere
663 982 901 1024 dignoscuntur,
912 981 1046 1013 libenter
1058 981 1236 1019 annuimus,

494 1045 592 1079 eaque
617 1035 775 1067 favoribus
800 1034 1022 1078 prosequimur
1039 1033 1236 1077 opportunis.

539 1089 554 1131 ᾗ
578 1088 608 1120 l.
626 1087 745 1131 Exponi
766 1087 920 1131 siquidem
939 1087 1031 1120 nobis
1048 1097 1149 1130 nuper
1166 1086 1237 1119 fecit

495 1141 627 1174 dilectus
651 1141 735 1174 filius
761 1141 891 1174 loannes
911 1140 1058 1174 Benettus
1082 1140 1158 1173 cleri
1175 1142 1255 1173 Αη-4

494 1195 608 1238 glicani
641 1194 724 1238 apud
748 1194 859 1228 Sedem
885 1195 1098 1238 Apostolicam
1123 1205 1236 1237 agens,

495 1250 578 1293 quod
603 1249 734 1283 dilectus
759 1249 852 1282 etiam
877 1248 960 1281 filius
982 1249 1092 1281 Petrus
1109 1248 1147 1281 de
1163 1249 1238 1282 Cou-

494 1304 605 1337 tinhou
638 1303 907 1346 Portugallensis‚
931 1303 1118 1346 periclitanti
1154 1303 1237 1346 apud

494 1358 614 1400 Auglos
638 1357 710 1389 fidei
742 1356 915 1389 catholicae
943 1367 1001 1399 pro
1030 1356 1094 1389 suis
1118 1356 1238 1388 viribus

495 1420 684 1443 succurrere
708 1409 848 1453 cupiens,
873 1410 903 1442 in
929 1409 1055 1442 civitate
1082 1409 1238 1453 Ulyssipo-

495 1464 584 1497 ncnsi
600 1464 816 1504 seminarium,
842 1463 873 1496 in
897 1474 959 1507 quo
977 1463 1166 1506 Anglicanae
1189 1474 1239 1496 na-

496 1517 590 1550 tionis
622 1517 749 1550 iuvencs
782 1517 896 1560 pietate
922 1522 952 1549 et
977 1516 1120 1550 doctrina
1150 1510 1256 1559 insti-i

496 1576 670 1610 tuerentur,
684 1577 717 1603 ut
735 1576 855 1603 mature
873 1571 934 1602 iam
953 1570 983 1602 in
1003 1570 1104 1613 patria
1121 1571 1236 1603 reversi
1254 1576 1256 1600 l

497 1624 570 1657 fidei
588 1624 720 1657 tuendae
737 1630 766 1657 et
783 1623 1008 1668 propagandae
1029 1624 1169 1656 sedulam
1187 1635 1239 1656 na·
1254 1619 1256 1653 ἶ

498 1682 605 1710 vai-ent
625 1687 771 1720 operam,
796 1677 953 1717 fundavit,
978 1676 1125 1720 dictoque
1149 1677 1239 1709 semi-

497 1731 597 1771 nario,
622 1741 680 1774 pro
704 1730 771 1763 eius
795 1729 867 1763 dote
891 1740 927 1762 ac
950 1731 1151 1763 alumnorum
1180 1741 1238 1774 pro

498 1789 641 1828 tempore
658 1784 857 1816 existentium
882 1783 1118 1823 sustentatione,
1139 1783 1257 1818 reddi-2

497 1842 547 1871 tus
571 1848 692 1871 annuos
709 1847 809 1881 usque
829 1837 867 1870 ad
885 1848 1038 1870 summam
1056 1837 1240 1881 quingento-

498 1901 568 1924 rum
594 1896 756 1924 scutorum
780 1891 848 1923 auri
869 1890 1102 1931 ascendentes2,
1127 1895 1157 1924 et
1181 1902 1239 1935 pro

499 1944 646 1978 domibus
668 1945 713 1978 vel
732 1944 872 1977 emendis
893 1944 940 1977 vel
958 1944 1140 1977 extruendis
1153 1945 1240 1988 quin—

499 2009 560 2042 que
586 1999 683 2031 millia
707 2004 869 2032 scutorum
893 1999 1043 2032 similium
1059 1999 1240 2042 assignavit,

500 2052 615 2096 quibus
645 2057 675 2085 et
707 2052 799 2096 plura
829 2053 1036 2096 imposterum
1069 2053 1101 2085 in
1135 2053 1241 2096 operis

501 2106 593 2138 huius
607 2106 834 2138 incrementum
853 2106 1031 2139 additurum
1050 2117 1083 2139 se
1099 2107 1240 2150 spondet.

501 2158 719 2192 Immediatum
752 2169 826 2191 vero
859 2159 1000 2201 regimen
1029 2159 1122 2192 huius
1152 2159 1242 2192 semi-

501 2212 579 2244 narii
607 2222 702 2256 penes
727 2212 870 2245 eumdem
892 2213 1012 2245 clerum
1034 2213 1240 2255 Anglicanum

501 2266 680 2309 praedictus
694 2266 840 2299 fundator
859 2277 927 2299 esse
946 2267 1051 2306 voluit,
1071 2267 1111 2299 ita
1128 2272 1241 2307 tamen,

501 2325 535 2351 ut
559 2330 742 2363 supremum
769 2320 944 2353 Lusitaniae
962 2319 1174 2363 inquisitionis
1192 2320 1243 2352 tri-

502 2372 608 2412 bunal,
626 2377 655 2406 cl
673 2373 737 2416 ipse
754 2373 880 2406 demum
899 2373 1070 2406 modernus
1087 2374 1243 2416 generalis

503 2424 679 2468 inquisitor,
697 2431 727 2458 et
750 2426 818 2458 eius
841 2437 901 2470 pro
918 2431 1061 2470 tempore
1086 2437 1244 2460 successo-

503 2488 564 2517 res,
578 2479 692 2512 rectori
718 2480 942 2522 praeficiantur
966 2485 996 2512 et
1021 2480 1166 2523 collegio,
1191 2480 1263 2523 qui!

504 2531 599 2564 totius
622 2532 902 2566 administrationis
921 2533 1077 2566 rationem
1100 2533 1245 2577 exigendi

506 2583 554 2616 ius
577 2589 607 2616 et
631 2591 816 2628 potestatem
842 2586 987 2620 habeant.

542 2658 553 2683 1
577 2656 613 2683 Ex
635 2657 739 2690 aegest.
760 2658 786 2685 in
806 2659 908 2686 Secret.
930 2658 1006 2686 Brev.

543 2701 559 2727 2
574 2701 644 2729 Edit.
664 2702 745 2730 Malu.
765 2702 849 2731 habet
862 2703 1015 2731 ascendere
1029 2705 1067 2737 (n.
1083 2702 1133 2737 τ.).

1250 606 1360 638 ’ῃῡΙιίε
1387 611 1553 649 propterea
1579 605 1740 638 humiliter
1772 606 2010 649 supplicarunt,

1251 663 1302 692 'ut
1327 659 1357 691 in
1382 659 1563 702 pra-'missis
1587 664 1763 703 opportune
1788 659 1955 702 providere
1972 659 2010 693 de

1254 1491 1255 1507 2
1273 1461 1389 1494 tionem
1401 1461 1474 1493 dicti
1486 1461 1656 1501 seminarii,
1674 1471 1731 1505 per
1744 1461 1862 1494 dictum
1876 1461 2015 1503 Petrum,

1276 291 1429 314 nommm
2022 284 2075 316 An.
2092 289 2207 317 &1622

1311 338 1325 378 ξ
1349 338 1377 370 2.
1403 337 1479 371 Cum
1505 342 1620 375 autem,
1644 337 1725 369 sicut
1749 337 1857 370 eadem
1883 337 2005 381 exposi-
2061 352 2205 381 maturem-

1267 392 1310 425 tio
1327 391 1547 431 subiungebat,
1562 397 1622 423 tam
1641 391 1772 424 loannes
1787 402 1880 435 quam
1899 392 2008 425 Petrus
2022 377 2140 426 ΫῈῪΪΜ
2155 384 2206 405 ''⁰¹''

1267 445 1416 489 praedicti
1443 445 1614 489 plurimum
1640 444 1767 488 cupiant
1795 445 2007 479 fundationem

1268 498 1449 534 mmmm-ii.
1477 504 1509 531 ut
1533 498 1710 541 praefertur
1736 499 1862 538 tactam,
1890 505 2010 542 aposto-

1268 553 1345 585 licae
1369 552 1618 585 confirmationis
1651 552 1766 585 robore
1798 552 2009 593 cammuniri:

1269 712 1461 755 benignitate
1485 713 1658 755 apostolica
1684 712 1897 754 dignaremur.

1314 767 1329 809 ἓ,
1353 766 1382 799 3.
1410 767 1472 799 'Nos
1497 766 1603 809 igitur,
1621 767 1744 799 loannis
1769 772 1799 798 et
1824 765 1905 798 Petri
1924 776 2011 810 prae·
2098 777 2212 800 confirmi

1270 819 1427 851 dictorum
1462 819 1556 857 volis,
1589 825 1740 862 quantum
1773 830 1844 852 cum
1876 819 2010 853 Domino
2025 806 2145 832 G'⁸⁸‘'‘'⁰’'

1270 883 1448 916 possumus,
1474 872 1608 915 benigne
1630 882 1778 912 annuere,
1796 872 1928 916 illosque
1945 883 2013 917 spe-

1271 926 1404 959 cialibus
1429 927 1588 959 favoribus
1613 932 1643 959 et
1667 927 1777 969 gratiis
1796 927 1945 971 prosequi
1963 938 2014 961 vo-

1273 979 1370 1011 lentes
1395 985 1425 1012 et
1449 990 1465 1011 a
1486 979 1650 1023 quibusvis
1667 979 2013 1022 excommunicationis,

1271 1033 1487 1076 suspensionis
1511 1038 1541 1065 et
1564 1033 1733 1073 interdicti,
1757 1033 1889 1077 aliisque
1913 1033 2014 1066 eccle-

1272 1086 1404 1119 siasticis
1435 1087 1596 1120 sententiis
1628 1087 1769 1120 censuris
1795 1091 1824 1121 et
1848 1087 1968 1131 poenis,
1996 1096 2014 1120 a

1273 1139 1340 1172 iure
1365 1140 1411 1173 vel
1436 1141 1474 1173 ab
1500 1140 1638 1180 homine,
1655 1141 1765 1184 quavis
1784 1141 1950 1174 occasione
1965 1140 2016 1173 vel

1271 1195 1366 1226 causa
1391 1194 1476 1234 latis,
1502 1194 1527 1227 si
1552 1194 1666 1238 quibus
1697 1194 1936 1238 quomodolibet
1968 1194 2016 1227 in-

1272 1247 1378 1280 nodati
1403 1248 1548 1288 existunt,
1572 1248 1611 1281 ad
1636 1248 1781 1282 effectum
1801 1248 2016 1292 praesentium

1271 1301 1431 1335 dumtaxat
1449 1301 1716 1345 consequendum,
1735 1302 1848 1334 harum
1866 1301 1947 1334 serie
1964 1301 2016 1334 ab·

1272 1355 1436 1388 solventes.
1455 1360 1484 1387 et
1497 1354 1657 1388 absolutos
1670 1355 1738 1387 sore
1754 1360 1927 1394 censentes,
1945 1365 2016 1398 sup-

1274 1407 1495 1451 plicationibus
1525 1408 1706 1441 huiusmodi
1731 1407 1885 1446 inclinati,
1910 1407 2016 1441 sunda-

1273 1518 1304 1547 ut
1330 1515 1517 1558 praefertur,
1543 1515 1665 1556 factam,
1690 1515 1860 1559 apostolica
1884 1516 2018 1550 auctori-

1274 1571 1343 1608 tate,
1370 1573 1478 1601 tenore
1505 1569 1730 1612 praesentium,
1756 1569 1970 1613 approbamus
1987 1574 2017 1603 et

1273 1622 1517 1662 confirmamus,
1544 1622 1651 1665 illique
1683 1622 1871 1655 inviolabilis
1895 1628 2018 1667 aposto-

1273 1676 1351 1708 licae
1365 1675 1523 1709 firmitatis
1544 1676 1642 1709 robur
1659 1676 1833 1718 adiicimus,
1855 1687 1890 1710 ac
1907 1686 2018 1710 omnes

1273 1734 1303 1761 et
1327 1729 1469 1772 singulos
1489 1735 1550 1762 tam
1572 1730 1649 1762 iuris
1667 1740 1760 1773 quam
1778 1730 1849 1764 sacti
1867 1730 2017 1771 desectus,

1273 1781 1297 1814 si
1314 1782 1367 1825 qui
1382 1782 1517 1827 desuper
1530 1783 1767 1827 quomodolibet
1781 1783 2016 1824 intervenerint,

1273 1836 1467 1879 supplemus.

1318 1889 1333 1932 ἓ
1353 1889 1383 1921 4.
1409 1889 1471 1922 Nec
1488 1899 1550 1922 non
1568 1889 1678 1923 iisdem
1703 1890 1882 1930 seminario,
1901 1890 2017 1924 rectori
2085 1897 2217 1945 cffffemrum-

1274 1947 1304 1975 et
1327 1942 1462 1975 alumnis
1486 1953 1544 1986 pro
1569 1947 1712 1986 tempore
1737 1942 1959 1983 existentibus,
1983 1948 2017 1976 ut
2032 1929 2218 1978 iiiiiii‘e'sifmffi

1274 1995 1421 2028 omnibus
1445 2001 1475 2028 et
1499 1995 1632 2038 singulis
1655 1995 1840 2039 privilegiis
1860 1995 1970 2039 gratiis
1987 2001 2018 2029 et
2032 1978 2138 2000 “mem‘'

1276 2048 1412 2089 indultis,
1434 2052 1496 2082 tam
1517 2049 1734 2092 spiritualibus
1752 2059 1846 2093 quam
1864 2054 2018 2093 tempora:

1276 2103 1377 2143 libus,
1402 2103 1517 2146 quibus
1541 2102 1601 2135 alia
1626 2103 1806 2136 huiusmodi
1833 2103 2017 2144 seminaria,

1276 2167 1450 2200 eorumque
1482 2162 1622 2189 rectores
1655 2161 1686 2189 et
1715 2156 1833 2189 alumni
1869 2162 2017 2198 utuntur,

1276 2211 1433 2250 srmmtur,
1451 2210 1614 2254 potiuntur
1628 2215 1658 2243 et
1675 2210 1822 2252 gaudent,
1836 2210 1904 2254 pari
1923 2209 2018 2243 modo

1277 2264 1338 2304 uti,
1365 2264 1424 2297 srui
1439 2291 1446 2303 ‚
1471 2263 1565 2307 potiri
1591 2268 1621 2296 et
1645 2264 1784 2306 gaudere
1809 2263 1907 2296 libere
1932 2267 1962 2296 et
1986 2263 2020 2296 li-

1277 2318 1336 2351 cite
1361 2318 1493 2356 valeant,
1510 2317 1712 2350 concedimus
1728 2322 1758 2350 et
1775 2317 1984 2360 indulgemus.

1321 2371 1336 2413 §
1353 2371 1381 2403 5.
1407 2371 1616 2404 Decernentes
1637 2376 1817 2414 praesentes
1834 2370 1953 2403 litteras
1970 2379 2020 2402 va·
2060 2376 2180 2399 cunsuin.

1278 2423 1366 2463 fidas,
1390 2424 1498 2456 firmas
1518 2427 1547 2456 et
1571 2423 1713 2455 efficaces
1737 2423 1870 2457 existere
1887 2427 1917 2455 et
1940 2422 2017 2462 sore,

1279 2477 1467 2521 irritumque
1491 2482 1522 2509 et
1545 2476 1654 2517 inane,
1678 2476 1703 2509 si
1728 2486 1818 2509 secus
1849 2486 1945 2519 super
1970 2475 2019 2509 his

1279 2540 1295 2562 a
1320 2540 1498 2573 quoquam,
1522 2530 1631 2573 quavis
1658 2529 1858 2570 auctoritate,
1883 2529 2019 2562 scienter

1280 2583 1326 2616 vel
1352 2583 1535 2626 ignoranter
1558 2582 1726 2625 contigerit
1750 2583 1907 2616 attentari.
2243 2625 2246 2628 Δ

1324 2638 1339 2681 g
1362 2637 1392 2671 6.
1412 2637 1481 2670 Non
1506 2636 1703 2670 obstantibus
1726 2636 1917 2679 apostolicis,
1930 2646 1966 2670 ac
1985 2636 2018 2669 in
2103 2630 2238 2669 „manuni

1279 2692 1527 2732 universalibus,
1550 2690 1859 2735 provincialibusque
1883 2696 1914 2725 et
1932 2700 2021 2736 syno-
2033 2670 2197 2691 cont-ranorum.
