2293 3231
311 306 358 330 An.
381 303 399 330 C
432 302 498 330 1522

355 1216 440 1236 Parmae
457 1215 496 1235 dux

314 1244 410 1263 acumina
420 1246 494 1262 -wue-

314 1276 335 1289 rt·
358 1271 438 1289 solatia!
460 1275 495 1294 pru

314 1296 405 1316 cur-nula
434 1303 459 1315 an

314 1324 496 1345 nuenbuustunim.

343 1750 436 1771 renutu
453 1751 499 1771 Par-

317 1783 381 1797 mensi
399 1783 498 1803 epis-01¹0

317 1804 411 1827 mandat.
434 1808 452 1825 ut
474 1810 498 1824 ea

317 1836 353 1855 per
372 1833 498 1851 ervic-‹wti-

317 1863 352 1877 τω
363 1863 446 1884 quoquc
457 1865 498 1878 ser-

318 1889 361 1905 vari
376 1887 441 1905 curet.

544 293 609 326 824

554 350 663 383 Datum
690 350 818 387 Romae,
843 346 924 391 apud
949 352 1088 380 sanctam
1117 346 1245 379 Mariam

511 404 668 441 Maiorem,
698 402 754 433 sub
775 400 890 433 annulo
916 400 1091 439 Piscator-is,
1108 399 1158 432 die
1181 409 1247 432 xxii

512 456 583 488 maii
605 464 756 493 uncxxni,
770 452 968 497 pontificatus
986 453 1084 486 nostri
1101 463 1183 486 anno
1204 462 1246 485 111.

544 517 603 544 Dat.
621 516 664 543 die
680 515 712 542 ⁶22
726 515 789 543 maii
807 515 885 549 1623,
901 514 995 551 pontif.
1011 523 1055 542 an.
1072 521 1112 542 ιιι.

834 647 919 680 CXII.

511 727 730 763 Commiuilur
759 727 902 770 episcopo
933 726 1125 766 Parmensi,
1152 730 1190 759 ut
1212 737 1250 759 ea

553 781 590 814 ab
607 781 828 813 ecclesiasticis
847 780 1011 812 observari
1028 784 1116 812 curet
1130 790 1190 823 per
1201 779 1250 813 de-

553 835 716 874 cennium,
739 844 823 877 quae
842 834 910 866 dux
928 833 1007 866 solet
1027 838 1169 867 statuere
1189 844 1250 878 pro

554 887 700 920 curandci
721 897 871 920 annonae
887 887 1093 920 abundantia
1108 886 1128 920 ¹.

574 967 744 995 Venerabili
763 967 849 994 tratri
870 967 1010 1001 episcopo
1031 966 1183 994 Parmensi

711 1021 869 1056 Gregorius
890 1021 969 1055 Papa
988 1021 1047 1048 XV.

721 1084 906 1111 Venerabilis
928 1084 1034 1117 frater,

560 1130 688 1156 salutem
703 1133 734 1156 et
749 1128 942 1162 apostoticam
956 1128 1206 1156 benedictionem.

556 1202 571 1246 ἓ
595 1202 623 1234 l.
649 1202 735 1242 Cum,
753 1202 831 1234 sicut
857 1201 1047 1244 accepimus,
1065 1201 1198 1235 dilectus
1215 1201 1251 1234 fi-

513 1256 572 1288 lius
597 1255 709 1288 nobilis
733 1255 915 1288 adolescens
939 1255 1116 1288 Alexander
1139 1255 1252 1288 Farne-

513 1310 576 1343 sius
602 1310 730 1343 Parmae
755 1315 783 1342 et
806 1309 978 1342 Placentiae
1003 1309 1082 1350 dux,
1107 1320 1164 1343 nec
1187 1320 1251 1343 non

513 1363 715 1406 congregatio
739 1373 757 1395 a
785 1363 925 1405 generali
957 1362 1088 1396 consilio
1119 1363 1251 1396 civitatis

512 1417 688 1450 Parmensis
712 1427 806 1460 super
826 1426 968 1450 annonae
988 1416 1179 1450 abundantia
1203 1417 1253 1450 de-

512 1477 636 1515 putata,
661 1471 825 1504 nonnullas
852 1471 984 1514 singulis
1009 1471 1099 1504 annis
1123 1471 1251 1504 ordina-

511 1524 611 1558 tiones
635 1525 836 1564 necessarias,
853 1529 883 1557 et
907 1524 1040 1558 iustitiae
1057 1529 1087 1557 et
1103 1524 1252 1568 aequitati

512 1578 747 1619 convenientes,
779 1578 894 1622 quibus
923 1578 1074 1622 penuriae
1109 1588 1252 1612 annonae

512 1631 596 1664 illius
620 1632 692 1664 anni
717 1631 930 1675 provideatur,
954 1641 971 1664 a
995 1631 1140 1676 personis
1163 1631 1251 1666 laicis

513 1685 721 1718 observandas
745 1685 873 1724 saciant;

557 1738 572 1782 ἓ
595 1738 624 1771 Q.
650 1739 712 1771 Nos
736 1737 923 1771 fraternitati
944 1743 1015 1771 tuae
1034 1749 1092 1782 per
1107 1749 1252 1783 praesen-

513 1797 559 1825 tes
587 1792 813 1825 committimus
845 1796 874 1825 et
905 1792 1108 1833 mandamus,
1134 1798 1168 1826 ut
1194 1803 1251 1836 per

513 1845 697 1878 decennium
718 1846 897 1890 proximum
923 1845 1138 1879 ordinationes
1157 1846 1252 1880 intro-

513 1898 646 1931 ducendi
671 1899 702 1931 in
731 1899 887 1932 civitatem
912 1904 942 1932 et
965 1899 1146 1932 notificandi
1178 1900 1248 1932 sru-

513 1957 663 1991 mentum,
690 1951 796 1984 bladas
819 1957 849 1984 et
872 1952 1041 1994 legumina,
1066 1951 1251 1985 auctoritate

513 2007 619 2038 nostra
643 2005 746 2046 facias,
764 2010 793 2038 et
813 2005 851 2037 ad
876 2006 943 2038 illas
967 2005 1178 2038 observandas
1194 2016 1251 2049 per

513 2064 559 2099 te,
584 2069 637 2091 seu
671 2065 756 2092 tuum
789 2059 820 2091 in
852 2059 1067 2103 spiritualibus
1097 2060 1250 2094 vicarium

514 2113 703 2155 generalem,
727 2124 941 2158 quascumque
965 2114 1098 2147 civitatis
1115 2120 1145 2147 et
1169 2114 1252 2148 dioe-

513 2166 591 2198 cesis
605 2166 834 2210 praedictarum
849 2178 1001 2211 personas
1014 2167 1250 2209 ecclesiasticas,

514 2220 669 2252 seculares
693 2225 720 2252 et
747 2220 882 2253 cuiusvis
911 2219 1054 2261 Ordinis,
1082 2231 1252 2264 congrega-

516 2273 606 2306 tionis
624 2279 653 2306 et
670 2273 811 2314 instituti,
827 2285 949 2308 necnon
969 2274 1163 2316 militiarum,
1179 2275 1253 2309 alio-

516 2337 647 2370 rumque
668 2327 790 2371 piorum
807 2328 946 2361 locorum
964 2328 1136 2371 regulares,
1151 2329 1253 2362 cuius-

516 2390 649 2423 cumque
673 2380 842 2423 dignitatis,
859 2381 985 2424 gradus,
1010 2385 1118 2423 status,
1131 2382 1252 2415 ordinis

516 2439 546 2466 et
569 2433 755 2467 conditionis
779 2434 956 2475 existentes,
970 2435 1063 2468 etiam
1082 2441 1251 2479 exemptas,

517 2497 551 2519 ac
576 2487 665 2520 nobis
690 2492 719 2520 et
743 2489 938 2532 Apostolicae
968 2488 1040 2522 Sedi
1072 2489 1251 2522 immediate

519 2539 681 2580 subiectas,
701 2541 887 2585 opportunis
911 2541 989 2575 iuris
1011 2547 1040 2575 et
1065 2542 1135 2576 sacti
1154 2553 1253 2576 reme-

555 2603 564 2628 1
589 2601 624 2628 Ex
642 2602 747 2638 [legest.
772 2604 798 2631 in
814 2604 913 2632 Secret.
932 2604 1010 2633 Brev.

1087 299 1264 324 nummum
1289 298 1445 323 Romnum

1281 345 1350 386 diis,
1364 345 1474 378 eadem
1491 345 1678 379 auctoritate
1695 356 1790 389 cogas
1802 352 1833 380 et
1846 347 2025 392 compellas.

1282 399 1344 432 Nos
1368 399 1453 431 enim
1479 399 1534 432 tibi
1558 398 1731 442 praemissa
1755 405 1786 432 et
1809 410 2026 445 quaecumque

1282 451 1342 483 alia
1366 451 1503 495 desuper
1529 451 1707 484 necessaria
1732 457 1763 485 et
1785 458 1964 496 opportuna
1987 454 2027 487 sa-

1283 504 1396 545 ciendi‚
1423 504 1557 544 dicendi,
1575 505 1705 548 gerendi
1726 510 1756 539 et
1777 506 1962 550 exequendi,
1979 508 2028 540 ea-

1283 557 1354 590 dem
1374 558 1571 599 auctoritate‚
1590 562 1698 592 tenore
1721 559 1946 603 praesentium,
1963 561 2028 605 ple-

1283 621 1354 644 nam
1371 615 1401 645 et
1417 611 1554 656 amplam
1573 611 1752 645 facultatem
1777 612 1980 646 concedimus
1996 618 2028 647 et

1283 663 1494 708 impertimur.
1516 664 1724 697 Decernentes
1741 664 1866 698 irritum
1884 671 1915 698 et
1934 665 2026 699 inane

1283 717 1436 762 quidquid
1453 727 1543 751 secus
1563 727 1658 761 super
1675 717 1723 751 liis
1737 728 1755 750 a
1771 728 1940 762 quoquam,
1953 729 2027 762 qua-

1284 771 1329 804 vis
1353 772 1558 812 auctoritate,
1586 771 1722 805 scienter
1752 773 1800 806 vel
1824 772 2025 816 ignoranter,

1284 824 1453 867 eontigerit
1476 825 1631 858 attentari.

1329 878 1344 921 ἓ
1366 877 1396 911 3.
1413 878 1481 911 Non
1498 877 1694 912 obstantibus
1708 878 1900 923 praemissis,
1913 888 1949 912 ac
1960 878 2027 923 qui-

1284 932 1391 966 busvis
1419 933 1697 967 constitutionibus
1721 938 1751 967 et
1774 933 2026 967 ordinationibus

1284 986 1483 1030 apostolicis,
1512 996 1634 1020 necnon
1666 987 1888 1028 ecclesiarum,
1917 996 2026 1020 mona-

1285 1040 1464 1080 steriorum,
1485 1040 1670 1073 militiarum
1687 1045 1718 1073 et
1735 1041 1878 1074 locorum
1898 1040 2027 1084 piorum

1284 1103 1320 1126 ac
1345 1092 1497 1127 Ordinum
1514 1104 1790 1139 quorumcumque
1814 1095 1922 1138 (etiam
1946 1095 2029 1128 iura-

1285 1152 1400 1186 mento,
1418 1147 1658 1181 confirmatione
1683 1148 1869 1192 apostolica,
1885 1148 1933 1180 vel
1955 1158 2029 1192 qua-

1285 1201 1331 1232 vis
1347 1200 1495 1234 firmitate
1512 1200 1573 1233 alia
1590 1201 1761 1245 roboratis)
1771 1201 1895 1234 statutis
1911 1205 1941 1235 et
1957 1212 2029 1235 con-

1286 1254 1518 1295 suetudinibus,
1538 1255 1713 1299 privilegiis
1737 1266 1874 1300 quoque,
1899 1256 2028 1290 indultis

1285 1313 1316 1341 et
1332 1307 1444 1342 litteris
1467 1308 1660 1352 apostolicis,
1685 1309 1756 1350 illis,
1782 1319 1957 1353 eorumque
1977 1320 2029 1343 su-

1285 1361 1464 1405 perioribus
1481 1367 1511 1394 et
1525 1361 1677 1405 personis,
1695 1362 1753 1395 sub
1777 1362 2030 1407 quibuscumque

1286 1415 1449 1448 tenoribus
1481 1420 1511 1448 et
1537 1415 1668 1456 formis,
1692 1426 1727 1449 ac
1760 1426 1832 1449 cum
1865 1416 2028 1460 quibusvis

1286 1469 1380 1502 etiam
1404 1468 1679 1512 derogatoriarum
1702 1469 1922 1513 derogatoriis
1947 1470 2029 1505 aliis-

1286 1532 1347 1565 que
1366 1522 1595 1556 efficacioribus
1616 1528 1645 1556 et
1666 1523 1799 1556 insolitis
1816 1523 1974 1566 clausulis,
1991 1534 2028 1558 ac

1286 1575 1482 1609 irritantibus
1498 1582 1529 1609 et
1545 1576 1614 1610 aliis
1633 1576 1778 1618 decretis,
1798 1577 1830 1610 in
1846 1587 1963 1620 genere
1979 1578 2028 1611 vel

1286 1629 1318 1662 in
1341 1629 1456 1674 specie,
1482 1640 1518 1663 ac
1541 1630 1636 1669 alias,
1661 1630 1692 1663 in
1715 1631 1911 1664 contrarium
1935 1641 2028 1676 prae-

1286 1683 1456 1717 missorum
1473 1683 1711 1727 quomodolibet
1731 1684 1900 1726 concessis,
1916 1685 2030 1719 confir-

1286 1736 1378 1770 matis
1393 1742 1424 1769 et
1443 1737 1606 1770 innovatis.
1623 1737 1741 1776 Quibus
1759 1738 1906 1771 omnibus
1923 1742 1953 1772 et
1969 1739 2028 1772 sin-

1285 1790 1378 1833 gulis,
1403 1791 1524 1824 etiamsi
1548 1801 1607 1835 pro
1631 1791 1759 1824 illorum
1783 1791 1950 1825 sufficienti
1973 1792 2028 1826 de-

1286 1844 1450 1887 rogatione
1459 1843 1497 1877 de
1510 1844 1582 1885 illis,
1591 1854 1766 1888 eorumque
1779 1844 1851 1878 totis
1863 1845 2029 1879 tenoribus

1285 1897 1441 1941 specialis,
1466 1897 1621 1941 specifica,
1645 1907 1794 1941 expressa
1816 1907 1853 1930 ac
1869 1898 1907 1931 de
1931 1898 2028 1933 verbo

1285 1950 1323 1983 ad
1339 1951 1484 1992 verbum,
1501 1961 1564 1990 non
1588 1956 1693 1984 autem
1717 1961 1775 1995 per
1799 1951 1954 1986 clausulas
1973 1962 2029 1996 ge-

1285 2003 1407 2037 nerales
1420 2003 1502 2037 idem
1518 2004 1734 2048 importantes,
1744 2004 1862 2038 mentio
1873 2015 1929 2038 seu
1937 2015 2030 2049 quae-

1285 2056 1331 2089 vis
1349 2057 1410 2090 alia
1429 2057 1590 2101 expressio
1606 2057 1759 2098 habenda,
1776 2063 1829 2091 aut
1845 2057 1950 2102 aliqua
1968 2058 2029 2092 alia

1285 2110 1440 2155 exquisita
1471 2111 1573 2144 forma
1601 2110 1639 2143 ad
1669 2110 1729 2144 hoc
1756 2111 1908 2145 servanda
1931 2111 2028 2154 soret,

1285 2168 1410 2199 tenores
1426 2164 1606 2198 huiusmodi
1624 2165 1843 2209 praesentibus
1858 2175 1916 2210 pro
1936 2165 2029 2209 plene

1285 2223 1315 2251 et
1331 2217 1524 2251 sufficienter
1537 2218 1691 2262 expressis
1704 2218 1866 2259 habentes,
1879 2218 1941 2252 illis
1953 2218 2030 2252 alias

1286 2272 1317 2305 in
1334 2283 1391 2306 suo
1411 2273 1526 2306 robore
1542 2273 1768 2316 permansuris,
1783 2273 1843 2306 hac
1859 2272 1926 2306 vice
1942 2272 2030 2306 dum—

1286 2333 1369 2361 taxat
1395 2327 1574 2372 specialiter
1598 2331 1629 2360 et
1652 2336 1800 2371 expresse
1823 2326 2028 2370 derogamus,

1287 2380 1463 2425 ceterisque
1486 2380 1653 2414 contrariis
1676 2380 1938 2424 quibuscumque.

1330 2434 1442 2468 Datum
1466 2435 1599 2475 Romae,
1623 2433 1707 2478 apud
1731 2439 1870 2467 sanctam
1899 2432 2028 2466 Mariam

1286 2488 1450 2529 Maiorem,
1468 2488 1526 2521 sub
1551 2488 1666 2521 annulo
1693 2487 1869 2528 piscatoris,
1883 2486 1933 2520 die
1948 2496 2028 2520 xx111

1287 2541 1363 2574 iunii
1380 2551 1537 2581 iincxxm,
1551 2540 1754 2586 pontificatus
1768 2539 1869 2574 nostri
1885 2549 1967 2573 anno
1982 2549 2027 2573 111.

1322 2603 1380 2632 Dat.
1398 2603 1442 2632 die
1456 2605 1490 2632 23
1505 2603 1573 2632 iunii
1588 2602 1666 2635 1623,
1680 2601 1777 2639 pontit.
1794 2609 1837 2630 an.
1854 2607 1895 2629 111.

1047 2698 1493 2717 ψ

2036 299 2088 327 An.
2103 298 2132 327 C.
2151 298 2223 329 1023

2068 896 2161 928 Damnat.
2175 901 2224 918 ωι-
2232 924 2234 927 v

2039 927 2119 946 tranis.
