2293 3231
238 277 288 305 An.
304 276 333 303 C.
356 276 419 304 ¹621

271 1354 411 1374 l'r--nt-niium.

286 1949 381 1971 Pontis-¹1
396 1954 431 1968 cn-

248 1977 357 1999 biculariis
383 1981 433 1996 con-

248 2004 306 2025 eedit
348 2002 432 2028 prii-ile·

249 2032 283 2058 gia
302 2030 432 2055 subsequen-

248 2061 286 2082 na,
300 2057 383 2078 scilieet
397 2060 433 2076 eos

249 2087 308 2105 creat
338 2082 433 2104 notarim

249 2111 312 2133 Sedis
329 2110 433 2136 apostuli-

249 2143 289 2159 ωε
313 2137 357 2158 sine
373 2141 434 2162 prae-

469 268 533 301 510
1016 270 1195 297 mmmmm(

469 325 646 354 Bononiensi
663 345 670 357 ,
692 320 930 357 eleemosynario
951 325 1069 350 secreto
1088 331 1095 352 ;
1123 322 1174 348 At.-

470 371 538 399 tilio
561 371 677 398 Ariosto
697 367 879 396 Bononiensi
903 366 992 394 tratri
1012 366 1195 400 hospitalisi

469 415 568 443 sancti
597 413 718 442 loannis
749 411 1037 446 Hierosolymitani,
1068 410 1177 438 forerio

469 459 593 487 maiori:
611 458 713 485 carolo
729 456 804 484 Lilio
825 456 963 488 Romano,
980 456 1109 490 Iosepho
1131 455 1178 483 Si·
1193 463 1196 468 ¹

470 505 548 532 moni
577 502 772 535 Lucanensi,
799 502 981 530 Bernsrdino
1007 501 1178 529 castellano

469 549 601 580 Albensi,
630 548 754 579 medinm
776 547 936 574 Francisco
958 546 1101 574 cecc-hino
1122 547 1178 573 Ro-

470 601 574 624 mano,
601 594 692 621 Paulo
721 592 860 620 Ataleoni
892 592 1041 626 Romano,
1073 591 1197 625 Ioanni¹

470 639 597 667 Antonio
608 637 737 665 Favonio
748 637 941 670 Ariminensi,
955 637 1081 664 Ernesto
1093 637 1179 663 Adal-
1195 632 1197 664 i

470 685 554 712 betto
571 683 606 710 ab
619 683 753 710 Harrach
768 682 940 716 Viennensi,
954 681 1098 716 Raphaeli
1115 682 1180 708 Pin-

471 728 571 757 chiaro
595 727 785 761 Bononiensi,
811 727 1006 760 mandatorio,
1028 726 1179 760 stephano

470 772 630 800 Pinchiaro
650 772 838 804 Bononiensi,
857 771 1017 806 Hippolyto
1039 772 1179 799 Boncom-

470 825 565 853 paqno
581 817 727 850 Romano,
750 815 893 844 michaeli
918 816 1028 850 Angelo
1050 815 1180 843 Castello

473 862 653 890 Bononiensi
671 884 678 896 ,
700 861 887 895 cappellanis
915 860 1045 896 seqretis
1063 870 1070 890 :
1098 861 1180 888 Livio

473 904 616 935 Sonautio
631 905 768 937 Reatino,
781 906 911 933 'rhomae
928 904 1117 932 scribanario
1130 905 1181 932 Bo-

472 951 624 985 noniensi,
641 951 747 978 Iacobo
763 949 975 977 Domenicliino
991 948 1180 983 Bononiensi,

474 997 650 1031 coniugato,
675 995 843 1030 Augustino
872 995 984 1022 Mirono
999 993 1181 1030 Tyburtinae

475 1041 634 1072 dioecesis,
660 1041 751 1068 etiam
771 1040 950 1075 coniugato,
971 1046 1088 1067 necnon
1112 1039 1180 1066 Gas—

473 1086 538 1122 pari
567 1085 689 1114 l³alonio
715 1086 855 1118 Romano,
886 1084 1050 1112 secretario
1078 1087 1182 1110 nostro

475 1131 650 1163 domestico,
663 1138 696 1158 ac
706 1131 875 1165 respective
892 1129 1087 1157 cubiculariis
1099 1132 1130 1156 et.
1142 1129 1183 1155 fa·
1198 1143 1200 1162 i

475 1176 643 1205 miliaribus
667 1175 820 1204 continuis
841 1175 1092 1203 commensalibus
1116 1165 1201 1214 nos-i

475 1224 532 1250 tris
559 1222 691 1252 clericis,
712 1222 840 1248 salntem
866 1224 897 1247 et
917 1219 1114 1254 apostolicam
1134 1217 1202 1260 loe-3

476 1267 688 1295 nedictionem.

487 1347 731 1391 Circumscripta
747 1346 879 1380 Romani
896 1344 1056 1379 Pontificis
1073 1344 1185 1387 gratia-

444 1413 514 1436 rum
539 1401 764 1446 dispensatoris
788 1398 986 1444 providentia
1009 1398 1137 1431 devotos
1155 1403 1202 1429 et*

445 1456 552 1489 fideles
577 1466 661 1495 suos,
687 1455 755 1487 illos
782 1452 992 1497 praesertim,
1017 1451 1071 1495 qui
1097 1456 1185 1494 grata

445 1508 664 1542 familiaritatis
696 1507 846 1550 obsequia
871 1506 986 1549 iugiter
1011 1505 1038 1537 ei
1064 1505 1187 1548 impen-

445 1562 532 1603 dunt,
559 1572 594 1594 ac
619 1572 698 1605 quos
722 1561 760 1593 ad
787 1560 815 1592 id
840 1559 915 1592 alias
939 1558 1069 1602 propria
1093 1558 1187 1590 virtu-

446 1623 510 1649 tum
525 1615 636 1648 merita
650 1614 882 1653 continendam,
896 1612 1026 1646 lionoris
1044 1617 1071 1644 ct
1087 1612 1186 1644 samue

445 1669 654 1714 amplioribus
689 1667 865 1712 praeconiis
889 1677 925 1699 ac
948 1665 1119 1710 praeclaris
1144 1665 1188 1698 di-

445 1723 599 1766 gnitatum
624 1722 722 1755 titulis
746 1721 897 1754 decorare
922 1726 950 1753 et
976 1729 1100 1760 ornare,
1117 1729 1189 1752 nec-

446 1785 508 1810 non
525 1775 669 1820 specialis
693 1774 928 1808 benevolentiae
946 1772 1107 1806 favoribus
1124 1782 1188 1804 ain-

448 1831 541 1875 plecti
555 1831 643 1869 solet,
658 1835 753 1874 prout
765 1838 972 1872 personarum
987 1826 1188 1871 qualitatibus

447 1883 600 1928 conspicit
624 1882 802 1916 convenire.

492 1938 507 1980 [ξ
530 1937 560 1969 i.
586 1937 664 1970 Hinc
690 1942 746 1976 est,
764 1935 847 1980 quod
863 1945 921 1968 nos
941 1934 978 1967 ad
999 1939 1089 1977 grata
1104 1933 1190 1966 sami-

447 1990 591 2024 liaritatis
614 1989 785 2033 obsequia,
811 1999 891 2032 quae
916 1998 991 2025 vos,
1017 1987 1071 2031 qui
1096 1987 1188 2019 etiam

448 2043 588 2077 continui
613 2043 840 2076 commensales
864 2041 962 2074 nostri
987 2040 1134 2080 existitis,
1161 2045 1189 2072 et

448 2097 577 2142 quilibet
600 2101 736 2129 vestrum
754 2094 845 2128 nobis
861 2095 1012 2127 haetenus
1025 2093 1192 2137 impendis-

1219 270 1376 296 ROMANUM

1192 330 1298 370 *mare
1325 320 1473 358 volentes
1490 326 1545 351 vos
1568 322 1599 351 et
1621 316 1795 362 quemlibet
1813 322 1953 352 vestrum

1211 383 1228 405 a
1252 371 1416 416 quibusvis
1449 370 1803 412 excommunicationis,
1827 380 1955 415 suspen-

1212 425 1309 459 sionis
1334 429 1362 460 et
1387 424 1556 464 interdicti,
1581 423 1712 468 aliisque
1737 423 1956 457 ecclesiasticis

1213 479 1384 520 sententiis,
1402 479 1545 512 censuris
1571 484 1600 511 et
1625 477 1746 522 poenis,
1771 488 1789 510 a
1813 477 1881 510 iure
1908 477 1956 511 vel

1213 533 1252 567 al)
1277 533 1403 567 homine
1419 560 1426 573 ,
1451 532 1562 576 quavis
1596 532 1761 566 occasione
1790 531 1838 564 vel
1863 533 1957 565 causa

1213 588 1293 628 latis,
1307 587 1332 620 si
1346 586 1462 631 quibus
1475 585 1715 630 quomodolibet
1728 584 1869 619 innodati
1882 584 1960 619 exis·

1215 641 1298 678 titis,
1323 639 1362 673 ad
1387 640 1533 673 effectum
1560 639 1772 683 praesentium
1797 638 1959 672 dumtaxat

1215 693 1483 737 consequendum,
1504 693 1617 726 haruin
1643 693 1723 726 serie
1747 691 1957 731 absolventes,

1215 750 1242 781 et
1261 747 1422 781 absolutos
1439 747 1506 779 fore
1520 751 1699 786 censentes,
1713 750 1801 780 motu
1815 745 1958 790 proprio,

1215 812 1278 835 non
1301 801 1339 834 ad
1366 806 1500 834 vestram
1534 801 1580 834 vel
1615 800 1745 834 alterius
1779 810 1839 844 pro
1871 799 1959 833 vobis

1215 866 1312 900 snper
1336 855 1396 888 boc
1421 855 1544 888 oblatae
1577 854 1736 898 petitionis
1759 852 1959 892 instantiam,

1216 910 1268 943 scd
1298 910 1335 941 de
1365 911 1453 943 mera
1482 908 1670 942 liberalitate
1694 913 1723 941 et
1752 909 1839 941 certa
1865 906 1961 941 scien·

1216 964 1257 996 tia
1294 964 1430 1000 nostris,
1466 974 1500 996 ae
1535 963 1574 996 de
1607 962 1797 1007 apostolicae
1826 964 1961 1006 potesta-

1216 1018 1254 1051 tis
1275 1016 1478 1061 plenitudine,
1504 1027 1559 1050 vos
1580 1022 1610 1049 ct
1630 1015 1803 1060 quemlibet
1821 1019 1960 1048 vestrum

1217 1071 1389 1115 respective
1407 1071 1437 1103 in
1454 1076 1579 1104 nostros
1603 1075 1631 1103 et
1657 1069 1746 1103 Sedis
1763 1068 1960 1113 Apostolicae

1217 1125 1356 1158 notarios
1380 1125 1460 1168 (sine
1485 1131 1590 1158 tamen
1615 1123 1810 1168 praeiudicio
1834 1122 1961 1156 dilecto-

1217 1191 1287 1212 rum
1318 1180 1456 1213 liliorum
1489 1184 1670 1212 nostrorum
1704 1176 1902 1211 notariorum
1921 1175 1960 1209 de

1218 1244 1350 1266 numero
1368 1232 1640 1277 participantium)
1661 1230 1834 1275 apostolica
1857 1232 1960 1263 aueto-

1218 1287 1318 1327 ritate,
1340 1292 1448 1320 tenore
1472 1285 1696 1329 praesentium,
1714 1283 1902 1328 recipimus;

1263 1342 1277 1383 §
1302 1340 1331 1372 2.
1357 1342 1399 1373 Ae
1424 1340 1504 1373 sacri
1536 1339 1642 1383 palatii
1667 1344 1695 1371 ct
1721 1338 1811 1370 aulae
1834 1337 1961 1370 Latera-

1219 1394 1323 1427 nensis
1349 1393 1501 1432 comites,
1532 1402 1655 1426 necnon
1679 1397 1807 1425 auratae
1832 1389 1962 1424 militiae

1219 1447 1349 1491 equites,
1367 1458 1401 1480 ac
1426 1447 1548 1480 nobiles
1565 1447 1733 1486 Romanos,
1751 1450 1781 1478 et
1800 1443 1889 1478 urbis
1905 1443 1963 1477 Ro-

1221 1513 1298 1541 mae,
1324 1501 1529 1545 omniumque
1554 1505 1581 1533 ct
1608 1499 1803 1543 singularum
1828 1498 1962 1532 aliarum

1220 1555 1391 1595 civitatum,
1409 1560 1579 1594 terrarum,
1597 1559 1626 1587 et
1642 1554 1787 1587 locorum
1804 1552 1962 1586 Romanae

1221 1609 1378 1643 Ecclesiae
1392 1607 1540 1642 mediate*
1556 1608 1773 1642 subiectorum
1787 1606 1880 1647 cives,
1890 1615 1962 1639 cum

1221 1663 1368 1697 omnibus
1392 1662 1523 1701 iuribus,
1541 1659 1822 1701 iurisdictionibus,
1837 1669 1964 1705 praero-

1221 1717 1333 1762 gativis
1357 1722 1386 1749 et
1411 1715 1585 1759 insignibus
1609 1714 1722 1748 debitis
1745 1719 1775 1747 et
1795 1714 1963 1754 consuetis,

1222 1781 1366 1805 creamus
1397 1780 1431 1803 ac
1462 1769 1703 1808 constituimus;
1734 1778 1770 1801 ac
1802 1768 1834 1801 in
1857 1777 1964 1801 nume-

1222 1835 1292 1857 rum
1318 1829 1348 1857 et
1372 1823 1566 1857 consortium
1584 1821 1719 1856 aliorum
1736 1826 1918 1855 nostrorum
1934 1825 1965 1854 et

1223 1878 1362 1912 eiusdem
1380 1877 1468 1910 Sedis
1494 1875 1703 1915 notariorum,
1719 1884 1842 1909 necnon
1857 1873 1964 1919 palatii

1223 1937 1253 1964 et
1269 1931 1357 1964 aulae
1382 1929 1562 1963 huiusmodi
1586 1928 1748 1969 comitum,
1765 1927 1906 1972 equitum
1935 1930 1966 1960 et

1223 1985 1376 2019 nobilium
1395 1985 1620 2024 Romanorum,
1635 1983 1833 2027 aliorumque
1849 1981 1964 2015 civium

1224 2040 1395 2080 civitatum,
1421 2044 1451 2072 et
1475 2044 1633 2072 terrarum
1657 2036 1902 2082 praedictarum,
1918 2045 1965 2068 re-

1225 2094 1355 2127 ferimus
1379 2098 1409 2126 et
1432 2092 1684 2131 conscribimus;

1966 268 2015 296 An.
2032 267 2062 296 C.
2082 266 2147 296 ¹⁸¹¹

2019 1344 2046 1367 Et
2059 1344 2147 1367 comites
2155 1360 2160 1369 .

1976 1372 2070 1420 ξῗῗῖἓέι
2078 1371 2160 1420 ³333:ss

450 2151 498 2193 tis,
524 2156 555 2184 et
578 2150 680 2183 adbuc
708 2149 849 2183 sollicitis
873 2148 983 2183 studiis
1008 2144 1190 2192 impendere

449 2215 513 2239 non
529 2204 688 2243 desistitis,
706 2213 827 2237 necnon
843 2203 922 2236 vitae
943 2214 978 2236 ac
995 2213 1120 2236 morum
1139 2201 1193 2235 lio-

451 2262 601 2292 nestatem
614 2255 634 2299 ⁴,
655 2257 776 2301 aliaque
794 2256 962 2290 laudabilia
979 2255 1146 2300 probitatis
1163 2259 1189 2287 et

251 2164 330 2194 summ
348 2162 434 2189 ρει-ιω.
1269 2148 1284 2191 ἐ
1307 2146 1336 2180 3.
1362 2145 1520 2190 Vobisque
1537 2144 1674 2189 (etiamsi
1694 2143 1836 2179 habitum
1853 2149 1883 2178 et
1899 2153 1966 2178 roc·
2006 2183 2010 2187 ¹
2028 2183 2032 2188 Ι
2070 2183 2083 2188 ..

252 2193 359 2217 ¹'³¹¹¹'⁰m;
1225 2202 1365 2235 cliettum
1398 2200 1594 2234 notariorum
1632 2199 1732 2232 dictae
1768 2197 1856 2232 Sedis
1880 2198 1966 2231 iuxta
1979 2183 2164 2240 i'Jiv'iiiff'iig-iril

1225 2255 1351 2289 decreta
1385 2253 1603 2288 Lateranensis
1638 2252 1762 2287 concilii
1797 2251 1966 2285 novissime
1995 2238 2112 2285 ifuffiffiffi
2126 2235 2165 2284 ¹323

2041 2153 2163 2182 Eorumqu-

1980 2289 2056 2313 t'ernnt.
2069 2291 2162 2311 utantur.

453 2311 601 2345 virtutum
627 2311 748 2351 merita,
766 2310 880 2354 quibus
904 2319 1056 2354 personas
1074 2313 1192 2342 vestras

452 2365 545 2398 etiam
571 2365 716 2398 familiari
741 2364 933 2408 experientia
964 2363 1063 2396 iuvari
1087 2372 1192 2406 perce-

451 2421 565 2465 pimus,
582 2419 770 2462 condignam
797 2418 950 2451 rationem
975 2417 1140 2457 habentes,
1157 2427 1192 2449 ac

452 2477 622 2518 propterca
646 2472 771 2506 easdem
796 2481 946 2515 personas
966 2476 1084 2504 vestras
1101 2481 1193 2514 pecu-

452 2526 578 2559 culiaris
602 2525 718 2559 sax-oris
743 2525 854 2568 gratia,
871 2535 906 2558 ac
928 2524 1072 2568 specialis
1096 2523 1193 2556 bono-

453 2579 496 2612 ris
520 2585 547 2613 et
574 2579 776 2612 excellentiae
801 2577 961 2622 dignitatis
986 2577 1074 2612 titulo
1099 2576 1193 2610 subli-

491 2653 501 2678 1
520 2649 590 2678 Edit.
607 2650 915 2687 Main.1egithoncs‹as,
928 2649 975 2677 sed
984 2658 1015 2677 ex
1026 2649 1130 2685 syntaxi
1142 2648 1191 2676 ho-

455 2698 588 2723 nestatem
605 2703 664 2722 esse
679 2694 822 2729 legendum
838 2694 951 2730 quisque
965 2694 1093 2729 perspicit
1103 2694 1190 2729 (nm).

1225 2309 1375 2343 celebrati
1399 2318 1462 2342 non
1479 2307 1635 2347 deferatis,
1663 2311 1715 2339 aut
1743 2305 1883 2339 civitates
1911 2305 1966 2338 hu-

1226 2362 1361 2396 iusmodi
1386 2372 1448 2395 non
1472 2359 1676 2401 incolueritis,
1693 2369 1750 2392 nec
1767 2368 1917 2402 umquam
1933 2358 1966 2391 in

1226 2417 1344 2450 eisdem
1369 2415 1548 2449 civitatibus
1568 2412 1762 2447 domicilium
1779 2411 1965 2454 habueritis)

1226 2475 1258 2503 ut
1284 2469 1432 2503 omnibus
1456 2474 1485 2502 et
1509 2466 1760 2511 quibuscumque
1783 2464 1966 2509 privilegiis,

1227 2522 1424 2556 facultatibus
1438 2548 1445 2563 ‚
1466 2519 1718 2564 exemptionibus
1732 2546 1738 2557 ,
1766 2518 1967 2552 immunitati-

1226 2576 1295 2617 bus,
1319 2574 1527 2614 libertatibus,
1549 2572 1717 2611 favoribus,
1741 2571 1851 2615 gratiis
1876 2575 1906 2604 et
1923 2570 1966 2604 in-

1225 2629 1330 2670 dultis,
1347 2629 1461 2673 quibus
1478 2626 1574 2661 ceteri
1594 2636 1702 2661 omnes
1723 2624 1837 2659 notarii
1854 2623 1965 2663 nostri,

1262 2693 1273 2720 1
1283 2691 1435 2728 Legendum
1442 2690 1509 2717 foret
1517 2689 1640 2718 mediate
1649 2690 1690 2716 vel
1700 2689 1866 2717 immediate
1875 2688 1964 2724 (nm).
