2293 3231
237 283 285 308 Αιι.
299 281 328 306 G.
353 279 420 307 ¹620

277 1141 421 1162 remmam<

239 1173 259 1188 tn
281 1167 422 1189 Romanorum

237 1196 388 1219 imperatorem
404 1202 422 1213 ι·-

239 1223 344 1247 miluus!
364 1226 405 1240 cor¹
416 1231 423 1235 -

239 1252 310 1269 utut,

303 2575 432 2596 nunonem

249 2607 309 2623 tunm
328 2608 341 2623 a
363 2603 432 2623 Penu-

249 2629 289 2650 nc·
311 2629 364 2655 petit
383 2634 432 2649 eou-

250 2655 335 2676 nrmn.

466 270 529 304 468
1017 275 1194 302 utrumnum

647 330 756 357 Paulus
785 328 960 362 episcopua,
1189 347 1191 351 ,

621 389 726 410 servus
747 388 902 409 servorum
922 380 983 412 Dei,
1188 379 1192 426 t

437 435 615 463 charissimo
635 435 665 462 in
686 434 802 462 Christo
821 434 882 461 filio
901 433 1099 465 ferdinando,
1121 431 1192 460 rto-2

472 487 634 507 manorum.
657 479 825 514 Enngariae
841 482 872 506 et
887 478 1044 506 Bohemiae
1063 478 1128 512 regi
1143 478 1175 504 il·
1190 466 1191 485 ¹

471 524 573 556 lustri,
590 524 718 549 satutem
735 526 764 550 et
785 522 979 556 apostoticam
995 521 1175 549 henedictio—
1190 503 1193 564 Ε

472 575 547 595 uem.

483 649 611 682 Romani
639 649 806 689 l'ontiticis,
823 649 877 693 qui
894 649 925 682 in
944 648 1035 681 terris
1051 648 1175 682 Domini
1190 643 1193 656 ¹

438 702 535 735 nostri
562 703 628 735 lesu
653 702 766 735 Christi
793 702 885 745 [tegis
910 712 1032 744 regum,
1053 701 1175 734 Domini

437 756 675 796 dominantium,
697 762 725 788 et
743 766 800 800 per
816 766 909 799 quem
925 766 1017 798 reges
1033 759 1176 798 regnant,

437 814 465 841 et
490 819 602 851 regum
627 809 807 842 conditores
832 809 912 842 iusta
936 809 1120 849 decernunt,
1146 808 1175 840 in

438 862 518 894 beati
545 862 625 895 Petri
644 862 723 896 Sede
741 863 823 895 vices
839 863 932 904 gerit.
953 862 1094 895 muneris
1109 872 1176 894 esse

437 915 647 958 dignoscitur,
673 926 752 960 quae
777 916 814 948 ad
839 926 1040 949 communem
1067 915 1179 948 utilita-

438 974 510 1007 tem,
536 970 667 1003 salutem
693 974 723 1001 et
746 969 953 1013 praesidinm,
979 974 1007 1000 ct
1033 968 1071 1001 ad
1096 964 1195 1017 sacril

439 1022 560 1054 romani
585 1022 710 1066 imperii
736 1028 850 1055 statum
876 1022 1050 1065 pertinent,
1072 1021 1178 1054 iudicii

437 1081 465 1108 et
491 1076 684 1109 auctoritatis
704 1086 778 1109 suae
795 1077 910 1109 robore
927 1075 1133 1108 communire.

482 1130 497 1173 ,ξ
511 1130 540 1162 1.
554 1130 762 1174 Quapropter.
776 1140 848 1163 cum
863 1130 993 1174 inclyta-¹
1009 1129 1178 1162 memoriae
1194 1141 1197 1168 ς

439 1183 563 1217 Matthia
582 1185 794 1217 Romanorum
813 1194 886 1225 rege
905 1183 934 1215 in
956 1183 1178 1226 imperatorem
1195 1200 1197 1208 ·

439 1237 538 1271 electo
556 1237 651 1270 rebus
667 1237 811 1270 humanis
828 1243 984 1280 exempto,
1006 1237 1181 1270 Romanum

443 1296 565 1323 vacaret
591 1290 772 1334 imperium,
796 1290 937 1323 eiusdem
955 1289 1079 1334 imperii
1100 1289 1198 1332 prin-¹

441 1345 526 1388 cipes
550 1345 712 1383 electores,
736 1355 753 1376 a
774 1343 942 1376 venerabili
961 1345 1056 1376 tratre
1074 1346 1199 1388 nostro:

1219 277 1374 302 ROMANUH

1208 326 1367 358 Sabellum
1394 325 1502 358 Albani
1527 326 1700 370 principem
1725 338 1832 361 coram
1857 328 1948 362 nobis

1209 378 1343 422 proponi
1369 378 1465 411 fecisti
1481 405 1488 418 ‚
1512 384 1621 422 petens
1645 380 1751 413 omnia
1775 381 1948 424 praemissa

1208 442 1266 475 per
1278 441 1336 465 nos
1351 431 1525 475 apostolic-:t
1541 432 1724 466 auctoritate
1741 434 1948 468 caeremoniis

1209 485 1327 517 servari
1352 485 1451 519 solitis
1475 485 1676 519 confirmari:

1254 542 1268 581 g
1287 538 1316 571 3.
1331 539 1404 579 Nos,
1418 538 1457 572 de
1474 539 1656 583 praemissis
1672 550 1730 584 per
1746 540 1885 584 legitima
1897 540 1950 575 do—

1210 596 1356 626 cumenta
1380 592 1547 626 sufficienti
1573 593 1680 626 habito
1704 593 1895 635 testimonio,
1919 598 1950 628 et

1210 656 1244 678 re
1258 657 1330 679 cum
1344 646 1575 680 venerabilibus
1591 647 1743 681 tran-ibus
1755 648 1872 682 nostris
1883 658 1951 682 san-

1210 705 1276 733 ctae
1301 700 1459 733 Romanae
1484 700 1640 734 Ecclesiae
1669 701 1882 736 cardinalibus
1904 701 1951 736 di-

1210 753 1344 795 ligenter
1367 757 1523 798 perpensa
1546 757 1576 788 et
1600 760 1723 789 mature
1742 755 1950 797 considerata,

1212 810 1323 849 magna
1343 807 1438 840 animi
1457 807 1555 841 nostri
1573 818 1645 841 cum
1663 809 1820 853 spirituali
1833 809 1950 843 laetitia

1211 870 1246 892 ex
1272 859 1380 893 eadem
1406 860 1557 894 electione
1582 863 1737 905 suscepta,
1761 861 1800 895 ad
1825 861 1950 896 laudem

1212 919 1239 946 ct
1265 913 1399 955 gloriam
1424 908 1650 958 omnipotentis
1674 915 1739 956 Dei,
1763 915 1953 958 gloriosissi-

1213 977 1344 1011 macque
1368 967 1435 1000 eius
1461 967 1626 1002 Genitricis
1653 968 1778 1010 Mariae,
1795 979 1831 1002 ac
1851 969 1954 1004 beato-

1214 1031 1283 1053 rum
1307 1021 1525 1064 apostolerum
1552 1021 1633 1055 Petri
1655 1026 1685 1054 et.
1701 1022 1798 1063 Pauli,
1814 1032 1873 1056 nee
1889 1032 1952 1056 non

1213 1074 1353 1107 eiusdem
1380 1074 1538 1108 Romanae
1563 1075 1720 1108 Ecclesiae
1739 1081 1768 1109 et
1800 1076 1881 1110 sacri
1898 1075 1954 1110 im-

1213 1127 1292 1170 perii
1310 1127 1530 1161 exaltationem
1544 1134 1574 1161 et
1590 1129 1755 1169 honorem,
1768 1129 1953 1164 electionem

1214 1181 1252 1214 de
1278 1183 1413 1225 persona
1439 1182 1609 1216 maiestatis
1635 1186 1705 1216 tuae
1722 1183 1753 1216 in
1770 1193 1878 1227 regem
1896 1183 1954 1217 Ro-

1215 1245 1380 1268 manorum
1405 1235 1545 1268 futurum
1570 1237 1793 1280 imperatorem
1811 1243 1841 1271 et
1864 1248 1956 1272 coro-

1215 1289 1372 1322 nationem
1393 1289 1425 1322 in
1449 1289 1531 1322 dicta
1557 1290 1680 1323 civitate
1697 1291 1895 1324 Francot'urti
1915 1291 1956 1324 sa-

1215 1348 1289 1383 etas,
1304 1343 1344 1376 ob
1361 1343 1644 1387 praestantissimas
1657 1344 1753 1377 animi
1769 1349 1800 1377 ct
1813 1344 1956 1389 corporis

443 1397 556 1431 Ioanne
581 1397 818 1441 archiepiscopo
836 1397 1017 1439 Moguntino
1035 1407 1092 1440 pro
1114 1395 1199 1439 inu-2
1217 1397 1259 1430 tui
1277 1397 1374 1437 dotes,
1393 1397 1702 1442 luculentissimaque
1716 1409 1825 1431 earum
1843 1398 1956 1433 indicia

442 1461 516 1484 nere
530 1462 586 1484 suo
604 1451 634 1484 in
652 1451 807 1484 civitatem
823 1450 1017 1483 Francot'urti
1039 1450 1076 1482 de
1095 1441 1199 1507 more}
1216 1462 1250 1483 ac
1276 1450 1462 1490 testimonia,
1480 1455 1508 1482 ct
1523 1450 1731 1483 certissimam
1748 1461 1846 1495 spem,
1862 1461 1956 1496 quam

441 1505 480 1538 ad
500 1510 618 1538 certam
643 1504 726 1537 diem
745 1505 855 1542 vocati,
873 1505 903 1537 in
924 1504 1035 1537 eadem
1060 1503 1182 1536 civitate
1197 1512 1199 1547 ff
1216 1503 1253 1536 tle
1271 1507 1299 1537 te
1317 1503 1347 1536 in
1365 1508 1489 1536 sanctae
1514 1503 1586 1537 fidei
1611 1514 1646 1537 ac
1670 1504 1834 1547 religionis
1854 1505 1958 1539 catho-

442 1559 662 1592 convcnicntcs
690 1562 721 1592 ut
747 1559 962 1591 Romanorum
980 1568 1086 1600 regem
1105 1556 1293 1604 t'utu-jlicae
1330 1568 1365 1590 ac
1398 1559 1506 1590 nostra
1541 1562 1571 1590 et
1607 1558 1765 1591 Romanae
1801 1558 1957 1592 Ecclesiae

442 1623 513 1645 rum
537 1612 761 1656 imperatorem
787 1612 948 1653 eligerent,
974 1612 1026 1655 qui
1047 1612 1184 1655 praecel-
1217 1610 1362 1654 illiusque
1393 1621 1499 1644 rerum
1526 1617 1556 1643 et
1580 1611 1736 1645 bonorum
1766 1611 1956 1655 defensione,

443 1665 484 1698 sis
497 1665 656 1708 regiisque
677 1665 845 1698 virtutihus
864 1665 1092 1708 rempublicam
1118 1670 1183 1697 tue·
1217 1664 1480 1708 propagationem
1498 1665 1695 1708 protectione
1707 1669 1893 1710 conceptam
1907 1665 1958 1699 ha-

442 1723 539 1759 retur,
565 1718 657 1751 iidem
683 1718 841 1762 principes
867 1724 904 1755 te„
931 1718 982 1761 qui
1005 1718 1182 1761 llungariae
1217 1718 1338 1757 bemus,
1361 1717 1399 1751 dc
1423 1718 1609 1751 eorumdem
1629 1718 1763 1752 fratrum
1781 1719 1913 1753 consilio
1928 1724 1958 1753 et

443 1777 472 1805 et
496 1772 664 1805 Bohcmiac
688 1783 740 1805 rex
767 1783 846 1813 eras,
872 1771 1010 1804 mianimi
1028 1781 1183 1804 consensu
1218 1771 1358 1804 unanimi
1381 1781 1529 1811 assensu,
1554 1772 1739 1805 auctoritate
1763 1772 1935 1816 apostolica
1950 1800 1957 1813 ,

443 1826 547 1859 divina
572 1827 692 1859 favento
723 1826 889 1858 clementia
914 1826 943 1858 in
971 1826 1183 1859 Romanorum
1198 1827 1202 1879 Ι
1218 1831 1248 1857 et
1271 1836 1307 1858 ex
1332 1827 1418 1858 certa
1442 1827 1549 1858 nostra
1571 1825 1710 1866 scicntia,
1727 1836 1762 1858 ac
1780 1826 1818 1859 de
1834 1831 1959 1870 aposto-

443 1891 551 1924 regem
576 1881 716 1914 futurum
746 1880 971 1924 imperatorem
1003 1879 1185 1912 sotcnuiiter

443 1934 617 1977 elegerunt,
635 1939 729 1978 tuque
745 1933 889 1967 electioni
917 1933 1109 1973 huiusmodi,
1127 1933 1184 1966 ob-

444 1988 506 2022 lato
529 1987 585 2020 tihi
621 1987 659 2020 de
694 1998 784 2021 more
807 1987 952 2026 decreto,
985 1997 1046 2030 qua
1081 1986 1182 2020 decuit

444 2041 599 2075 modestia
623 2041 825 2081 consensisti,
849 2053 885 2074 ac
913 2040 1025 2074 deinde
1049 2041 1081 2073 in
1105 2041 1187 2073 cius-

445 2095 516 2128 dem
530 2094 662 2128 civitatis
679 2094 844 2137 collegiata
858 2093 988 2127 ecelesia
1003 2094 1101 2126 saneti
1116 2094 1186 2127 Bar-

446 2147 626 2187 tholomaei,
639 2152 706 2191 post
723 2147 890 2180 missarum
904 2146 1055 2180 solemnia
1069 2158 1086 2179 a
1099 2157 1186 2190 prae-

1218 1879 1295 1911 lieae
1319 1879 1482 1922 potestatis
1506 1878 1710 1922 plenitudine,
1737 1882 1844 1913 tenore
1868 1889 1959 1924 prae-

1218 1933 1375 1972 sentium,
1407 1932 1632 1966 confirmamus
1661 1939 1691 1966 et
1723 1933 1957 1978 approbamus,

1218 1995 1389 2029 omnesque
1414 1989 1443 2019 ct
1468 1986 1609 2029 singulos
1632 1986 1710 2019 iuris
1734 1991 1764 2019 et
1787 1987 1859 2020 sacti
1878 1986 1960 2020 dese-

1219 2045 1296 2080 ctus,
1321 2039 1374 2082 qui
1399 2044 1449 2071 aut
1475 2039 1595 2072 ratione
1620 2040 1739 2072 formae
1763 2044 1816 2072 aut
1833 2039 1893 2073 loci
1909 2050 1960 2074 co-

1218 2093 1392 2127 ronationis
1406 2092 1544 2125 eiusdem
1558 2097 1611 2125 aut
1627 2103 1835 2136 personarum
1848 2093 1960 2127 electo-

1219 2157 1290 2179 rum
1315 2145 1517 2186 corumdem,
1542 2155 1598 2178 seu
1634 2145 1727 2178 etiam
1752 2155 1789 2178 ex
1813 2156 1851 2179 eo
1874 2145 1958 2190 quod

445 2200 529 2234 dicto
554 2200 668 2233 Ioanne
684 2199 924 2243 archiepiscopo
941 2199 1124 2241 Moguntino
1140 2197 1203 2255 (το-ἱ
1220 2199 1301 2232 idem
1322 2199 1451 2233 Matliias
1475 2199 1593 2232 electus
1617 2198 1790 2243 imperator
1806 2199 1844 2234 de
1863 2209 1959 2234 manu

446 2254 576 2291 lehi-ata,
589 2264 646 2297 per
663 2258 692 2286 te
707 2253 737 2285 in
753 2253 897 2286 manibus
907 2252 1047 2286 eiusdem
1063 2253 1185 2286 loannis
1200 2265 1203 2288 a
1221 2252 1351 2286 Romani
1376 2251 1535 2285 Pontificis
1563 2262 1692 2285 auream
1721 2263 1872 2286 coronam
1895 2262 1959 2287 non

446 2306 673 2350 archiepiscopi
690 2306 840 2349 praestito
857 2316 945 2339 more
959 2305 1185 2338 catholicorum
1200 2293 1204 2339 l
1220 2306 1413 2349 susceperit,
1445 2316 1499 2338 seu
1533 2305 1642 2349 quavis
1661 2305 1734 2349 ‘alia
1766 2305 1887 2340 ratione
1910 2306 1959 2339 vel

448 2370 558 2402 regum
584 2360 797 2393 Romanorum
823 2359 1101 2403 praedecessormn
1124 2364 1187 2393 tuo·
1201 2345 1204 2410 Ξ
1220 2361 1313 2392 causa
1338 2359 1369 2391 in
1394 2358 1574 2392 huiusmodi
1597 2358 1749 2392 electione
1772 2364 1803 2392 et
1826 2368 1959 2392 corona-

448 2423 518 2445 rum
544 2412 730 2453 iuramento,
755 2412 887 2456 aliisque
911 2412 1106 2446 solemnibus
1130 2413 1203 2446 ritct
1221 2412 1304 2446 tione
1328 2411 1440 2455 quovis
1463 2411 1558 2444 modo
1583 2411 1687 2444 forsan
1711 2410 1958 2452 intervenerint,

449 2466 594 2508 peractis,
618 2465 691 2498 dicti
710 2465 832 2499 loannis
845 2465 1074 2509 archiepiscopi
1098 2466 1187 2498 mini-

448 2518 543 2551 sterio
556 2519 618 2552 ritu
632 2524 661 2551 et
675 2521 791 2562 pompa
805 2518 897 2551 solita
910 2523 1079 2551 coronatus
1091 2518 1186 2552 suisti.
1201 2511 1205 2584 Ι

492 2572 507 2614 g
530 2571 560 2604 2.
584 2571 736 2610 Quoniam
762 2582 836 2604 vero
861 2571 1033 2607 electionis,
1059 2581 1188 2604 corona-

1220 2465 1421 2509 supplemus,
1447 2471 1539 2508 teque
1563 2464 1607 2497 sic
1631 2464 1764 2497 electum
1789 2469 1819 2497 et
1842 2464 1959 2498 confir-

1221 2524 1339 2551 matum
1364 2519 1402 2551 ad
1427 2517 1659 2562 suscipiendum
1674 2517 1845 2562 imperialis
1861 2518 1960 2562 digni-

1220 2572 1291 2604 tatis
1304 2572 1439 2613 culmen,
1453 2571 1517 2604 suis
1533 2571 1603 2604 loco
1617 2576 1648 2604 et
1660 2575 1813 2615 tempore,
1827 2571 1958 2615 dignum

449 2625 601 2669 tionisque
625 2626 787 2668 negotium
813 2625 993 2659 huiusmodi
1009 2636 1113 2669 nuper
1129 2636 1186 2670 per
1220 2631 1250 2658 et
1274 2625 1420 2659 idoneum
1453 2625 1546 2658 ctiam
1576 2624 1777 2658 decernimus
1800 2630 1831 2658 et
1854 2624 1959 2659 decla-

448 2679 595 2712 dilectum
627 2679 725 2712 [ilium
757 2679 894 2713 nobilem
927 2679 1029 2712 virum
1055 2679 1186 2712 Paulum
1221 2689 1336 2712 ramus.

1963 281 2013 308 An.
2027 280 2056 308 C.
2076 280 2147 309 im

2036 557 2150 579 Mra-t

1965 583 2051 606 Palu.
