2293 3231
301 266 347 291 Αιι.
366 262 481 290 (2161‘2

326 1883 348 1906 lu
364 1883 483 1905 ordinariis.

526 254 540 287 1
549 253 590 287 fr]

547 311 615 344 10¹4.
642 311 702 344 Pro
727 310 872 344 mandato
896 310 934 343 de
958 310 1098 354 parendo
1115 315 1236 343 senten-

498 365 567 405 tiae,
593 364 683 398 iulios
709 370 779 397 tres.

542 417 614 452 165.
641 417 700 451 Pro
733 416 945 461 reportatione
976 415 1051 450 dicti
1080 416 1237 458 mandati,

499 470 683 505 bononenos
707 470 794 504 duos.

543 524 615 558 166.
642 525 671 559 Si
698 536 768 558 cum
794 523 978 568 repetitione
1001 530 1145 558 actorum
1171 535 1239 558 sen-

498 579 620 619 tentiae,
637 579 700 612 sivc
717 578 951 620 sententiarum,
965 585 995 612 et
1009 579 1054 612 rei
1072 579 1236 620 iudicatae,

498 632 679 666 bononenos
704 638 822 676 septem
847 644 918 666 cum
943 632 1081 666 dimidio.

543 685 614 720 167.
642 687 701 720 Pro
726 686 880 720 mandatis
896 687 1091 731 exequutivis
1108 687 1139 720 in
1156 698 1237 720 sum-

496 739 613 780 mariis,
639 740 686 773 vel
710 740 915 784 exequutivis,
931 746 960 774 et
985 740 1094 784 vigore
1117 741 1237 784 obliga-

497 792 588 826 tionis
617 792 647 825 in
676 794 775 826 forma
800 804 952 835 camerae,
972 804 1070 838 usque
1088 793 1126 826 ad
1151 804 1235 827 sum-

497 857 578 880 mam
604 846 790 881 ducatorum
807 847 927 888 decem,
944 847 1054 881 iulium
1075 858 1189 888 unum,

540 899 614 934 168.
633 902 655 934 Α
674 901 783 934 decem
803 911 901 946 usque
918 901 955 934 ad
974 901 1234 945 vigintiquinque,

497 954 588 988 iulios
604 954 682 989 duos
696 966 703 995 ;

541 1007 614 1042 169.
639 1010 663 1043 A
689 1008 935 1053 vigintiquinque
960 1019 1058 1054 usque
1081 1008 1120 1042 ad
1143 1009 1254 1061 quin-f

496 1064 654 1108 quaginta,
678 1063 863 1097 bononenos
887 1063 1134 1108 trigintaseptem
1163 1074 1235 1097 cum

496 1117 648 1157 dimidio;

540 1170 613 1205 170.
639 1172 663 1205 A
681 1170 905 1216 quinquaginta
924 1182 1025 1216 usque
1040 1171 1078 1205 ad
1099 1176 1234 1211 centum,

495 1225 589 1259 iulios
613 1236 662 1260 sex
675 1237 683 1266 ;

539 1279 613 1313 171.
638 1281 662 1313 A
687 1285 810 1312 centum
844 1290 943 1324 usque
967 1279 1005 1313 ad
1029 1279 1234 1324 quingentos,

496 1332 589 1367 iulios
613 1333 741 1373 deccm;

541 1385 614 1419 172.
640 1387 664 1419 Α
688 1386 867 1430 quingentis
883 1397 983 1430 usque
999 1386 1037 1419 ad
1054 1396 1236 1430 quamcum-

495 1450 556 1484 que
580 1450 744 1481 sumumm,
769 1440 861 1473 iulios
885 1440 1072 1484 quindecim.
1252 1439 1253 1450 ³

541 1492 613 1527 173.
641 1494 699 1527 Pro
724 1493 869 1527 mandato
893 1494 1051 1538 duplicato
1075 1504 1173 1538 usque
1197 1493 1235 1526 ad

495 1558 650 1581 summam
694 1553 855 1581 scutorum
895 1547 1024 1588 decem,
1052 1547 1235 1583 bononenos

495 1601 647 1646 quinque;

539 1654 613 1689 174.
639 1655 741 1699 Usque
777 1654 815 1688 ad
851 1655 1100 1699 quinquaginta,
1125 1654 1234 1688 iulium

497 1718 611 1749 unum3

540 1762 614 1796 2175.
639 1762 686 1795 Ab
711 1761 782 1795 inde
816 1773 914 1806 usque
943 1762 981 1795 ad
1005 1771 1236 1807 quamcumque

497 1827 662 1858 summam,
688 1817 872 1850 bononenos
895 1816 1014 1860 viginti.

542 1870 615 1905 176.
641 1871 701 1905 Pro
721 1870 868 1904 mandato
885 1870 1015 1904 servatis
1031 1869 1202 1910 servandis,
1218 1879 1236 1902 a

498 1925 746 1970 vigintiquinque
762 1936 860 1970 usque
880 1925 918 1958 ad
935 1924 1159 1969 quinquaginta
1179 1924 1236 1957 du-

497 1984 592 2020 catos,
616 1979 708 2012 iulios
733 1984 795 2012 tres
808 1990 815 2018 3

1251 1108 1254 1128 l

541 2033 614 2067 177.
640 2035 664 2067 A
688 2033 912 2077 quinquaginta
930 2043 1028 2076 usque
1045 2032 1082 2065 ad
1099 2039 1235 2073 centum,

498 2086 590 2121 iulios
613 2098 684 2127 sex,

541 2139 614 2174 178.
640 2141 663 2174 Α
681 2146 806 2174 centum
825 2151 923 2184 usque
937 2140 975 2173 ad
991 2146 1154 2181 trecentos,
1170 2151 1236 2173 scu-

498 2200 563 2227 tum
588 2204 684 2227 unum
700 2205 706 2234 ;

540 2247 614 2281 179.
640 2249 663 2281 Α
688 2247 834 2281 trecentis
859 2257 958 2291 usque
982 2247 1020 2280 ad
1036 2247 1233 2291 quingentos,

497 2301 589 2335 iulios
613 2301 808 2346 quindecim;
841 2336 843 2338 ,

542 2354 614 2389 186.
636 2357 660 2389 A
676 2355 855 2399 quingentis
877 2366 975 2399 usque
992 2354 1030 2388 ad
1050 2365 1235 2399 quamcum-

498 2420 558 2453 que
583 2420 746 2450 summam,
772 2414 858 2442 scuta
882 2409 954 2442 duo.

543 2462 615 2496 181.
641 2463 700 2497 Pro
725 2463 877 2496 mandatis
899 2462 1075 2507 duplicatis,
1095 2467 1236 2496 servetur

499 2516 600 2550 forma
623 2517 769 2561 superius
794 2516 915 2550 tradita.

533 2569 606 2603 189...
617 2570 676 2603 Pro
689 2570 834 2604 mandato
843 2570 951 2613 vigore
965 2569 1101 2610 termini,
1110 2568 1236 2614 quando

500 2623 616 2667 aliquid
634 2633 695 2657 non
714 2624 803 2657 suerit
830 2623 1034 2664 moncatum,
1054 2623 1237 2657 bononenos

503 2684 564 2712 tres
576 2689 584 2719 3

1042 262 1220 286 BULLARIUM
1240 261 1394 286 Romnum

1314 308 1388 342 183.
1412 308 1540 348 Quando
1564 319 1639 343 vero
1669 309 1764 343 suerit
1785 308 1903 353 aliquid
1927 307 2009 342 veri-

1271 362 1409 403 ficatum,
1434 361 1548 396 solvat¹
1573 367 1607 395 ut
1631 372 1726 407 supra
1750 362 1808 396 suit
1823 361 2008 407 dispositum

1272 416 1302 449 in
1326 415 1480 449 mandatis
1504 415 1634 449 servatis
1657 414 1826 449 servandis.

1316 469 1389 503 184.
1414 469 1474 503 Pro
1498 468 1646 502 mandato
1676 468 1715 502 de
1746 469 1924 504 evacuando
1947 479 2010 503 ser-

1272 524 1349 557 vatis
1373 522 1544 563 servandis,
1569 521 1661 556 iulios
1685 527 1757 555 tres.

1314 577 1388 611 185.
1402 577 1462 611 Pro
1475 575 1621 610 mandato
1634 575 1820 621 suspicionis
1832 575 1924 620 fugae
1937 586 2008 610 cuni

1270 631 1422 672 examine,
1447 631 1511 664 sive
1536 630 1651 664 iurium
1675 629 1892 675 productione,
1912 630 2010 664 bono-

1269 696 1368 719 nenos
1391 683 1580 729 quindecim.

1314 738 1388 772 186.
1413 739 1473 772 Pro
1497 738 1644 772 mandato
1667 738 1706 771 de
1729 737 1930 771 restituendis
1959 737 2008 782 pi-

1269 792 1423 836 gnoribus
1447 792 1547 837 captis
1570 792 1678 836 vigore
1703 791 1839 825 mandati
1855 791 1886 825 in
1903 796 2010 825 contu-

1269 847 1412 888 maciam,
1435 846 1618 880 bononenos
1642 851 1714 880 tres.

1312 900 1386 935 187.
1411 901 1442 935 Si
1467 911 1541 935 vero
1572 900 1704 934 ulterius
1732 898 1890 940 mandati,
1913 898 2008 933 bono-

1268 965 1366 989 nenos
1389 955 1537 1000 quinque.

1312 1008 1386 1042 188.
1411 1009 1472 1043 Pro
1488 1007 1634 1042 mandato
1649 1007 1687 1041 de
1699 1005 1940 1047 excarcerando,
1953 1016 2007 1040 seu

1268 1062 1437 1096 relaxando
1450 1067 1621 1102 carcerato,
1635 1071 1695 1106 pro
1711 1070 1909 1105 quacumque
1926 1070 2009 1094 sum-

1269 1119 1330 1158 ma,
1355 1117 1540 1150 bononenos
1563 1114 1752 1160 quindecim.

1313 1169 1386 1203 189.
1411 1169 1472 1203 Pro
1507 1168 1652 1202 mandato
1687 1167 1826 1211 gratioso
1855 1167 1886 1200 in
1909 1166 2008 1201 consi-

1251 1205 1254 1251 Ῑ
1269 1223 1415 1267 gnatione
1431 1223 1559 1257 cedulae
1572 1221 1716 1267 depositi,
1730 1232 1784 1255 seu
1802 1221 2006 1265 pecuniarum

1268 1277 1344 1311 alibi
1367 1287 1461 1322 quarn
1487 1276 1517 1310 in
1542 1276 1686 1309 manibus
1714 1274 1827 1309 notarii
1850 1274 2007 1319 deposita-

1252 1336 1350 1372 rum,
1366 1341 1466 1375 usque
1490 1330 1529 1363 ad
1553 1340 1709 1363 summam
1725 1333 1886 1362 scutortun
1907 1327 2008 1371 vigin-

1269 1385 1450 1429 tiquinque,
1476 1383 1586 1417 iulium
1606 1393 1720 1423 unum;

1318 1438 1386 1471 190.
1412 1438 1435 1470 A
1460 1437 1709 1481 vigintiquinque
1725 1446 1825 1480 usque
1841 1435 1878 1469 ad
1903 1445 2009 1480 quam-

1269 1502 1404 1536 cumque
1428 1501 1594 1531 summam,
1619 1490 1711 1524 iulics
1734 1495 1807 1523 tres.

1313 1545 1387 1579 191.
1417 1544 1476 1578 Pro
1493 1549 1615 1578 arresto
1641 1543 1670 1576 in
1691 1542 1880 1582 carceribus,
1897 1541 2007 1575 iulium

1270 1610 1376 1633 unum.

1314 1652 1387 1687 192.
1414 1652 1474 1686 Pro
1498 1652 1693 1697 appositione
1724 1661 1835 1684 manus
1865 1650 1896 1684 in
1919 1659 2007 1683 man-

1269 1707 1348 1740 datis
1371 1707 1499 1740 alterius
1524 1706 1651 1746 iudicis,
1675 1715 1692 1738 a
1715 1705 1824 1740 decem
1849 1704 1939 1745 infra,
1955 1703 2008 1738 bo-

1269 1771 1409 1796 nonenos
1433 1760 1592 1804 quinque;

1314 1814 1387 1848 193.
1412 1814 1458 1847 Ab
1483 1813 1554 1847 inde
1578 1823 1677 1858 usque
1707 1812 1746 1845 ad
1777 1821 2007 1857 quamcumque

1269 1879 1434 1909 summam,
1458 1868 1643 1902 bononenos
1667 1866 1856 1912 quindecim.

1314 1923 1386 1957 «194.
1412 1922 1472 1956 Pro
1500 1921 1694 1966 appositione
1721 1930 1833 1953 manus
1861 1920 1891 1953 in
1919 1930 2007 1954 man-

1269 1977 1341 2012 dato
1365 1977 1404 2010 dc
1427 1975 1596 2009 auferendo
1621 1975 1762 2019 pallium,
1779 1974 1818 2007 de
1837 1974 2007 2019 aperiendo

1269 2037 1391 2075 portam
1416 2041 1473 2074 per
1491 2029 1564 2070 vim,
1583 2029 1629 2061 vel
1647 2028 1685 2062 de
1702 2028 1864 2073 capiendo,
1881 2028 2007 2073 quando

1269 2095 1331 2119 non
1354 2089 1455 2129 potest
1479 2083 1589 2127 exequi
1613 2083 1643 2116 in
1667 2082 1773 2123 bonis,
1797 2082 1845 2115 vel
1869 2081 1907 2115 de
1934 2092 2007 2116 exe-

1269 2137 1393 2182 quendo
1417 2147 1478 2170 non
1503 2137 1646 2169 obstante
1668 2135 1906 2179 significatione,
1923 2140 1954 2168 et
1969 2135 2008 2168 si-

1269 2191 1405 2232 milibus
1429 2191 1611 2224 bononenos
1637 2194 1708 2223 tres.

1313 2245 1385 2278 195.
1401 2245 1460 2278 Pro
1474 2244 1620 2277 mandato
1633 2243 1670 2277 de
1684 2242 1881 2276 immittendo
1894 2242 1923 2275 in
1936 2252 2006 2286 pos-

1269 2299 1451 2340 sessionem,
1476 2304 1505 2332 et
1529 2298 1566 2332 de
1590 2296 1791 2337 associando,
1815 2296 1906 2330 iulios
1930 2301 2004 2330 tres.

1313 2352 1386 2386 196.
1411 2352 1470 2386 Sed
1502 2353 1526 2385 si
1559 2356 1641 2385 esset
1671 2351 1844 2384 relaxatum
1875 2349 2006 2383 servatis

1269 2407 1427 2440 servandis
1450 2407 1482 2440 in
1505 2405 1672 2440 ordinariis
1688 2404 1790 2438 causis
1814 2404 1927 2438 habeat
1952 2414 2006 2438 no-

1270 2462 1367 2494 tarius
1386 2466 1481 2506 prout
1495 2461 1527 2494 in
1544 2458 1711 2494 ordinariis
1728 2459 1830 2492 causis
1846 2469 1905 2503 pro
1923 2468 2006 2492 man·

1269 2515 1342 2549 dato
1366 2514 1553 2559 exequutivo
1570 2518 1615 2546 est
1638 2512 1840 2556 dispositum;
1857 2517 1888 2545 et
1904 2511 1935 2545 in
1951 2511 2006 2545 du·

1307 2640 1318 2666 1
1341 2637 1484 2665 videretur
1499 2636 1586 2672 potius
1606 2635 1749 2671 legendum
1766 2639 1813 2663 aut
1830 2635 1942 2670 habeut,
1959 2639 2006 2662 aut

1269 2684 1397 2711 solvatur
1415 2683 1453 2718 (n.
1468 2681 1516 2716 r).

2023 260 2073 288 Λιι.
2089 259 2118 289 c.
2137 244 2251 295 mv?
