2293 3231
45 299 96 326 An.
112 296 225 324 (1.161ῗ

882 292 1001 317 munis
1025 292 1045 315 V
1069 291 1116 315 PP-

242 341 363 375 custodi
389 351 561 381 carcerum,
578 341 631 384 qui
649 345 790 373 teneatur
815 340 919 373 omnia
938 340 980 372 in-

1655 278 1717 312 107
1765 288 1813 315 An.
1834 288 1862 315 c.
1882 289 1948 316 1022

1056 339 1108 371 134,
1126 339 1162 371 Et
1178 337 1231 370 ubi
1250 336 1367 370 iudices
1385 335 1415 369 in
1432 335 1585 369 mandatis
1598 335 1636 368 de
1650 346 1753 369 excar-

242 400 329 438 tegrc
343 395 508 427 restituere
527 394 565 426 ad
589 394 770 426 mandatum
789 393 909 433 iudicis,
927 393 978 436 qui
1014 393 1149 425 cerando
1173 395 1333 436 apponunt
1357 390 1528 424 clausulam
1549 390 1666 433 absque
1685 389 1753 423 atat

243 449 330 481 illum
355 448 423 491 capi
448 448 529 480 fecit.

286 500 338 534 ⁶28.
363 501 426 534 Nec
442 501 562 544 possint
587 500 732 533 custodes
750 500 796 533 vel
818 499 980 543 capitanei,

243 554 410 597 quicquam
445 555 703 587 vestimentorum
733 552 900 586 carceratis
931 562 983 584 au-

243 608 336 648 ferre,
353 608 400 639 vel
425 608 483 640 sibi
507 608 654 648 retinere,
671 611 834 650 praetextu
857 603 984 637 alimen-

244 666 349 695 torum
375 662 609 705 praestitorum,
634 661 691 694 sub
715 661 815 704 poena
839 659 984 703 privatio-

244 714 292 747 nis
316 714 420 755 officii,
441 719 471 747 et
495 714 578 755 aliis,
598 713 728 747 arbitrio
754 713 959 746 visitatorum.

290 767 341 799 ἓξ).
361 768 497 800 Detentis
513 768 544 800 in
561 767 690 800 secretis
703 766 883 800 carceribus
898 765 984 798 nullo

245 823 346 861 pacto,
360 818 479 851 directe
495 818 543 851 vel
560 818 720 858 indirecte,
733 817 919 862 prohibeant
938 816 985 849 vel

247 871 428 915 impediant,
445 871 613 915 quominus
629 871 775 903 alimenta
792 870 916 903 aliunde
936 870 988 903 de-

248 925 403 965 ferantur,
432 925 511 958 facta
539 930 641 957 tamen
669 925 757 968 prius
784 935 840 968 per
869 924 987 968 seipsos

249 978 393 1011 custodes
403 978 544 1021 diligenti
558 978 769 1021 inquisitione,
778 988 817 1010 ne
831 976 987 1021 apoditfa¹,

249 1031 296 1064 vel
320 1031 394 1074 quid
419 1031 502 1064 aliud
530 1032 561 1064 in
588 1032 714 1065 ferculis
741 1031 988 1071 transmittatur,

248 1083 308 1116 nisi
327 1084 411 1116 aliud
428 1084 486 1116 sibi
502 1095 520 1117 a
533 1084 635 1117 iudice
652 1084 873 1117 demandatum
887 1084 988 1118 fuerit.

249 1138 349 1180 Atque
378 1137 408 1170 in
436 1138 488 1170 tali
516 1149 589 1171 casu
618 1138 840 1171 alimentorum
866 1138 990 1171 aliunde

250 1191 440 1232 habitorum,
454 1202 517 1225 non
530 1192 651 1236 possint
664 1193 809 1226 custodes
822 1193 989 1236 quicquam

251 1255 268 1277 a
290 1244 381 1278 dictis
405 1246 588 1286 carceratis,
612 1256 713 1290 neque
736 1257 794 1290 pro
819 1246 990 1287 alimentis,

251 1308 352 1342 neque
369 1299 429 1331 alia
446 1299 484 1332 de
501 1302 595 1333 causa
612 1300 828 1343 praetendere.

296 1351 348 1385 30.
366 1353 390 1385 A
408 1353 576 1386 carceratis
591 1358 696 1386 autem
718 1353 748 1385 in
772 1353 906 1397 publicis
929 1364 993 1386 car-

253 1404 394 1445 ceribus,
411 1410 457 1445 et,
474 1411 508 1438 ut
525 1406 649 1447 dicitur,
667 1406 705 1439 ad
722 1407 842 1449 largam
859 1407 993 1439 existen-

254 1457 355 1499 tibus,
379 1459 456 1491 nihil
484 1470 542 1503 pro
566 1461 707 1500 camera,
733 1460 921 1503 passeggio,
946 1461 993 1492 vel

255 1512 348 1545 etiam
370 1512 544 1545 alimentis2
560 1513 642 1546 ultra
660 1513 797 1557 quinque
808 1514 874 1546 dies
888 1518 994 1557 petere

255 1570 383 1608 possint.

299 1617 351 1651 31.
368 1618 518 1652 Similiter
532 1630 590 1663 pro
609 1619 872 1664 transportatione
889 1631 995 1653 carce-

257 1677 398 1704 ratorum
416 1673 453 1704 ad
474 1673 551 1706 alios
567 1683 710 1706 carceres
726 1673 764 1706 dc
781 1674 927 1706 mandato
948 1674 996 1706 iu-

257 1724 335 1758 dicis
351 1725 503 1766 facienda,
516 1727 562 1759 vel
579 1737 637 1770 pro
654 1727 845 1760 extractione
861 1738 877 1760 a
891 1738 996 1760 carce-

258 1778 345 1811 ribus
360 1779 399 1811 ad
415 1778 562 1812 effectum
583 1779 714 1813 alicuius
738 1786 933 1820 contractus,
951 1780 997 1813 vel

258 1831 457 1874 obligationis
473 1832 642 1873 faciendae,
655 1839 705 1866 aut
720 1833 813 1866 etiam
827 1844 884 1877 pro
898 1838 999 1866 extra-

259 1885 361 1918 ctione
378 1886 583 1929 compedum,
601 1886 678 1919 nihil
698 1887 859 1930 recipiant.

303 1938 355 1972 32.
380 1941 441 1973 Nec
464 1950 521 1983 pro
545 1945 666 1973 arresto
691 1940 729 1972 ab
753 1941 998 1980 aii-restantibus,

261 1991 354 2024 etiam
383 1998 492 2036 sponte
521 1993 682 2033 dantibus,
707 1994 776 2037 plus
803 1994 929 2037 exigant
952 1994 1000 2026 vel

262 2045 430 2089 recipiant,
446 2057 539 2090 quam
562 2057 578 2079 a
601 2052 761 2081 carcerato
782 2048 919 2090 exigitur
943 2058 1000 2091 pro

262 2099 452 2132 relaxatione
468 2110 485 2132 a
502 2100 691 2133 carceribus.

306 2151 357 2185 33.
369 2153 436 2186 Non
449 2153 630 2196 permittant
643 2155 673 2186 in
686 2154 820 2198 publicis
834 2155 1002 2187 mulierum

263 2205 460 2246 carceribus,
476 2216 578 2249 neque
599 2207 637 2239 ad
662 2217 770 2239 earum
794 2207 913 2240 ferreos
930 2218 1003 2240 can—

263 2259 369 2300 cellos,
387 2269 441 2292 seu
458 2259 618 2299 fenestras,
632 2259 767 2302 aliquem
784 2261 880 2293 alium
898 2272 1003 2294 carce-

264 2317 368 2345 ratum
388 2312 554 2352 accedere,
571 2323 626 2345 seu
643 2314 771 2346 versari.

301 2387 313 2410 1
335 2384 377 2412 Sic
397 2385 462 2412 edit.
483 2383 540 2418 obs,
562 2393 612 2412 nec
630 2385 691 2412 novi
706 2385 770 2421 quid
785 2385 835 2412 sit:
858 2385 949 2413 forsan
964 2386 1004 2412 le-

265 2430 384 2465 gendum
404 2430 547 2465 apodissa.
569 2430 644 2465 Apud
661 2429 788 2465 Ducange
807 2431 959 2465 apoclissa,
976 2439 1006 2456 α-

264 2475 390 2510 podiwa,
407 2483 422 2502 e
445 2474 490 2502 Gr.
511 2476 639 2507 ἀπόδειξις,
660 2479 700 2501 est
719 2476 807 2501 cautio
827 2475 860 2501 de
879 2476 1006 2510 suscepta

267 2519 381 2555 pecunia
395 2519 474 2554 (Gall.
493 2519 651 2552 Quitancefl
669 2524 695 2546 et
714 2520 772 2546 Itali
789 2519 877 2546 adhuc
892 2520 1007 2546 Polizza

268 2563 369 2598 dicunt,
385 2562 476 2590 forsan
496 2563 529 2590 ah
549 2564 688 2598 apozima,
710 2564 838 2590 cartulam
858 2563 1008 2590 manuscri-

268 2611 342 2643 ptam
362 2616 432 2643 quae
456 2607 508 2634 vim
532 2607 631 2635 habeat
653 2608 783 2643 legalem:
810 2615 905 2634 sensus
924 2607 974 2634 iste
993 2615 1007 2634 a

269 2651 328 2679 loco
342 2655 434 2679 nostro
448 2660 502 2679 non
516 2652 632 2680 absonus
651 2655 692 2678 est
713 2652 751 2687 (n.
767 2652 816 2686 τ.).

305 2696 322 2723 2
338 2697 485 2732 Pei-peram
500 2696 565 2724 edit.
580 2696 658 2724 Main.
675 2696 739 2732 tegit
753 2696 885 2724 alimenti
900 2696 988 2731 (ar).

1014 457 1116 480 mcum
1143 447 1242 479 ctiam
1264 445 1487 489 procuratoris
1509 444 1579 487 fisci
1602 443 1648 477 rel
1673 453 1755 476 com-

1014 500 1162 533 missar—ii
1174 509 1318 532 camerae
1337 498 1518 542 respective,
1529 497 1672 530 custodes
1686 497 1756 530 obc-

1015 553 1098 593 dirc,
1123 558 1153 585 et
1182 558 1359 585 carceratos
1387 552 1545 584 dimittere
1573 555 1756 591 teneantur,

1016 607 1087 639 licet
1114 612 1302 650 procurator
1330 607 1413 647 t‘isci,
1441 611 1491 639 aut
1521 604 1757 639 commissarius

1017 670 1161 692 camerae
1185 660 1358 704 respective
1378 670 1507 692 manum
1524 668 1682 703 apponere
1708 667 1757 690 re-

1018 713 1182 746 cusavcrit.

1320 784 1334 827 g
1358 784 1459 817 XXIV.

1036 854 1083 887 De
1098 853 1312 897 facultatibus
1323 854 1532 888 visitatorum
1549 852 1738 886 carcerum&

1065 925 1095 957 1.
1113 925 1295 957 Visitatorcs
1309 934 1473 957 carcerum
1487 924 1606 967 possint
1621 923 1761 956 relaxare

1022 978 1180 1011 debitores
1204 989 1221 1010 a
1249 978 1429 1011 carceribus
1465 988 1501 1010 cx
1537 977 1638 1010 causis
1667 977 1762 1009 infra-

1023 1032 1161 1076 scriptis:

1068 1085 1097 1118 ἓ.
1115 1085 1239 1125 Primo,
1261 1084 1460 1118 concedendo
1484 1084 1666 1117 dilationem
1692 1083 1763 1116 data

1025 1138 1168 1172 cautione
1194 1138 1232 1171 de
1256 1139 1405 1172 solvendo
1433 1138 1513 1171 infra
1540 1143 1664 1181 tempus
1688 1137 1763 1170 assi-

1025 1198 1172 1236 gnatum,
1191 1197 1219 1225 et
1235 1192 1295 1225 hoc
1311 1192 1497 1236 praesertim
1519 1191 1644 1234 quando
1660 1191 1765 1223 visita-

1025 1250 1110 1279 tores
1141 1245 1337 1279 considerant
1373 1244 1581 1278 retentionem
1615 1243 1766 1277 debitoris

1026 1299 1138 1332 cedere
1154 1310 1217 1332 non
1234 1299 1336 1332 solum
1358 1299 1388 1331 in
1409 1298 1507 1342 ipsius
1528 1297 1766 1341 praeiudicium,

1027 1365 1135 1387 verum
1153 1355 1246 1387 etiam
1263 1353 1472 1393 creditorum,
1493 1363 1565 1386 cum
1589 1352 1713 1385 debitor
1737 1352 1768 1384 in

1027 1408 1208 1441 carceribus
1243 1407 1379 1440 existens
1414 1406 1567 1439 efficiatur
1603 1405 1769 1439 deterioris

1027 1460 1229 1500 conditionis,
1258 1465 1288 1492 ct
1315 1459 1346 1492 in
1373 1459 1439 1492 dies
1468 1459 1570 1491 minus
1586 1458 1735 1491 solvendo
1748 1458 1769 1498 ²,

1027 1514 1081 1547 ubi
1106 1519 1193 1546 extra
1217 1523 1360 1546 carceres
1384 1512 1505 1545 facilius
1533 1512 1615 1544 intra
1646 1516 1770 1555 tempus

1028 1568 1221 1610 assignatum
1246 1566 1376 1600 modum
1401 1565 1610 1599 satisfaciendi
1628 1570 1770 1609 repertu-

1030 1632 1083 1653 rus
1107 1620 1156 1661 sit,
1182 1625 1211 1653 et
1235 1620 1295 1653 hoc
1319 1619 1492 1652 dummodo
1517 1618 1691 1652 creditores
1711 1618 1771 1651 sint

1030 1674 1174 1714 ditiores,
1200 1678 1228 1706 et
1254 1684 1326 1705 aere
1347 1672 1449 1705 alieno
1473 1682 1536 1704 non
1560 1671 1690 1704 onerati.

1074 1727 1103 1759 3.
1121 1727 1276 1767 Secundo,
1289 1727 1429 1759 relaxare
1449 1725 1569 1769 possint
1586 1725 1771 1763 debitorem,

1031 1781 1095 1824 qui,
1112 1781 1184 1814 licet
1201 1790 1264 1813 non
1280 1780 1394 1812 habeat
1406 1779 1555 1823 pecunias
1569 1778 1599 1811 in
1613 1783 1772 1822 promptu,

1032 1834 1123 1866 habet
1147 1839 1252 1866 tamen
1274 1838 1320 1866 tot
1344 1833 1427 1865 bona
1451 1843 1487 1865 ex
1504 1843 1641 1875 quorum
1667 1831 1773 1864 vendi-

1032 1889 1115 1921 tione
1141 1893 1242 1932 potest
1266 1887 1475 1920 creditoribus
1502 1886 1658 1926 satisfieri,
1683 1891 1712 1917 et
1737 1896 1775 1917 ex

1033 1946 1106 1974 tunc
1117 1941 1269 1974 consentit
1278 1940 1288 1956 ⁸
1296 1940 1481 1973 eorumdem
1497 1939 1653 1971 bonorum
1663 1938 1776 1970 subha-

1034 1993 1171 2033 stationi3
1204 1998 1231 2025 ct
1266 1993 1441 2025 visitatores
1471 1992 1531 2024 hoc
1555 1991 1666 2023 faciant
1697 1990 1776 2022 facta

1034 2047 1121 2090 prius
1149 2058 1205 2091 per
1229 2046 1405 2079 debitorem
1430 2045 1617 2078 indicatione
1646 2054 1775 2077 suorum

1035 2101 1177 2133 omnium
1202 2101 1376 2141 bonorum,
1401 2110 1436 2132 ac
1461 2099 1533 2132 data
1565 2099 1707 2131 cautione
1739 2097 1777 2129 dc

1036 2164 1068 2186 se
1091 2153 1355 2197 repraesentando
1380 2153 1411 2185 in
1428 2152 1546 2185 eisdem
1564 2156 1646 2184 statu
1668 2155 1698 2183 et
1720 2156 1778 2182 ter-

1037 2207 1140 2247 minis,
1166 2207 1196 2238 in
1223 2207 1336 2249 quibus
1357 2210 1535 2239 carceratus
1551 2203 1719 2248 reperitur,
1747 2202 1778 2234 in

1037 2271 1111 2293 casu
1141 2260 1373 2304 impedimenti,
1407 2260 1453 2291 vel
1484 2258 1568 2302 quod
1600 2258 1681 2290 bona
1716 2266 1779 2289 11011

1038 2313 1201 2345 sufficiant:

1076 2386 1084 2411 1
1101 2384 1139 2411 Ad
1157 2383 1223 2411 haee
1237 2383 1297 2411 vide
1312 2383 1387 2410 Pauli
1397 2382 1434 2410 111
1450 2382 1539 2409 Const.
1552 2388 1605 2408 Lxu
1621 2381 1647 2408 in
1663 2385 1728 2409 tom.
1740 2389 1778 2415 v1,

1039 2437 1100 2464 pag.
1113 2429 1180 2462 384;
1197 2432 1224 2455 et
1237 2429 1278 2455 Pii
1295 2428 1312 2454 V
1329 2428 1418 2455 Const.
1431 2434 1466 2454 cu
1481 2427 1508 2454 in
1518 2433 1582 2454 tom.
1595 2433 1641 2461 vn,
1654 2434 1715 2462 pag.
1728 2426 1779 2454 688

1038 2474 1078 2508 (n.
1095 2481 1120 2500 T.
1139 2481 1171 2499 ex
1187 2472 1330 2507 Cherub.).

1074 2517 1091 2543 2
1110 2516 1287 2551 Subintellige
1314 2524 1370 2551 par
1390 2516 1430 2543 vel
1452 2516 1598 2551 sufficiens
1621 2516 1661 2542 vel
1684 2518 1778 2550 aptus,

1041 2561 1081 2588 vel
1096 2561 1160 2596 quid
1176 2561 1263 2588 simile
1277 2560 1367 2595 (n.T.).

1075 2606 1092 2633 3
1111 2606 1153 2633 Sic
1172 2606 1273 2641 legitur
1292 2606 1322 2633 in
1340 2605 1384 2633 cit.
1407 2605 1481 2632 Pauli
1498 2605 1532 2632 111
1553 2606 1657 2637 Const.;
1683 2613 1780 2640 perpe-

1040 2658 1097 2677 ram
1112 2655 1228 2686 utraque
1243 2650 1307 2678 edit.
1325 2649 1442 2678 Cherub.
1461 2653 1487 2678 et
1501 2650 1582 2678 Main.
1607 2649 1691 2677 habet
1715 2657 1781 2676 con·
1806 2679 1810 2681 ,

1040 2695 1128 2723 sensit
1142 2697 1179 2730 (a.
1191 2696 1241 2730 τ.).
