2293 3231
241 299 287 323 Aa.
310 296 336 322 c.
361 295 426 322 tet-4
472 286 536 319 :290

259 1148 363 1171 institutio
379 1147 429 1167 ¹lut)-

245 1182 291 1197 rum
331 1174 430 1195 2s›isi.»=.-

246 1204 296 1223 tium
312 1201 387 1227 prioris
398 1206 430 1226 gc-

247 1230 330 1250 nentis.

308 2590 384 2610 Eurum
399 2591 424 2609 ιἸι
434 2601 442 2606 -

258 2646 346 2669 spectet.

441 342 518 381 zelo,
543 342 714 381 sanctitate,
741 341 870 384 aliisque
897 339 1096 383 regularibus
1121 340 1179 372 vir-

441 395 558 428 tutibus
574 395 694 437 fulgere
708 393 841 426 maxime
855 393 1008 436 cupimus.
1023 392 1052 424 id
1066 395 1180 426 attente

441 447 688 486 considerantes,
701 452 729 478 et
739 445 887 478 Ordinem
902 445 999 477 sancti
1017 444 1179 486 Augustini

440 501 572 534 fratrum
598 499 806 532 Eremitaruiu
831 503 1063 541 nuncupatum.
1088 507 1181 540 quem

441 553 470 585 in
497 552 668 585 visceribus
691 551 831 594 gerimus
855 550 1028 590 eharitatis,
1053 555 1181 594 paterne

442 605 653 649 respicientes,
672 605 770 648 ipsius
787 604 942 647 superiori
960 602 1180 637 levamentum*

442 660 507 691 sore
532 657 570 690 ad
595 657 662 690 eius
679 656 805 689 Ordinis
822 656 888 700 (qui
906 656 1110 689 benedicente
1127 655 1183 688 Do-

443 712 538 752 mino,
551 711 639 755 quasi
654 710 825 744 lot-eundus
843 721 917 753 ager
935 711 1049 742 uberes
1064 710 1182 742 t'ructus

442 764 595 803 emittens,
609 774 665 807 per
681 763 819 796 universi
836 763 998 796 christiani
1016 762 1103 795 orbis
1117 774 1183 806 par—

443 823 488 849 tes
513 816 638 860 copiose
655 815 788 849 diffusus
807 820 866 852 est)
887 826 995 848 euram
1012 815 1183 857 gerendam

442 875 470 901 et
498 868 660 911 regiminis
684 868 807 912 pondus
831 868 1058 907 sustinendum,
1076 867 1182 900 Ordini

444 933 518 956 vero
542 922 743 955 commodum
769 927 797 954 ct
825 921 988 954 utilitatem
1008 931 1070 954 nou
1088 921 1185 953 modi-

443 986 522 1016 cam,
532 976 711 1019 aliquorum
725 975 947 1011 assistentium,
958 975 1184 1019 praestantium

443 1031 562 1064 scilicet
586 1030 837 1073 Religiosorum,
862 1040 992 1073 operam
1019 1029 1185 1061 allaturam

445 1084 659 1117 iudicavimus.

489 1138 504 1181 ξ
528 1136 557 1170 3.
584 1137 639 1170 llis
663 1137 759 1180 igitur
784 1140 812 1170 et
837 1136 905 1168 aliis
926 1134 1132 1168 rationalibus
1149 1134 1186 1167 de

445 1191 558 1231 causis,
578 1201 655 1233 quas
670 1195 791 1222 mature
808 1200 842 1221 ac
860 1188 1028 1231 diligenter
1045 1198 1188 1231 perseru-

447 1245 499 1279 tati
525 1255 650 1283 sumus,
675 1243 818 1281 adducti,
849 1243 906 1275 bac
936 1244 1063 1281 nostra,
1093 1252 1187 1286 quam

447 1302 599 1342 perpetuo
617 1298 720 1330 valere
738 1298 892 1336 voluums,
906 1295 1127 1329 constitutione
1140 1295 1190 1327 dc·

448 1353 618 1392 cernimus,
635 1356 668 1385 ut
686 1352 716 1384 in
734 1352 803 1395 ipso
819 1350 934 1383 Ordine
959 1349 1056 1383 sancti
1081 1350 1188 1391 Augu-

447 1406 519 1439 stini
543 1406 606 1438 duo
630 1417 667 1438 ex
697 1405 837 1438 eiusdem
870 1404 995 1437 Ordinis
1026 1403 1188 1447 patribus,

448 1459 563 1503 prioris
588 1459 745 1502 generalis
776 1458 957 1490 assistentes
976 1456 1189 1500 nuncupandi,

449 1514 479 1546 in
509 1517 695 1557 perpetuum
727 1511 872 1545 constitui
905 1515 934 1544 et
963 1510 1104 1554 deputari
1136 1510 1189 1542 de-

448 1566 562 1606 beant,
594 1566 646 1609 qui
680 1565 860 1598 assistentes
889 1564 966 1606 tliac
996 1564 1098 1607 prima
1125 1563 1189 1596 vice

449 1620 609 1653 dumtaxat
635 1621 776 1663 excepta,
801 1630 862 1662 qua
886 1628 944 1650 nos
969 1618 1028 1661 ipsi
1054 1618 1132 1657 illos,
1158 1623 1189 1649 ut

451 1673 540 1711 infra,
565 1673 717 1717 deputare
742 1672 901 1708 volumus)
927 1671 957 1704 in
982 1671 1120 1714 capitulo
1140 1681 1191 1713 ge-

450 1727 549 1760 nerali
567 1726 706 1759 eiusdem
721 1725 845 1758 Ordinis
861 1725 1049 1768 deputentur
1066 1735 1190 1761 (eorum

452 1790 526 1813 vero
550 1780 628 1813 alter
653 1779 912 1818 citramontanus,
929 1778 1006 1811 alter
1024 1778 1192 1810 ultramon-

453 1838 551 1873 tanus,
575 1833 629 1866 sed
648 1838 780 1876 uterque
798 1832 829 1865 in
847 1835 936 1864 sacra
955 1831 1112 1874 theologia
1131 1842 1193 1863 ma-

452 1887 550 1927 gister
582 1898 617 1918 ac
649 1885 812 1921 sacerdos.
841 1889 871 1918 et
895 1876 925 1917 in
949 1884 1192 1928 quadragesimo

453 1940 562 1972 saltem
587 1950 660 1972 suae
687 1939 796 1971 aetatis
825 1948 907 1971 anno
932 1938 1128 1977 constitutus,
1152 1938 1194 1970 vi-

454 1999 564 2036 taeque
582 1992 770 2032 innocentia,
789 2003 894 2024 rerum
912 2002 981 2029 usu,
998 2002 1032 2024 ac
1051 1991 1192 2024 doctrina

454 2046 587 2079 maxime
608 2045 844 2078 coimuendatus
869 2056 937 2077 esse
962 2044 1097 2084 debeat),
1121 2055 1195 2087 quo-

455 2110 524 2133 rum
549 2098 680 2132 consilio
705 2098 793 2142 prior
816 2097 993 2141 generalis,
1019 2102 1051 2130 ut
1075 2097 1195 2130 facilius

455 2157 483 2186 et
508 2152 685 2185 accuratius
714 2151 858 2184 universa
890 2150 1015 2184 Ordinis
1046 2151 1194 2193 negocia,

455 2217 533 2250 quae
559 2206 597 2238 ad
621 2217 711 2238 suum
738 2205 896 2249 pertinent
919 2204 1077 2241 officium,
1102 2215 1195 2248 expe-

455 2260 522 2292 ‹lire
548 2259 663 2303 possit,
691 2258 815 2291 assidue
847 2259 890 2292 uti
921 2258 1050 2298 debeat,
1075 2258 1195 2302 ipsique

456 2312 636 2345 assistentes
661 2311 690 2344 in
715 2310 922 2345 decernendis
952 2310 1077 2344 Ordinis
1105 2321 1197 2353 nego-

456 2366 512 2399 ciis
537 2369 691 2410 perpetuo
715 2365 817 2398 eidem
842 2365 1006 2404 assistant,
1033 2365 1196 2408 illumque,

456 2430 655 2463 quocumque
681 2419 761 2459 ierit,
779 2418 969 2452 comitentur
986 2422 1016 2451 et
1033 2418 1198 2454 associent,

456 2479 484 2505 et
510 2472 666 2515 generalis
692 2472 758 2516 ipse
782 2472 900 2515 absque
924 2482 1034 2504 corum
1067 2471 1198 2505 consilio

457 2526 533 2559 uiliil
558 2526 728 2559 decernere
756 2526 863 2558 valeat.

501 2583 516 2621 ᾗ·
541 2580 570 2613 4.
597 2581 738 2623 lpsorum
765 2579 973 2612 assistentituu
999 2579 1137 2612 otlicium
1159 2579 1197 2611 ad

458 2633 642 2665 sexennium
667 2638 786 2666 tantum
813 2633 921 2672 duret,
945 2643 1008 2676 quo
1033 2633 1121 2665 linito
1145 2632 1195 2664 alii

493 2696 505 2722 1
524 2694 594 2722 Edit.
611 2695 690 2723 Main.
707 2695 788 2723 hahet
803 2696 961 2724 levamento
976 2696 1016 2730 (a.
1033 2696 1080 2729 r).

1013 293 1189 316 nciemnltlu
1218 293 1370 315 nmmrn

1964 290 2013 317 An.
2030 290 2058 316 C.
2079 289 2149 317 16ss

1213 338 1276 371 duo
1287 338 1404 371 similes
1418 339 1448 370 in
1462 339 1599 381 capitulo
1609 339 1746 381 generali
1762 337 1952 377 huiusmodi,

1215 397 1245 423 ut
1266 390 1470 435 praedicitur,
1491 391 1564 433 eligi
1583 391 1725 424 debeant.
1744 390 1814 427 sed,
1831 391 1855 423 si
1874 390 1953 424 intra

1215 443 1420 476 scxennnium
1439 443 1619 476 assistentes
1635 443 1796 487 praedicti,
1813 449 1864 476 aut
1877 443 1955 475 alter

1215 508 1336 530 eorum.
1361 496 1563 535 decesserint,
1581 497 1627 528 vel
1654 496 1796 540 ipsorum
1817 496 1954 529 officium

1215 562 1272 594 per
1295 551 1511 583 dimissionem
1537 550 1583 583 vel
1618 549 1819 583 amissionem
1850 555 1902 582 aut
1927 561 1955 582 a·

1217 604 1271 635 lias
1300 603 1597 647 quomodocumque
1630 612 1740 635 vacare
1771 602 1955 645 contigerit,

1216 662 1288 689 tune
1313 656 1446 689 aliorum
1471 655 1694 695 assistentium,
1718 655 1770 699 qui
1796 665 1893 699 usque
1918 655 1955 687 ad

1217 714 1287 741 tunc
1313 710 1453 741 l'uturum
1479 709 1626 751 gencrale
1643 708 1814 752 capitulum
1834 707 1956 742 durent.

1218 762 1247 793 iu
1273 761 1485 795 ‹leticientium
1512 762 1615 793 locum
1637 760 1820 804 subrogatio
1845 764 1875 793 et
1893 760 1956 792 ele-

1217 815 1279 847 ctio
1305 815 1341 847 ad
1368 815 1544 847 Romanum
1570 813 1957 856 Pontificeni,Seden1qu‹·

1219 868 1428 912 Apostolicam
1454 873 1571 912 spectet
1589 873 1616 900 et
1636 873 1792 900 reservata
1816 865 1956 899 existav.

1263 925 1277 965 g
1301 922 1329 954 Γ).
1351 921 1537 955 Assistcntes
1562 920 1742 953 huiusmodi
1763 930 1873 953 eorum
1896 919 1960 952 offi-
1983 930 2052 960 *stau
2069 931 2158 956 Aponio-

1219 976 1267 1008 eio
1291 976 1423 1008 durante
1455 974 1525 1008 Sedi
1559 974 1755 1018 ,apostolicae
1781 972 1958 1006 immediate
1974 957 2158 1005 's'siisst'ssllffilm

1219 1029 1348 1062 subiecti
1373 1029 1443 1061 sint.

1264 1086 1279 1125 ,ξ
1303 1082 1331 1115 6.
1365 1083 1394 1115 Si
1421 1094 1494 1115 vero
1519 1082 1642 1116 interim
1667 1081 1787 1114 crimen
1812 1079 1960 1125 aliquod.
2027 1093 2158 1123 onesimi-19

1220 1136 1303 1179 quod
1328 1136 1428 1175 absit,
1453 1135 1690 1174 commiserint,
1715 1138 1846 1178 propter
1877 1131 1962 1177 quod
1975 1120 2160 1169 &mador-›qm-

1221 1200 1331 1222 eorum
1357 1189 1462 1222 ollicio
1475 1189 1513 1221 de
1533 1189 1600 1221 iure
1623 1186 1766 1231 privandi
1791 1186 1863 1226 sint,
1887 1191 1961 1218 tunc

1223 1253 1390 1286 processus
1407 1241 1624 1275 inter-mativus
1637 1245 1747 1274 contra
1764 1239 1834 1272 illos
1851 1249 1869 1270 a
1881 1238 1963 1282 prio—

1223 1308 1256 1329 re
1280 1296 1430 1339 generali,
1455 1296 1493 1328 dc
1518 1295 1643 1329 lieentia
1666 1300 1771 1327 tamen
1797 1291 1964 1325 cardinalis

1224 1349 1414 1394 protectoris
1439 1349 1536 1393 ipsius
1569 1348 1714 1387 Ordinis,
1746 1346 1836 1386 lieri,
1869 1349 1897 1379 et
1925 1344 1963 1377 ad

1224 1405 1398 1437 Romanum
1425 1402 1610 1436 Pontificem
1644 1412 1701 1445 pro
1737 1407 1879 1444 tempore
1903 1399 1964 1432 exi-

1224 1463 1366 1497 stentem,
1388 1457 1562 1500 Sedemque
1585 1454 1778 1499 praedictam
1795 1452 1963 1487 transmitti

1223 1511 1356 1551 debeat,
1381 1510 1418 1543 ad
1442 1520 1520 1554 quos
1543 1509 1611 1542 eius
1635 1518 1748 1541 causae
1773 1506 1911 1550 cognitio
1935 1511 1963 1539 et

1223 1565 1364 1598 definitio
1388 1564 1552 1608 pertineat.
1571 1563 1686 1596 Exacto
1703 1572 1778 1595 vero
1793 1559 1966 1594 assistentis

1225 1618 1338 1657 officio,
1362 1617 1460 1662 priori
1479 1615 1619 1660 generali
1638 1614 1817 1648 immediate
1832 1613 1965 1647 subiecti

1226 1676 1414 1703 remaneant.
1776 1680 1799 1700 ο

1270 1726 1284 1768 ᾖ
1310 1725 1337 1758 7.
1364 1724 1401 1757 Hi
1427 1729 1589 1767 praeterea
1609 1722 1788 1754 assistentes
1813 1720 1842 1752 in
1867 1718 1965 1752 omni-
1993 1733 2059 1755 auam
2071 1730 2164 1751 auetori-

1227 1779 1284 1811 bus
1308 1777 1460 1822 praedicti
1485 1775 1610 1809 Ordinis
1635 1773 1774 1817 negociis
1791 1778 1898 1806 votum
1914 1772 1965 1804 ha-
1980 1761 2045 1779 '‘¹⁰¹'’
2063 1757 2162 1782 ''mm‘'

1227 1831 1318 1864 beant
1335 1829 1552 1864 consultivum.
1572 1828 1723 1871 Priorque
1737 1826 1893 1869 generalis
1907 1836 1966 1869 pro

1228 1884 1353 1917 illorum
1366 1882 1562 1926 expeditione
1575 1881 1622 1913 bis
1636 1881 1666 1913 iu
1681 1878 1877 1913 bebdomada
1892 1878 1967 1922 ipsis

1227 1936 1444 1969 assistentibus
1469 1935 1598 1977 negocia
1623 1932 1804 1966 huiusmodi
1829 1942 1967 1965 commu-

1228 1990 1355 2030 nicare,
1380 1999 1554 2031 corumque
1587 1986 1753 2021 eonsilium
1783 1996 1878 2030 super
1907 1984 1968 2018 illis

1229 2043 1391 2087 requirere
1424 2042 1542 2074 debeat.
1580 2042 1611 2073 ln
1644 2039 1833 2084 quibusdam
1865 2043 1968 2072 tamen

1229 2095 1426 2139 gravioribus
1451 2095 1574 2127 casibus
1599 2093 1707 2136 (kveluti
1733 2093 1763 2125 in
1788 2091 1896 2125 vicarii
1920 2101 1970 2135 ge-

1230 2150 1343 2183 neralis
1367 2149 1591 2189 nominatione,
1611 2146 1851 2192 provincialium
1870 2145 1970 2190 priva-

1230 2205 1323 2240 tione.
1332 2209 1383 2236 aut
1395 2204 1510 2246 legum,
1521 2206 1708 2236 statutorum
1717 2206 1748 2234 et
1756 2200 1968 2237 decretorum,

1229 2268 1308 2301 quae
1320 2257 1357 2290 ad
1374 2257 1554 2290 universum
1568 2255 1716 2289 Ordinem
1729 2258 1880 2298 spectent,
1898 2263 1969 2296 pro-

1231 2311 1439 2353 mulgatione,
1466 2310 1495 2342 iu
1520 2307 1744 2343 commissariis
1768 2305 1969 2350 generalibus

1230 2365 1342 2398 alicubi
1368 2363 1585 2399 instituendis,
1610 2360 1823 2395 visitatoribus
1845 2359 1969 2403 provin-

1231 2419 1351 2452 ciarum
1376 2415 1580 2461 deputandis,
1605 2416 1705 2459 poena
1736 2413 1913 2446 triremium
1938 2418 1966 2446 et

1232 2471 1367 2505 carceris
1384 2471 1465 2503 ultra
1481 2479 1609 2507 annum,
1623 2473 1675 2500 aut
1687 2467 1771 2500 exilii
1788 2466 1870 2499 ultra
1886 2466 1970 2500 bien-

1232 2526 1318 2558 nium
1345 2522 1523 2566 irroganda,
1540 2526 1589 2554 aut
1617 2521 1701 2553 vocis
1717 2519 1834 2553 activae
1852 2525 1882 2552 et
1899 2530 1968 2563 pas-

1233 2579 1314 2612 sivae
1349 2575 1540 2621 privatione‚
1573 2573 1703 2617 aliisque
1736 2571 1912 2614 similibus)
1944 2572 1969 2605 si

1232 2631 1410 2665 assistentes
1434 2627 1584 2673 praedicti
1601 2626 1717 2660 suerint
1740 2624 1923 2665 concordes,
1940 2630 1970 2658 et

1272 2695 1280 2720 1
1304 2692 1374 2720 Edit.
1395 2691 1474 2719 Malu.
1496 2690 1577 2719 habet
1597 2690 1724 2718 existant
1744 2692 1781 2726 (a.
1798 2689 1848 2724 τ.).
