2293 3231
300 262 350 288 An.
372 262 401 289 e.
422 262 486 291 16¹3
533 254 596 289 -208

1086 267 1262 292 at'LLAntt'M
1290 267 1442 293 ROMANL'M

498 312 624 345 sectioni
639 318 736 345 status
751 313 954 346 sacerdotalis
969 314 1106 347 totaliter
1126 315 1242 348 ineum-
1275 315 1356 355 citia,
1371 326 1406 348 ae
1425 315 1552 349 modum
1569 323 1598 349 et
1612 318 1746 350 sormam
1755 317 1934 351 divinorum
1951 318 2015 351 offi-

498 365 588 405 bere,
615 366 815 409 singulasque
840 367 978 400 actiones
1011 366 1112 400 ordini
1142 378 1242 401 sacer-
1275 368 1407 408 ciorum,
1422 379 1552 412 precum
1569 375 1598 401 ct
1613 370 1801 410 orationum,
1817 370 2015 414 aliorumque

498 418 592 451 dotali
605 419 732 462 proprie
746 424 775 451 et
789 419 998 452 essentialiter
1011 421 1241 462 convenientes,

499 471 557 503 sibi
583 471 622 503 ab
647 471 779 504 eorum¹
799 471 994 509 OrdinariiS.
1020 473 1073 506 ubi
1104 474 1241 507 stabilita

496 524 600 563 suerit,
620 524 891 567 praescribendas,
916 531 944 558 et
970 536 1034 559 non
1059 526 1152 566 alias,
1180 537 1241 559 am-

497 577 591 620 plecti
604 605 611 614 ,
629 578 827 611 sacerdotum
852 579 982 623 insuper
1005 584 1034 613 et
1051 580 1185 613 aliorum
1202 581 1240 614 ad

496 640 603 663 saeros
627 630 754 663 ordines
779 631 987 675 aspirantium
1021 633 1239 674 instructioni,

496 693 559 716 non
573 683 656 716 eirca
671 684 844 721 seientiam,
862 685 916 718 scd
933 686 1017 718 eirea
1034 697 1126 719 usum
1143 687 1242 720 scien-

496 735 579 776 tiae²,
592 736 672 769 ritus
689 743 719 770 et
735 748 840 771 mores
857 739 987 782 proprie
1001 739 1239 777 ecclesiasticos,

496 799 528 821 se
554 789 700 823 addicere
714 790 734 831 ³,

323 853 480 875 nanememra-
539 841 597 885 §4
616 842 705 886 [Cum
719 844 811 887 plena
825 850 855 877 et
868 845 1069 878 omnimoda⁴
1083 846 1238 888 facultate,

295 880 480 937 ξῗὲῗζῧῗῃηῦοὲἶ
495 899 648 938 potestate
665 902 696 928 et
721 897 906 931 auctoritate
931 898 1032 931 cidem
1059 899 1151 932 Petro
1166 900 1239 943 (per

295 933 480 989 'aiiffi'dfffist‘ssf
495 957 553 980 nos
565 947 604 980 ad
618 948 648 981 id
661 955 834 993 assumpto,
849 956 876 983 et
892 962 908 983 a
922 951 1004 983 dicta
1019 951 1114 984 Maria
1129 952 1238 995 regina

294 987 427 1042 ffssdjllsslssl,
443 992 481 1034 '225
495 1011 699 1046 summopere
739 1004 1004 1047 ςοῐῐιιῐιοηᾱειῑο)δ
1044 1005 1237 1048 praedictam

292 1039 480 1096 ῗῑῗιὲἓὲῗξωῗιιηὲῗὲ
495 1054 779 1098 Congregationem
804 1057 996 1098 huiusmodi,
1021 1063 1083 1090 tam
1109 1059 1139 1091 in
1169 1059 1240 1092 civi-

293 1098 483 1140 Ziiss'ssiiii'wm'
495 1113 557 1142 tate
589 1109 773 1151 Parisiensi,
800 1122 893 1155 quam
927 1112 958 1145 in
990 1112 1138 1146 omnibus
1170 1113 1239 1146 aliis

495 1161 683 1203 civitatibus,
697 1164 834 1208 oppidis,
849 1165 942 1198 terris
959 1169 987 1200 et
1003 1165 1089 1206 loeis,
1103 1166 1140 1198 ad
1158 1176 1237 1211 quae

495 1225 511 1247 3
528 1215 671 1249 locorum
688 1217 848 1262 episeopis
863 1224 991 1251 vocatus
1008 1219 1111 1255 suerit,
1129 1225 1156 1251 et
1174 1230 1236 1253 non

495 1267 582 1309 alias,
606 1269 787 1303 instituendi
800 1270 820 1311 ⁰,
847 1282 881 1303 ac
907 1271 1045 1312 demum,
1071 1283 1130 1316 pro
1155 1273 1235 1305 scliei

495 1327 575 1355 statu
603 1329 633 1356 et
661 1323 835 1358 directione
861 1335 1069 1369 personarum
1089 1336 1123 1359 ac
1141 1326 1238 1360 bono-

495 1387 564 1409 rum
581 1377 790 1421 spiritualium
808 1385 838 1412 et
856 1379 1078 1423 temporalium
1095 1381 1235 1413 eiusdem

493 1429 754 1474 Congregationis
790 1443 843 1464 seu
879 1433 1166 1476 Congregationum
1191 1435 1235 1467 sic

493 1483 716 1526 erigendarum
749 1486 832 1527 (tam
859 1485 942 1519 circa
966 1487 1181 1530 receptionem
1206 1494 1234 1521 et

493 1535 726 1578 admissionem,
751 1549 930 1580 numerum,
951 1546 1084 1573 aetatem
1110 1546 1139 1574 et
1163 1552 1236 1584 qua-

492 1589 594 1624 litates
617 1591 649 1624 in
674 1592 742 1635 ipsa
766 1592 1016 1636 Congregatione
1042 1595 1236 1638 recipiendo-

490 1654 562 1676 rum
578 1649 606 1677 et
624 1644 901 1687 admittendorum,
926 1657 1099 1691 eorumque
1124 1648 1236 1681 instru-

491 1697 628 1731 ctionem
645 1703 675 1731 et
699 1698 907 1743 disciplinam,
921 1711 1016 1744 quam
1030 1701 1131 1734 circa⁷
1148 1713 1234 1735 exer—

527 1770 538 1794 1
555 1768 658 1796 Forsan
679 1769 898 1798 substituendum
922 1772 963 1799 vel
983 1771 1138 1799 addendum
1159 1773 1232 1800 Ioco·
1249 1795 1250 1798 ,

1249 1833 1250 1843 ³
1266 1806 1348 1839 dicta
1366 1807 1551 1840 auctoritate.
1564 1807 1750 1850 deputamus
1767 1813 1797 1840 et
1808 1807 2006 1841 assumimus.

490 1821 557 1840 rum
571 1815 609 1848 (n.
622 1814 670 1848 τ.).

525 1859 542 1885 ⁴2
559 1858 703 1895 perperam
719 1859 745 1887 in
761 1859 826 1887 edit.
845 1860 963 1888 Cherub.
976 1860 1073 1897 legitur
1088 1869 1142 1889 uon
1154 1862 1231 1890 circa

489 1911 573 1931 nsum
587 1904 726 1932 scientiae
740 1908 778 1939 (n.
795 1910 831 1935 T).

523 1947 540 1975 3
556 1948 621 1976 Heic
634 1949 756 1985 reliquae
766 1949 899 1978 editiones
908 1950 1011 1977 addunt
1022 1951 1154 1984 volentes;
1163 1960 1232 1987 quae
1247 1956 1249 1975 ἵ

489 2001 537 2020 vox
553 1993 593 2020 vel
607 1998 716 2029 praeter
730 2002 788 2022 rem
803 1998 854 2027 est,
875 1995 896 2021 si
916 1994 1056 2030 hucusque
1076 2000 1231 2031 perseverat

487 2038 606 2073 syntaxis
631 2038 666 2066 ab
693 2039 726 2066 iis
756 2039 845 2067 verbis
864 2048 991 2075 quorum
1064 2041 1231 2069 institutum
1247 2063 1248 2070 ,

487 2083 540 2116 sit,
561 2087 632 2116 etex„
653 2084 695 2111 vel
714 2084 821 2112 adnecti
836 2084 919 2112 debet
937 2084 970 2112 ad
990 2085 1133 2120 superiora
1149 2085 1231 2113 verba
1246 2080 1248 2115 ζ
1264 2071 1454 2115 ubicumque
1475 2073 1618 2105 locorum
1647 2073 1802 2106 stabilitae
1830 2073 1956 2114 suerint,
1973 2074 2005 2106 in

487 2128 569 2163 qui...
592 2128 756 2164 impendere
782 2129 918 2157 studeant
945 2129 1021 2163 (...’),
1050 2120 1229 2157 sa'cerdotum

486 2173 646 2208 insuper
664 2173 882 2202 instructioni...
899 2181 926 2201 se
945 2174 1080 2202 addicere
1094 2175 1229 2206 volentes,

485 2216 538 2244 alio
559 2221 690 2245 commate
710 2225 870 2252 quorum...
890 2219 1056 2246 institutum
1075 2219 1146 2246 sil...
1167 2228 1230 2247 am-

482 2261 569 2295 plecti
583 2261 768 2298 parentbetice
787 2264 858 2290 lecto
878 2264 917 2297 (n.
934 2264 984 2297 T.).

520 2305 537 2332 4
551 2305 698 2341 Pei-peram
714 2307 740 2333 in
755 2307 849 2335 Gallia
860 2308 1029 2336 Christiana
1044 2308 1142 2344 legitur
1156 2318 1230 2337 com-

486 2350 570 2377 moda
585 2358 634 2386 pro
650 2351 816 2379 omnimoda
833 2356 868 2383 (n.
890 2352 940 2386 τ.).

519 2393 537 2421 5
552 2393 680 2430 Reliquae
703 2395 838 2423 editiones
859 2396 953 2432 legunt
970 2399 1003 2424 ut
1024 2397 1206 2432 praedictam
1217 2391 1233 2432 ‚5

484 2446 533 2466 nos
548 2439 672 2467 delemus
687 2440 846 2476 particulam
861 2444 902 2475 ut,
918 2449 980 2468 nam
1000 2441 1122 2478 sequitur
1142 2443 1227 2471 insli-

485 2484 585 2511 euendi
598 2488 634 2517 (n.
651 2484 700 2518 τ.).

519 2528 536 2554 6
552 2528 622 2556 Edit.
640 2529 722 2557 Main.
740 2529 822 2558 habet
837 2531 990 2566 breviatim,
1007 2536 1036 2559 ut
1049 2532 1128 2567 solet,
1144 2534 1226 2562 insti-

485 2575 575 2605 tuen„
595 2573 642 2601 sed
663 2576 734 2602 male
754 2575 849 2602 Gallia
870 2575 1039 2604 Christiana
1058 2577 1122 2613 legit
1142 2578 1225 2605 insti-

484 2618 622 2644 tuendam
638 2619 674 2652 (n.
692 2620 741 2645 T.l.

520 2661 534 2688 7
550 2660 619 2688 Haec
636 2662 717 2690 verba
730 2672 815 2699 quam
827 2665 906 2694 circa
922 2673 971 2693 nos
987 2666 1111 2694 addimus
1124 2670 1162 2702 (n.
1175 2670 1222 2703 τ.).
1238 2691 1241 2701 ,

464 2812 511 2857 4

1275 420 1498 463 suffragiorum
1520 422 1770 463 recitandorum,
1796 427 1826 456 et
1856 423 1916 456 alia
1940 423 2017 467 ipsis

1274 474 1577 517 Congregationibus
1603 475 1690 508 utilia
1711 481 1802 519 atque
1826 476 2016 515 necessaria)

1274 538 1492 570 quaecumque
1513 532 1637 567 statuta,
1653 527 1868 561 ordinationes
1883 534 1913 561 et
1930 528 2016 572 capi-

1275 579 1338 611 tula
1356 579 1454 620 (licita
1467 585 1494 612 et
1509 580 1650 621 honesta,
1664 580 1824 624 sacrisque
1843 580 2017 615 canonibus

1274 632 1589 674 etconstitutionibus
1603 633 1793 676 apostolicis,
1806 643 1928 667 necnon
1941 633 2017 667 Con-

1273 684 1336 717 cilii
1354 685 1527 718 Tridentini
1552 686 1686 719 decretis
1699 686 1828 719 minime
1849 686 2016 727 contraria,

1273 750 1289 770 a
1309 741 1416 772 sancta
1437 739 1515 773 Sede
1536 740 1716 784 Apostolica
1745 740 1946 784 postmodum
1963 751 2016 784 ap-

1273 792 1447 836 probanda,
1471 793 1698 834 confirmanda,
1727 804 1761 826 ac
1791 804 1849 837 per
1874 794 2015 837 ipsarum

1271 844 1558 887 Congregationum
1571 846 1797 890 praepositum,
1807 846 2015 891 presbyteros,

1272 898 1432 939 officiales,
1462 899 1634 937 ministros
1658 904 1689 932 et
1710 899 1930 939 coadiutores‚
1955 899 2014 932 sub

1272 951 1384 994 poenis
1412 951 1443 984 in
1466 952 1511 985 eis
1535 952 1742 996 apponendis,
1759 952 1959 997 adimplenda
1985 958 2014 986 et

1272 1004 1482 1048 observanda)
1502 1005 1646 1045 faciendi,
1662 1005 1774 1039 edendi
1797 1011 1825 1038 et
1850 1005 2014 1045 condendi;

1272 1057 1426 1100 factaque,
1450 1058 1531 1091 edita
1556 1063 1586 1091 et
1610 1059 1735 1092 condita
1751 1059 1887 1102 (quoties
1902 1069 1960 1102 pro
1980 1058 2015 1092 il-

1272 1111 1386 1151 lorum,
1407 1122 1442 1143 ae
1474 1122 1580 1144 rerum
1606 1118 1634 1145 et
1660 1117 1838 1156 temporum
1863 1111 2014 1156 qualitate

1272 1168 1302 1196 et
1318 1163 1543 1205 vicissitudine,
1561 1176 1615 1198 seu
1634 1165 1719 1206 alias,
1733 1165 1902 1208 ridebitur)
1915 1165 2014 1198 corri-

1271 1217 1375 1260 gendi,
1389 1217 1553 1259 limitandi,
1568 1219 1763 1259 immutandi,
1777 1219 1961 1258 alternandi3
1977 1229 2013 1252 ac

1271 1270 1364 1304 etiam
1389 1271 1449 1303 alia
1474 1277 1519 1312 (ut
1546 1273 1733 1315 praefertur,
1750 1270 1966 1305 examinanda⁴
1983 1278 2013 1305 et

1271 1324 1487 1367 approbanda,
1500 1335 1535 1358 ae
1549 1325 1654 1365 etiam,
1668 1331 1699 1358 ut
1715 1326 1903 1369 praefertur,
1918 1325 2013 1358 adim-

1270 1377 1385 1421 plenda
1396 1383 1426 1411 et
1442 1377 1651 1411 obse1·vanda³
1663 1380 1675 1422 )
1688 1389 1724 1411 cx
1739 1379 1862 1421 integro
1875 1378 2010 1412 faciendi

1269 1436 1299 1463 et
1312 1431 1477 1471 condendi3
1493 1431 1614 1474 aliaque
1628 1432 1733 1465 onmia
1750 1437 1779 1465 et
1795 1432 1919 1475 singula
1932 1433 1964 1476 (a
1973 1432 2013 1466 si·

1270 1485 1390 1517 milium
1406 1486 1704 1529 Congregatiomuu,
1721 1495 1842 1519 necnon
1859 1496 2012 1529 quorum-

1268 1550 1403 1582 cumque
1421 1539 1572 1573 Ordinum
1598 1539 1847 1584 approbatorum
1864 1540 2012 1574 eonstitu-

1268 1593 1400 1634 toribus,
1417 1599 1468 1626 aut
1486 1593 1555 1626 aliis
1571 1594 1797 1637 superioribus,
1813 1594 1906 1627 etiam
1920 1605 2011 1638 gene-

1267 1646 1397 1687 ralibus,
1414 1647 1451 1679 de
1473 1647 1541 1680 iure
1566 1648 1613 1679 vel
1638 1647 1874 1687 consuetudine,
1891 1647 1955 1680 sive
1972 1659 2010 1680 ex

1266 1700 1443 1743 privilegio,
1460 1706 1510 1733 aut
1532 1701 1608 1734 alias
1625 1700 1923 1745 quomodocumque
1939 1701 2009 1735 lieri

1267 1757 1297 1785 ct
1322 1754 1433 1796 exequi
1458 1753 1573 1797 solita)
1599 1754 1732 1787 faciendi
1757 1759 1785 1787 et
1809 1755 2007 1799 exequendi]

2075 1874 2117 1896 Eas
2135 1876 2206 1896 tamon

1310 1860 1325 1903 ἓ
1350 1859 1378 1892 5.
1404 1860 1580 1904 Omnesque
1605 1860 1691 1901 alias,
1716 1861 1753 1894 ad
1778 1861 1877 1894 instar
1895 1872 2007 1906 supra·
2142 1901 2147 1905 ι

2021 1899 2206 1954 §masalma

1265 1912 1366 1945 dictae
1391 1923 1447 1956 per
1467 1923 1524 1946 nos
1548 1914 1591 1946 sic
1608 1918 1730 1947 erectae
1743 1913 1764 1954 ⁸,
1781 1914 1930 1947 canonice
1948 1915 2008 1948 eri·
2133 1954 2157 1960 η
2198 1954 2203 1958 ,

1265 1965 1383 2007 gendas
1410 1965 1677 2008 Congregationes
1697 1967 1788 2010 (quas
1811 1966 1850 1999 ab
1877 1969 1913 1999 ea
1942 1967 2007 2000 Pa-
2020 1954 2204 2010 lssptnlisslff'ffl

1265 2018 1409 2058 risiensi,
1438 2024 1467 2051 et
1497 2029 1513 2051 a
1537 2019 1620 2053 dicto
1648 2020 1827 2064 praeposito
1843 2021 1982 2063 generali
1997 2048 2004 2061 ‚
2020 2009 2094 2029 “m‘'

1264 2125 1412 2158 omnihus
1436 2126 1612 2169 dependere
1638 2127 1782 2160 volumus
1806 2132 1836 2159 et
1864 2127 2007 2170 intelligi-

1263 2179 1357 2219 mus),
1372 2190 1406 2211 ex
1421 2189 1513 2219 nunc,
1526 2185 1619 2223 prout
1639 2185 1805 2224 postquam
1820 2180 2005 2214 auctoritate

1263 2232 1423 2275 praedicta
1449 2237 1571 2266 erectae
1595 2233 1730 2275 suerint,
1757 2233 1878 2267 eisdem
1903 2239 2007 2267 aucto-

1263 2285 1354 2318 ritate
1371 2291 1399 2318 et
1425 2291 1545 2326 tenore,
1562 2292 1715 2331 peipetuo
1743 2286 1957 2331 approbamus
1973 2292 2004 2320 et

1262 2340 1497 2372 confirmamus.

1297 2448 1308 2473 t
1327 2445 1356 2473 In
1373 2445 1436 2473 edit.
1453 2445 1583 2473 Baliarii
1597 2445 1696 2481 legitur
1709 2445 1742 2473 de
1758 2454 1832 2473 more
1845 2445 1924 2474 solito
1932 2455 2002 2474 esca—

1259 2491 1373 2518 minan.
1389 2491 1548 2526 approban.
1571 2490 1617 2518 sed
1633 2490 1703 2517 male
1719 2490 1815 2518 Gallia
1833 2490 2001 2519 Christiana

1259 2534 1353 2562 scribit
1367 2534 1570 2566 examinandi,
1586 2535 1771 2569 approbandi
1786 2536 1825 2569 (n.
1843 2535 1892 2568 τ.).

1292 2580 1309 2607 2
1329 2579 1474 2615 Perperam
1499 2579 1597 2608 Gallia
1620 2580 1791 2608 Christiana
1815 2580 1880 2616 legit
1902 2580 2000 2609 adim-

1254 2624 1369 2658 plendis
1382 2627 1409 2651 et
1424 2623 1607 2651 observandis
1621 2624 1660 2659 (n.
1677 2624 1726 2657 T.).

1292 2668 1309 2696 3
1323 2667 1390 2696 Male
1409 2675 1522 2704 prorsus
1537 2667 1632 2696 eadem
1646 2668 1712 2704 legit
1726 2671 1831 2698 erectas
1842 2670 1886 2705 (n.
1900 2669 1948 2704 τ.).

2029 270 2081 297 An.
2099 269 2128 297 e.
2145 269 2212 298 16¹3

2243 312 2273 356 ..s

2252 360 2269 383 ’ἶ

2245 382 2271 415 ἑὲ

2238 424 2269 442 .(

2237 443 2277 971 ”sgi'tmaw‘fflfflsssffim

2273 1194 2277 1199 ,
2241 1175 2248 1178 “
2243 1021 2276 1145 ’Μόω
2271 994 2273 997 ,

2245 1290 2274 1342 ναὶ
2243 1262 2255 1274 *-

2256 1319 2275 1404 ‘'h-fi*

2246 1352 2257 1383 fv«

2234 2071 2264 2166 k>
2236 1474 2275 2061 mfflwrw-aemsmw
2242 1399 2273 1467 ⁶&

2250 2232 2265 2256 ..⁷
2242 2179 2272 2223 *²3³
2257 2152 2265 2169 ι
