2293 3231
203 277 251 302 An.
269 276 298 302 c.
319 277 382 303 mit
430 268 493 302 ⁴272
981 278 1158 302 mummi
1185 278 1338 302 nomnen
1931 282 1984 307 An.
2001 281 2029 308 C.
2046 282 2115 308 16¹4

403 326 678 369 nemspiritualem
689 325 914 369 provinciaede
925 324 1141 358 Pernamhuco
1175 325 1256 358 tione
1281 325 1462 359 huiusmodi
1487 327 1717 371 comprehensa
1749 338 1915 368 exercere,

403 378 643 421 nuncupandam
670 389 727 421 pro
744 388 807 410 uno
827 377 943 410 vicario
961 387 1014 409 seu
1045 377 1142 410 admi·
1158 417 1160 426 λ
1175 387 1231 411 nec
1245 378 1354 411 eadem
1376 379 1539 420 beneficia,
1557 390 1636 424 quae
1653 386 1742 414 antea
1760 381 1799 413 ad
1816 380 1916 425 ipsius

403 430 569 464 nistratore
601 432 630 462 in
662 430 876 473 spiritualibus
900 429 1079 473 provinciae
1103 430 1141 462 de
1157 430 1160 461 1
1175 431 1392 471 collationem,
1423 433 1653 476 provisionem,
1678 434 1915 474 institutionem,

403 483 618 516 Pernambueo
642 483 864 527 nuncupando,
888 483 941 527 qui
972 482 1048 516 inibi
1078 494 1141 516 om·
1158 484 1222 516 iel
1247 484 1421 528 quamlibet
1445 485 1537 518 aliam
1562 486 1799 531 dispositionem
1825 488 1916 532 perti

402 535 560 569 nimodam
587 536 781 580 spiritualim
796 542 824 569 et
842 536 1085 569 ecclesiasticam
1105 547 1159 569 ac
1157 537 1300 599 nebant,
1325 538 1433 571 conset
1436 549 1480 579 re
1505 549 1560 571 seu
1584 539 1622 572 de
1648 539 1709 573 illis
1732 540 1826 573 etiam
1845 551 1916 585 pro-

401 588 592 621 ordinariam
617 594 645 621 et
671 600 759 632 quisi
785 589 994 647 episcopalem
1020 589 1159 629 iurisdi-
1157 577 1289 630 videte,
1315 596 1367 622 aut
1391 591 1467 624 alias
1490 591 1678 650 disponere,
1709 592 1755 626 iel
1785 593 1915 633 fructus,

401 641 548 681 ctionem,
565 647 628 673 tam
649 642 680 674 in
706 643 774 675 soro
790 642 931 675 interiori
949 652 1043 686 quam
1061 648 1141 675 exte-
1157 642 1323 682 iedditus,
1350 650 1530 687 proientus,
1556 645 1634 685 iuia,
1658 645 1861 679 obventiones
1884 650 1916 679 et

400 693 487 732 riori,
514 693 642 726 haberet
667 699 695 726 et
722 699 892 735 exerceret,
917 694 1094 738 erigeretur
1111 700 1140 727 et
1157 705 1159 718 ·
1174 696 1385 730 emolumenta
1401 707 1460 741 per
1474 708 1546 730 eum
1564 697 1595 730 in
1612 698 1774 742 provincia
1790 698 1829 732 de
1846 698 1915 732 Per·

401 745 636 786 institueretur,
661 757 697 780 ex
729 748 787 780 ho«.-
813 748 976 791 provincia
1001 747 1038 780 de
1070 746 1339 792 Per-jnambuoe,
1365 750 1511 794 illiusque
1542 751 1704 791 terminis,
1728 751 1914 791 territoriis,

399 798 555 831 nambuco
572 799 750 833 huiusmodi
765 800 957 834 felicioribus
971 800 1138 844 proficeret
1173 802 1309 846 oppidis,
1334 802 1415 835 vittis
1440 809 1470 836 et
1494 804 1571 837 locis
1595 803 1776 848 praedictis,
1794 804 1915 838 ratione

399 850 612 892 incrementis,
626 852 772 896 illiusque
787 853 862 886 cleri
879 858 909 886 et
927 853 1034 897 populi
1053 864 1140 897 prae-
1173 855 1357 888 visitationis
1382 862 1435 889 aut
1459 857 1537 900 legis
1562 857 1726 897 dioecesis,
1749 857 1914 902 percipere

398 902 555 936 dictorum
583 904 686 944 saluti,
710 909 740 937 et
765 904 865 938 dictae
890 905 963 937 [idei
985 906 1138 948 profectui
1156 877 1348 942 inullatenus
1372 916 1506 953 posset),
1531 911 1704 954 apostolica
1729 910 1914 946 auctoritate

399 961 428 987 et
441 956 632 997 exaltationi,
647 957 807 1001 divinique
818 958 919 990 cultus
933 958 1138 999 incrementa
1172 967 1326 1005 perpetuo
1351 963 1524 996 exemimus
1548 968 1578 996 et
1603 964 1739 998 totaliter
1767 963 1913 997 liberavi-

398 1018 433 1041 ac
457 1013 502 1042 tot
526 1009 734 1042 incommodis
751 1016 779 1043 et
797 1011 973 1043 animarum
992 1011 1138 1055 perieulis
1173 1025 1258 1053 mus;
1285 1015 1450 1059 ipsamque
1473 1016 1668 1060 provinciam
1697 1016 1736 1050 de
1765 1017 1914 1051 Pernam-

398 1066 575 1106 opportune
590 1064 816 1098 consuleretur:
832 1064 986 1105 nos‚di‹,·ti
1001 1064 1136 1109 Philippi
1172 1067 1252 1100 buco
1278 1068 1321 1100 sie
1347 1068 1607 1102 dismembratam
1633 1075 1663 1103 et
1686 1074 1864 1114 separatam
1882 1070 1913 1103 in

398 1116 482 1159 regis
499 1117 782 1160 supplicationibus
798 1118 889 1151 nobis
902 1128 998 1161 super
1011 1118 1070 1151 hoc
1084 1118 1139 1150 hu-
1154 1142 1155 1151 ι
1172 1121 1319 1154 vicariam
1350 1133 1406 1155 seu
1430 1122 1732 1156 administrationem
1769 1123 1914 1167 spiritua-

399 1170 515 1203 militer
527 1171 683 1214 porrectis
697 1171 895 1212 inclinati,ad
911 1171 1137 1215 omnipotentis
1153 1156 1156 1217 i
1171 1173 1232 1206 lem
1250 1174 1430 1217 provinciae
1447 1175 1484 1207 de
1502 1175 1719 1208 Pernambuco
1733 1185 1914 1220 nuncupan-

398 1223 450 1256 Dei
475 1223 599 1256 laudem
620 1228 650 1257 et
667 1224 812 1267 gloriam,
829 1236 864 1256 ae
890 1220 1241 1272 gloriosissimaeldam
1274 1237 1333 1270 pro
1365 1238 1428 1261 uno
1460 1228 1667 1272 presbytero,
1698 1228 1831 1262 seculari
1865 1228 1910 1262 vel

397 1276 465 1309 eius
488 1276 650 1319 genitricis
682 1277 817 1316 Mariae,
843 1278 1000 1321 totiusque.
1032 1278 1136 1311 curiae
1153 1279 1155 1317 i
1170 1280 1307 1312 cuiusvis
1327 1280 1452 1313 Ordinis
1477 1282 1616 1324 regulari
1641 1282 1768 1323 vicario,
1793 1292 1846 1315 seu
1863 1282 1913 1315 ad-

397 1330 540 1363 caelestis
564 1330 728 1370 honorem,
750 1336 780 1363 et
805 1331 902 1374 ipsius
930 1331 1001 1364 tidei
1029 1331 1137 1364 catlio-
1153 1325 1154 1338 ¹
1171 1332 1383 1366 ministratore
1396 1334 1427 1366 in
1444 1334 1660 1378 spiritualibus
1678 1335 1857 1378 provinciae
1874 1336 1912 1368 de

398 1385 474 1418 licae
499 1384 728 1424 exaltationem,
749 1384 864 1417 dictam
886 1385 1079 1428 provinciam
1098 1386 1135 1418 de
1152 1410 1154 1436 3
1172 1386 1386 1420 Peruambueo
1399 1387 1619 1431 nuncupando,
1637 1387 1667 1419 in
1684 1388 1843 1431 theologia
1857 1399 1912 1422 seu

398 1439 614 1472 Pernambuco
630 1449 702 1471 cum
722 1439 804 1471 illius
820 1439 989 1479 territorio,
1003 1440 1135 1484 oppidis,
1152 1439 1154 1456 ‘¹
1170 1439 1305 1472 decretis
1329 1440 1494 1483 graduato,
1518 1441 1567 1473 vel
1591 1441 1666 1473 alias
1692 1443 1821 1485 praevio
1839 1453 1911 1476 exa·

397 1493 489 1533 villis,
514 1493 601 1533 locis,
626 1504 681 1525 nec
708 1504 770 1526 non
796 1494 881 1526 clero
905 1499 933 1525 et
960 1494 1088 1538 populo,
1107 1499 1134 1525 et
1170 1493 1275 1534 mine,
1309 1504 1363 1526 seu
1394 1493 1510 1527 iudicio
1537 1493 1759 1538 deputatorum
1786 1502 1911 1530 senatus

396 1545 549 1590 personiS,
574 1556 609 1578 ac
633 1545 842 1586 monasteriis,
868 1546 1017 1587 ecclesiis,
1046 1547 1137 1579 colle·
1170 1557 1295 1579 mensae
1328 1547 1433 1590 regiae
1465 1548 1674 1581 eonscientiae
1704 1554 1733 1581 et
1758 1548 1910 1584 Ordinum

397 1598 456 1642 giis
470 1604 499 1631 et
512 1599 571 1643 piis
584 1599 671 1639 locis,
685 1610 719 1632 ac
733 1599 893 1632 beneficiis
906 1600 1136 1640 ecclesiasticis,
1170 1601 1364 1641 militarium,
1390 1601 1419 1633 in
1445 1612 1507 1645 quo
1531 1603 1738 1646 quamplures
1764 1604 1821 1636 viri
1847 1610 1909 1637 tam

396 1652 590 1684 secularibus
605 1662 640 1684 ac
654 1652 837 1695 quorumvis
851 1652 997 1685 ordinum
1016 1654 1137 1695 regula-
1169 1654 1326 1687 seculares
1338 1664 1432 1697 quam
1447 1655 1608 1697 regulares
1626 1656 1800 1689 litterarum
1814 1657 1911 1691 seien-

395 1705 492 1746 ribus,
506 1705 546 1737 ab
562 1705 693 1738 ecelesia
706 1705 808 1739 Sancti
827 1706 996 1739 Salvatoris
1009 1711 1039 1738 et
1052 1706 1137 1739 dioe-
1151 1705 1153 1712 '
1169 1707 1210 1740 tia
1234 1713 1262 1740 et
1289 1708 1401 1741 virtute
1426 1708 1564 1751 insignes
1582 1710 1796 1753 reperiuntur,
1813 1711 1908 1745 habili

395 1758 457 1792 cesi
482 1758 650 1802 praedictis
677 1763 828 1802 perpetuo
856 1759 1079 1802 separavimus,
1104 1765 1133 1793 et
1168 1765 1197 1792 et
1223 1760 1335 1793 idoneo
1361 1761 1398 1793 ad
1423 1761 1501 1794 alios
1525 1761 1701 1795 docendum
1722 1764 1907 1807 approbato,

394 1811 702 1851 disinemb1·avinn1s;
717 1817 745 1844 et
760 1812 800 1845 ab
817 1812 901 1845 omni
919 1812 1134 1845 iurisdictione
1168 1824 1202 1846 ac
1227 1824 1284 1856 per
1308 1814 1410 1857 ipsum
1427 1814 1609 1859 Philippum
1635 1821 1662 1848 et
1689 1827 1747 1859 pro
1764 1822 1907 1861 tempore

393 1864 587 1898 subiectione
612 1870 642 1898 et
666 1865 902 1909 superioritate,
927 1866 1133 1906 correctione,
1168 1865 1352 1899 existentem
1387 1866 1595 1909 Portugalliae
1626 1873 1653 1899 et
1684 1868 1906 1911 Algarbiorum

394 1918 568 1952 visitatione
593 1924 622 1951 et
649 1924 801 1962 potestate
827 1930 886 1962 pro
911 1923 1053 1963 tempore
1069 1920 1134 1952 exi·
1167 1929 1274 1962 regem
1289 1920 1451 1963 perpetuis
1463 1920 1794 1965 futuristemporibus,
1814 1922 1907 1955 etiam

394 1972 503 2005 stentis
526 1972 665 2016 episcopi
691 1972 789 2005 sancti
806 1973 985 2012 Salvatoris,
1003 1973 1132 2017 eiusque
1166 1972 1204 2004 ad
1231 1978 1351 2016 tempus
1377 1972 1434 2005 sibi
1461 1974 1654 2010 benevisum.
1672 1974 1852 2018 deputando
1877 1981 1906 2007 et

394 2024 584 2058 vicariorum
609 2030 638 2057 et
663 2025 855 2065 officialium,
880 2036 915 2058 ac
936 2036 953 2057 a
978 2025 1132 2059 solutione
1148 2021 1151 2047 ἕ
1167 2026 1395 2063 constituendo,
1421 2027 1473 2070 qui
1499 2026 1711 2070 deputationis
1735 2033 1765 2059 et
1790 2028 1907 2062 consti-

394 2077 509 2111 iurium
541 2088 815 2121 quorumcumque
845 2078 947 2111 eidem
984 2079 1132 2122 episcopo
1167 2079 1308 2112 tutionis¹
1334 2080 1516 2113 huiusmodi
1548 2080 1677 2122 vigore,
1703 2081 1823 2124 absque
1847 2081 1906 2114 alia

394 2136 423 2164 et
448 2130 570 2164 dilectis
594 2130 666 2163 siliis
690 2131 827 2175 capitulo
855 2132 956 2164 dictae
982 2132 1132 2165 ecclesiae
1167 2133 1297 2166 Romani
1323 2133 1483 2166 Pontit‘ieis
1503 2134 1548 2166 rel
1567 2134 1709 2178 episcopi
1725 2134 1828 2168 Sancti
1845 2134 1907 2168 Sal-

393 2184 491 2217 sancti
516 2184 684 2217 Salvator-is
702 2194 759 2227 per
779 2184 909 2225 clerum,
930 2185 1085 2228 populum
1102 2191 1129 2217 et
1166 2186 1282 2219 vatoris
1307 2197 1365 2230 pro
1390 2192 1533 2231 tempore
1557 2187 1768 2228 existentium,
1787 2193 1840 2221 aut
1856 2199 1906 2222 cu-

393 2248 545 2282 personas
569 2238 749 2281 provinciae.
773 2237 810 2270 de
837 2238 1053 2272 l‘ernambuco
1074 2239 1131 2272 hu-
1165 2239 1395 2272 iusrisaltcrius
1410 2240 1904 2285 confirmatione,approbatione,

393 2290 527 2323 iusmodi
542 2291 662 2323 ratione
673 2291 885 2329 subiectionis,
897 2291 1130 2333 iurisdictionis,
1165 2292 1301 2332 licentia,
1322 2293 1368 2325 vel
1394 2303 1560 2329 consensu„
1578 2304 1697 2333 curam,
1714 2294 1857 2336 regimen
1875 2298 1904 2328 et

392 2343 632 2388 superior-itatis,
649 2350 700 2377 aut
719 2344 914 2384 visitationis,
939 2345 1033 2378 etiam
1049 2346 1132 2379 dioe-
1164 2345 1468 2379 administrationem
1493 2346 1672 2390 provinciae
1696 2346 1734 2379 de.
1759 2346 1904 2380 Pernam-

393 2397 473 2430 cesis
498 2397 561 2439 (ita
585 2397 669 2440 quod
694 2408 728 2430 ex
755 2402 827 2430 tunc
848 2398 886 2430 de
909 2403 1015 2431 cetero
1043 2410 1131 2443 prae-
1163 2398 1266 2438 bueo,
1290 2404 1318 2431 et
1356 2399 1431 2432 cleri
1457 2409 1491 2431 ac
1515 2399 1622 2442 populi
1653 2404 1715 2431 tam
1741 2399 1901 2432 christiani

392 2449 493 2483 dictus
506 2450 674 2494 episcopus
687 2451 790 2483 Sancti
807 2450 975 2484 Salvatoris
992 2452 1128 2496 aliquam
1163 2463 1257 2496 quam
1283 2452 1418 2495 gentilis,
1443 2463 1499 2485 nee
1520 2462 1581 2485 non
1607 2451 1811 2496 oppidorum,
1838 2457 1901 2486 ter—

393 2503 639 2536 iurisdictionem
668 2504 883 2547 spiritualem,
908 2510 1127 2549 praeterquam
1163 2516 1269 2538 rarum
1295 2510 1322 2538 et
1350 2506 1491 2538 locorum
1517 2505 1546 2537 in
1573 2505 1654 2537 illius
1679 2504 1838 2547 districtu,
1864 2506 1900 2539 li·

393 2556 422 2588 in
449 2556 497 2588 liis
521 2567 600 2599 quae
624 2563 694 2590 sunt
719 2557 848 2597 ordinis,
874 2558 904 2590 in
929 2558 1053 2602 oppida,
1071 2564 1129 2592 ter·
1163 2559 1302 2598 mitibus,
1328 2559 1470 2592 terminis
1493 2563 1521 2592 ct
1547 2559 1624 2591 loeis
1642 2558 1808 2602 praedietis
1825 2570 1900 2594 con-

393 2609 505 2647 minos’
530 2610 698 2649 [cfrssffl'ia’
723 2610 810 2643 “inas
836 2617 865 2643 ⁰¹
890 2612 966 2651 loca,
992 2622 1048 2645 ΠΕΟ
1065 2622 1127 2645 ΠΟΠ
1200 2631 1207 2656 t
1230 2629 1373 2665 Pei-peram
1389 2629 1455 2656 edit.
1468 2628 1550 2656 Maia.
1567 2629 1629 2664 legit
1655 2629 1853 2664 deputationes
1873 2633 1900 2659 et

392 2661 541 2694 beneticia
567 2662 624 2694 sub
648 2664 844 2707 separatione
869 2670 896 2697 et
923 2664 1128 2698 dismembra-
1160 2674 1428 2707 constitutionum.
1445 2673 1492 2707 τ.).
