2293 3231
83 275 132 304 An.
150 276 178 303 C.
201 275 270 304 1620

109 603 190 623 causae
201 603 267 628 impo-

82 628 146 650 nendi
154 629 265 650 decimam,

115 1183 167 1204 Eam
177 1183 265 1210 imponit

83 1209 186 1231 Pontifex.

918 277 1038 302 PAULUS

280 323 506 357 catholicorum
517 324 598 357 vires
611 324 648 356 ad
663 324 869 357 resistendum
879 325 1017 357 hostium
1032 329 1035 345 ¹

281 386 370 409 verae
394 375 467 409 fidei
493 376 657 410 conatibus
681 382 844 420 augentur,
863 382 955 420 prout
974 388 1018 410 rc-

281 439 350 461 rum
367 433 398 462 et
414 433 592 473 temporum
613 429 813 473 qualitatibus
829 430 931 462 debite
948 440 1018 473 pcn-

281 481 354 514 satis
385 482 595 526 conspicimus
627 483 658 515 in
685 483 818 516 Domino
851 482 1018 515 salubriter

280 534 436 578 expedire.

325 588 339 630 3}
369 587 393 620 l.
420 587 509 628 Sane,
530 599 612 628 cum,
628 588 705 621 sicut
731 588 1018 632 accepimus,p1·in-

280 640 365 683 cipes
389 645 419 673 et
443 640 568 674 ordines
600 647 661 674 tam
690 641 889 675 ecclesiastici
925 651 1018 684 quam

279 692 436 726 seculares
450 692 481 725 in
495 693 670 734 Germania,
684 694 724 728 ob
737 694 812 727 inibi
833 692 1017 727 concitatos¹

279 745 317 777 ad
341 755 490 789 praesens
514 756 570 789 per
596 746 723 779 humani
748 747 872 790 generis
896 747 1017 779 bostem

279 802 383 831 motus
399 803 429 831 et
446 799 617 832 catholicae
638 800 808 843 religionis,
827 800 857 832 in
874 810 936 843 quo
953 810 1020 832 ver-

279 855 374 892 satur,
399 851 584 892 discrimen,
609 863 666 896 pro
691 852 831 885 eiusdem
857 851 1018 894 religionis

278 904 457 938 defensione
470 906 692 946 confoederati,
711 906 767 939 soli
785 906 935 938 hactenus
952 915 1020 947 gra·

279 958 326 990 via
350 968 557 1002 expensarum
574 969 669 992 onera
694 959 733 992 ob
758 969 882 992 causam
900 958 1020 1002 praedi-

279 1016 361 1044 ctam
375 1011 558 1052 sustineant,
575 1011 616 1044 ita
633 1017 676 1051 ut,
694 1012 753 1044 nisi
771 1012 808 1044 de
826 1012 930 1055 aliquo
951 1011 1019 1044 sub·
1035 1011 1037 1020 '

280 1063 359 1097 sidio
383 1069 503 1098 mature
526 1065 749 1108 prospiciatur,
774 1065 944 1098 verendum
969 1065 1017 1105 sit,

280 1127 318 1149 ne
341 1117 436 1150 tantis
460 1117 609 1151 oneribus
634 1118 772 1161 impares
797 1117 958 1150 deficiant:

324 1171 339 1212 g
363 1170 391 1203 2.
418 1169 473 1203 His
497 1170 594 1213 igitur
611 1175 641 1203 et
657 1170 725 1203 aliis
741 1170 933 1213 gravissimis
950 1181 1020 1203 cau-

281 1223 322 1257 sis
346 1224 385 1256 ad
408 1224 462 1257 Dei
486 1224 631 1266 gloriam,
655 1230 843 1269 sanctaeque
867 1225 933 1257 eius
961 1225 1018 1257 Ec·

281 1277 393 1310 clesiae
410 1277 623 1311 defensionem
640 1281 670 1312 et
685 1278 905 1311 exaltationem
923 1278 1019 1321 perti-

280 1330 426 1363 nentibus
443 1330 579 1371 adducti,
596 1331 876 1374 supplicationibus
892 1331 1018 1364 nomine

281 1383 465 1416 eorumdem
489 1384 783 1417 confoederatorum
802 1384 891 1417 nobis
915 1384 1018 1417 humi-

281 1436 351 1470 liter
374 1437 528 1481 porrectis
553 1437 701 1478 inclinati,
719 1438 757 1470 de
780 1438 913 1471 tributae
929 1438 1019 1470 nobis

280 1502 297 1523 a
320 1490 454 1524 Domino
477 1491 666 1534 apostolicae
693 1492 854 1535 potestatis
878 1491 1016 1535 plenitu-

280 1543 362 1585 dine,
379 1547 487 1578 tenore
500 1544 722 1588 praesentium,
736 1545 903 1578 indicimus
921 1550 950 1577 et
966 1545 1020 1577 im-

271 1597 426 1642 ponimus
450 1608 543 1630 unam
561 1599 681 1638 (semel,
700 1603 727 1630 et
749 1598 905 1641 praesenti
928 1608 1018 1637 anno,

281 1651 312 1683 in
336 1652 397 1684 una
416 1652 465 1684 vel
482 1651 626 1695 pluribus
654 1652 872 1690 solutionibus,
889 1652 1020 1686 arbitrio

281 1704 485 1738 collectorum
499 1705 579 1737 insra
596 1705 830 1748 deputatorum,
844 1706 1021 1748 persolven-

280 1757 366 1800 dam)
389 1757 545 1800 integram
570 1757 735 1798 decimam,
761 1758 791 1790 in
818 1769 908 1791 usum
932 1750 1039 1802 prae-f

280 1810 375 1843 sentis
398 1811 472 1844 belli
496 1815 605 1845 contra
635 1812 810 1846 haereticos
836 1816 964 1853 tantum,
990 1818 1018 1845 et

280 1874 343 1898 non
361 1864 393 1897 in
410 1865 487 1898 alios
507 1875 592 1904 usus,
613 1865 814 1908 erogandam,
832 1866 972 1899 omnium
991 1871 1018 1899 et
1036 1871 1039 1912 J

280 1928 552 1962 quorumcumque
581 1919 761 1955 fructuum.
787 1919 965 1952 reddituum
991 1917 1038 1953 et‘

281 1976 500 2013 proventuum,
525 1971 652 2012 iurium,
678 1972 912 2009 obventionum.
938 1984 1022 2006 cmo-

282 2023 504 2064 lumentorum,
528 2035 562 2056 ac
587 2024 844 2058 distributionum
869 2026 1039 2073 quotidia7

281 2085 393 2108 narum
402 2076 543 2109 omnium
554 2077 759 2110 ecclesiarum
773 2079 1019 2122 collegiatariun,

281 2128 526 2172 parochialium,
550 2139 671 2162 necnon
699 2132 962 2164 monasteriorum
991 2139 1018 2165 et

282 2186 501 2224 conventuum,
520 2193 555 2215 ac
579 2183 672 2216 etiam
690 2194 870 2216 mensarum
886 2185 1021 2218 abbatia-

280 2234 368 2275 lium,
393 2235 627 2279 capitularium,
651 2240 714 2268 tam
739 2237 966 2270 cathedralium
992 2233 1038 2270 et*y

280 2289 604 2333 metropolitanarum,
629 2300 723 2332 quam
749 2300 1039 2335 quarumcumque}

281 2342 516 2385 collegiatarum
549 2342 775 2382 ecclesiarum,
800 2354 922 2377 necnon
946 2334 1039 2390 eon-J

280 2395 483 2435 ventualium,
507 2396 706 2439 prioratuum
731 2407 866 2440 quoquc,
892 2399 1039 2441 praepo-3

280 2448 461 2489 situi—arum,
470 2450 770 2494 praeceptoriarum,
780 2450 1021 2483 canonicatuum
1036 2480 1039 2502 ⁸

281 2506 311 2534 et
339 2502 611 2546 praebendarum,
637 2503 844 2546 dignitatum,
870 2514 1039 2547 persona—;

280 2560 369 2588 tuum
383 2582 390 2596 ‚
414 2556 731 2597 administrationum,
755 2557 848 2589 ctiam
873 2551 1038 2630 tabificae}

318 2672 328 2697 1
347 2669 417 2698 Edit.
433 2670 513 2699 Μαίη.
530 2672 597 2708 tegit
610 2673 767 2701 concitatas
782 2679 819 2707 tn.
836 2674 884 2707 in).
1036 2690 1037 2707 i

1061 277 1081 300 v
1106 277 1154 301 1³1².

1052 330 1079 357 et
1097 324 1283 363 officiorum,
1301 330 1540 366 ceterorumque
1562 321 1788 354 beneficiorum

1052 377 1345 415 ecclesiasticorum,
1371 388 1441 410 cum
1467 378 1541 409 cura
1567 381 1593 408 et
1620 375 1685 409 sine
1703 376 1788 407 cura.

1052 430 1250 470 secularium,
1276 442 1310 461 a«-
1335 431 1363 463 S.
1384 429 1551 471 Benedicti,
1571 429 1599 461 S.
1615 427 1789 471 Augustini,

1052 483 1277 523 Clunfficcusis,
1303 482 1531 522 Cisterciensis,
1558 482 1790 514 praemonstra-

1053 536 1157 575 tensis,
1170 542 1209 575 et,
1229 536 1252 568 si
1269 536 1321 579 qui
1339 536 1420 568 bona
1435 534 1616 573 immobilia,
1638 533 1791 567 redditus-

1052 599 1112 631 que
1137 592 1238 621 certos
1263 599 1297 621 cx
1323 588 1487 631 privilegio
1515 588 1560 620 rel
1593 587 1667 619 alias
1697 586 1792 630 possi-

1052 641 1142 681 dent,
1167 641 1428 677 Mendicantium,
1454 652 1487 673 ac
1519 650 1790 683 quorunwumqus—

1052 695 1187 727 aliorum
1204 694 1354 727 Ordinum
1373 695 1536 737 utriusque
1553 704 1643 726 sexus
1671 703 1790 725 necnon

1052 747 1331 789 congregationum
1353 747 1546 789 regularium
1564 746 1614 783 (iis
1634 746 1789 778 dumtaxat

1052 800 1207 843 exceptis.
1233 811 1312 843 quae
1345 810 1360 831 a
1389 800 1618 832 venerabilibus
1644 799 1791 832 fratribus-1

1052 853 1167 885 nostris
1196 853 1224 885 S.
1251 854 1284 885 R.
1310 853 1341 885 E.
1375 852 1585 885 cardinalibus
1613 851 1792 885 obtinentur

1053 916 1105 938 seu
1131 906 1359 949 percipiuntur,
1376 917 1421 945 ac,
1442 905 1545 948 quoad
1568 904 1719 938 beneficia
1743 917 1792 937 cu-

1053 962 1129 999 rata,
1144 959 1182 991 iis
1195 969 1330 1002 quorum
1349 969 1470 991 annuus
1483 958 1623 991 redditus
1636 968 1791 990 summam

1053 1011 1260 1055 quadraginta
1284 1012 1470 1044 ducatorum
1501 1011 1569 1043 auri
1602 1010 1639 1042 de
1669 1012 1790 1042 camera

1053 1075 1115 1098 non
1139 1065 1323 1107 excedunt),
1349 1070 1375 1097 et
1405 1069 1566 1107 praeterea
1590 1062 1792 1106 hospitalium

1034 1111 1036 1122 '
1053 1118 1147 1150 etiam
1166 1128 1340 1162 pauperum
1359 1117 1601 1161 hospitalitatem
1621 1126 1684 1149 non
1704 1126 1793 1148 exer-

1053 1171 1200 1211 centium,
1225 1181 1279 1203 seu
1304 1171 1385 1203 bona
1411 1176 1437 1203 ct
1464 1169 1603 1202 redditus
1620 1170 1701 1201 ultra
1718 1179 1793 1201 usus

1054 1223 1254 1257 infirmorum
1280 1229 1307 1256 et
1334 1224 1402 1264 alia,
1434 1234 1493 1267 pro
1517 1223 1631 1266 quibus
1656 1222 1793 1255 instituta

1054 1282 1134 1315 sunt,
1150 1276 1202 1320 pia
1223 1277 1323 1309 ollicia
1342 1276 1515 1309 exercenda
1536 1274 1792 1319 possidentium’,

1053 1340 1110 1361 nec
1141 1339 1202 1362 non
1236 1329 1344 1361 beatae
1380 1329 1493 1361 Mariae
1529 1329 1793 1364 'l'eutonic0rum,

1053 1383 1081 1415 S
1100 1383 1216 1422 Lazari,
1229 1383 1348 1426 Templi
1366 1382 1530 1422 Dominici,
1543 1394 1588 1419 ac,
1605 1382 1707 1425 quoad
1725 1381 1794 1415 illos

1053 1437 1105 1480 qui
1123 1438 1281 1470 communi
1298 1437 1446 1469 thesauro
1463 1437 1509 1469 sui
1527 1436 1690 1479 hospitalis
1708 1436 1795 1468 Melc-

1054 1490 1178 1522 leritani
1215 1501 1310 1523 onera
1347 1490 1436 1523 solita
1470 1500 1533 1522 non
1569 1489 1767 1523 contribuunt
1788 1518 1793 1527 ,

1053 1544 1146 1576 etiam
1172 1544 1200 1576 S.
1228 1543 1350 1576 loannis
1375 1543 1661 1587 Hierosolymitani,
1679 1548 1707 1576 et
1725 1543 1796 1576 alia-

1054 1608 1124 1629 rum
1149 1597 1327 1630 Militiarum
1353 1597 1383 1629 in
1404 1597 1590 1637 Coloniensi,
1607 1597 1794 1634 Trevirensi,

1054 1650 1292 1693 Salisburgensi,
1311 1650 1547 1693 Bambergensi,
1565 1651 1794 1694 Herbipolensi,

1055 1703 1247 1747 EystetensL
1279 1703 1440 1747 Spirensi,
1468 1704 1713 1740 Wormatiensi,
1738 1706 1795 1737 Ar-

1054 1757 1239 1800 gentinensi.
1259 1757 1496 1797 Constantiensi,
1517 1758 1724 1799 Augustanae‚
1742 1758 1796 1790 Ra<

1036 1805 1243 1849 'tisbonensi‚
1269 1810 1461 1843 Passariensi
1487 1816 1515 1843 et
1541 1810 1733 1853 Frisingensi
1758 1811 1797 1843 ci-

1056 1864 1210 1905 vitatibus,
1235 1865 1450 1901 dioecesibus,
1475 1864 1662 1908 provinciis,
1688 1865 1795 1908 patrii>⁴

1054 1922 1084 1950 et
1107 1918 1278 1951 ditionibus
1299 1918 1508 1958 existentium,
1523 1918 1694 1951 secundum
1714 1929 1796 1951 com-

1055 1981 1182 2004 munem
1206 1972 1455 2004 aestimationem
1480 1972 1640 2004 fructuum
1665 1976 1692 2004 et
1720 1971 1795 2005 alio-

1054 2036 1124 2057 rum
1149 2025 1393 2068 lnaediclorum,
1414 2036 1447 2057 ac
1473 2025 1617 2058 similiter
1640 2025 1794 2068 integram

1054 2077 1209 2110 decimam
1234 2078 1375 2111 omnium
1396 2078 1581 2121 pensionum
1600 2089 1694 2122 super
1712 2089 1797 2122 prae—

1056 2131 1157 2163 missis
1175 2131 1403 2174 assignatarum
1422 2137 1450 2164 et
1468 2131 1739 2174 assignandarum,
1754 2143 1797 2164 sc<

1054 2185 1114 2216 mel
1134 2190 1263 2225 tantum,
1282 2190 1313 2217 ut
1336 2185 1453 2217 dictum
1472 2189 1527 2225 est,
1549 2185 1795 2229 percipiendam.

1055 2237 1222 2279 exigendas
1255 2249 1272 2269 a
1304 2238 1556 2281 quibuscumque.
1588 2238 1796 2281 primatibus.

1054 2291 1250 2334 praepositis,
1276 2291 1411 2330 decanis,
1437 2291 1598 2335 capitulis,
1623 2291 1795 2325 canonicis.

1054 2344 1242 2385 rectoribus,
1267 2345 1472 2386 beneficiatis,
1498 2345 1679 2385 abbatibus,
1704 2345 1792 2388 prio-

1055 2397 1152 2438 ribus,
1178 2398 1461 2438 commendatariis,
1476 2398 1649 2438 abbatissis,
1666 2398 1797 2442 prioris-

1055 2450 1106 2489 sis,
1121 2450 1271 2482 tratribus
1289 2451 1448 2486 militibus,
1466 2457 1494 2484 ct
1512 2451 1580 2484 aliis
1597 2462 1796 2495 quocumque

1054 2502 1180 2535 nominc
1205 2504 1399 2547 nuncupatis,
1433 2503 1626 2537 secularibus
1653 2510 1683 2537 et
1706 2515 1797 2548 regu-

1055 2556 1182 2596 laribus,
1201 2557 1374 2601 ceterisque
1388 2558 1613 2602 cuiuscumque
1627 2558 1794 2601 dignitatis,

1091 2675 1101 2700 1
1119 2674 1265 2709 Perperani
1277 2674 1342 2701 edit.
1354 2673 1431 2701 Main.
1443 2674 1696 2710 tegulam-sidentur
1706 2669 1808 2710 (uxr->J

1698 264 1762 298 479
1809 271 1855 299 An.
1869 272 1898 299 c.
1924 271 1989 298 ¹620
