2293 3231
531 259 593 293 854
1067 262 1244 287 numnam
1269 262 1421 286 nomnen

570 319 633 353 119
659 329 688 350 a.
713 318 797 351 Taxa
821 316 1012 349 notariorum
1037 315 1190 348 aulitoris
1220 322 1384 355 camerae,
1410 313 1472 346 122
1499 322 1529 345 α.
1556 312 1642 347 Taxa
1681 314 1877 349 notariorum
1900 315 2019 358 Rotae,

576 371 639 405 126
664 381 692 403 α.
717 370 802 403 Taxa
826 369 971 409 archivii,
998 368 1060 401 128
1081 367 1107 400 b.
1139 368 1225 401 Taza
1250 368 1444 401 notariorum
1472 374 1641 400 causarum
1666 366 1894 409 criminalium,
1912 370 2023 402 'came-

571 432 635 464 rae,
660 423 891 466 gubernatoris,
917 423 1040 462 vicarii,
1065 423 1222 455 senatoris
1246 425 1275 455 et
1301 420 1417 454 iudicis
1442 418 1549 462 Burgi,
1568 419 1631 453 130
1657 418 1683 453 h.
1718 419 1804 454 Taxa
1829 423 2024 456 notariorum

571 476 727 520 Capitolii,
753 477 814 511 135
840 487 869 510 α.
894 475 979 509 Taxa
1005 477 1118 509 notarii
1143 476 1367 518 magistrorum
1393 474 1528 515 viarum,
1552 472 1614 506 142
1627 472 1654 506 b.
1673 473 1759 508 Taxa
1782 476 1897 509 notarii
1913 474 2024 520 Ripae,

571 530 634 564 146
659 529 684 563 b.
711 530 797 564 Taxa
822 530 977 573 Ripettae,
1005 529 1067 563 149
1092 529 1117 563 b.
1144 529 1229 562 Taxa
1262 529 1374 562 notarii
1401 526 1638 570 Hebraeorum,
1666 527 1728 562 153
1755 528 1783 561 b.
1808 528 1895 563 Taxa
1920 532 2020 564 cusu>

570 583 645 618 dum
671 593 846 626 carcerum,
873 584 935 617 156
962 594 992 623 er,
1017 587 1047 617 et
1072 582 1328 616 baroncellorum
1355 585 1386 616 et
1410 584 1629 624 executorum,
1656 581 1720 616 158
1742 592 1771 616 a.

482 636 706 672 Tertiariarum
738 636 869 672 Ordinis
895 637 925 670 S.
957 636 1118 671 Francisci
1143 637 1371 671 monasterium
1401 634 1544 670 Solodori
1575 637 1607 669 in
1639 635 1785 671 Helvetia
1817 637 2022 677 reformatur,

574 692 636 725 196
662 691 688 724 b.

480 744 663 780 Tneodorus
688 747 859 790 episcopus
884 745 1161 788 Paderbonensis,
1182 746 1201 779 7
1227 755 1256 778 α.
1284 744 1322 778 Ut
1347 744 1566 779 coadiutorem
1589 748 1732 780 assumat
1766 748 1929 790 monetur,
1955 745 1974 780 8
1998 744 2024 780 b.

568 798 812 834 Universitatem
836 799 1013 834 studiorum
1038 799 1319 834 Paderbonensem
1345 800 1448 841 erigit,
1476 799 1539 833 298
1565 810 1595 833 α.

483 851 634 887 Theresia
661 852 732 897 (R),
759 854 821 888 673
847 864 876 888 α.
897 854 972 888 Eius
995 857 1090 896 ortus,
1108 863 1145 888 ac
1165 857 1332 897 parentum
1356 862 1467 896 genus,
1489 853 1553 888 674
1577 853 1604 887 h.
1629 853 1664 888 In
1685 855 1878 889 monasterio
1895 857 2026 890 sanctae

568 906 685 941 Mariae
710 907 750 941 de
774 911 880 942 monte
905 906 1050 942 Carmelo
1069 909 1278 942 monasticam
1295 907 1529 952 professionem
1545 909 1670 948 emittit,
1691 907 1768 942 ibid.
1785 907 1862 943 Eius
1881 909 2024 950 virtutes,

568 960 631 994 675
655 971 676 994 α
701 964 731 995 et
754 971 815 1006 seq.
840 961 1003 996 Miraculis
1027 961 1122 1004 clara,
1149 962 1211 995 676
1233 972 1252 994 a
1277 964 1308 995 et
1332 960 1359 994 b.
1384 959 1461 995 Eius
1485 960 1608 1004 obitus,
1634 961 1696 996 677
1723 972 1753 995 a.
1778 960 1903 1004 Quibus
1927 961 2025 997 rebus

569 1023 626 1058 per
656 1013 763 1059 plures
795 1014 937 1060 probatis
963 1025 1153 1060 processus,
1179 1015 1242 1049 679
1267 1026 1287 1049 α
1310 1014 1349 1060 [et
1373 1014 1400 1058 b,
1426 1016 1614 1052 Sanctarum
1645 1016 1789 1061 catalogo
1816 1016 2024 1059 adscribitur,

572 1068 636 1102 680
661 1079 689 1102 α.

480 1120 614 1156 Thomas
638 1122 744 1167 (Ven.)
771 1133 787 1157 a
811 1123 979 1158 Villanova
1011 1124 1180 1159 Beatorum
1213 1123 1285 1158 albo
1310 1124 1499 1168 adscriptus,
1527 1125 1588 1159 426
1614 1136 1644 1159 α.
1668 1124 1744 1160 Eius
1769 1125 1911 1160 officium
1935 1125 2021 1159 reci—

568 1176 676 1219 tandi,
702 1178 894 1223 missamque
920 1176 1116 1219 celebrandi,
1149 1177 1307 1212 indultum
1345 1177 1496 1212 fratribus
1527 1177 1659 1214 Ordinis
1682 1179 1895 1214 Eremitarum
1920 1179 2022 1213 sancti

570 1230 739 1274 Augustini
764 1233 855 1276 regni
879 1231 1046 1266 Valentiae
1081 1236 1111 1266 et
1144 1232 1283 1277 capitulo
1308 1233 1466 1267 ecclesiae
1491 1232 1684 1267 cathedralis
1710 1232 1919 1276 Valentinae‚
1946 1231 2022 1266 ibid.

567 1283 691 1319 Deinde
724 1287 883 1320 universis
920 1285 1071 1320 fratrIbus
1108 1285 1256 1320 Ereinitis
1291 1295 1463 1329 regnorum
1495 1286 1720 1330 Hispaniarum
1757 1295 1794 1320 ac
1825 1285 2024 1330 presbyteris

569 1339 766 1374 secularibus
790 1344 821 1374 ct
845 1339 1047 1384 regularibus
1073 1340 1181 1384 oppidi
1207 1340 1246 1373 de
1272 1339 1438 1374 villanova
1463 1341 1620 1374 concessit
1644 1339 1761 1374 Paulus
1778 1339 1836 1373 ΡΡ.
1854 1339 1891 1382 V,
1911 1339 1973 1373 453
1991 1349 2023 1379 a;

569 1396 600 1427 et
623 1394 662 1428 ad
687 1396 873 1429 universum
899 1394 1109 1429 Eremitarum
1133 1394 1290 1430 Ordinem
1314 1394 1459 1428 extendit
1482 1393 1580 1437 Greg.
1598 1392 1664 1436 XV,
1683 1394 1747 1427 520
1772 1404 1801 1427 α.

480 1444 615 1480 Thomas
639 1446 802 1492 Zamoyski
827 1448 912 1482 edita
945 1458 962 1482 a
987 1448 1104 1483 Ioanne
1131 1452 1219 1493 patre
1243 1458 1300 1492 pro
1325 1448 1488 1482 academia
1514 1452 1544 1482 et
1570 1447 1738 1492 collegiata
1763 1446 1901 1482 eeclesia
1925 1447 2025 1481 Novo-

569 1503 796 1545 zamoyscensi,
823 1511 902 1547 quas
928 1506 1084 1545 erexerat,
1110 1506 1225 1537 statuta
1250 1504 1329 1547 petit
1354 1503 1550 1543 confirmari,
1577 1502 1640 1536 390
1665 1501 1690 1536 b.

481 1551 679 1588 Trevirensis
702 1554 878 1590 studiorum
905 1558 1098 1590 universitas
1114 1558 1256 1590 instituta
1280 1565 1297 1590 a
1323 1555 1437 1590 Iacobo
1454 1556 1494 1590 de
1511 1556 1608 1590 Sinch
1625 1556 1876 1601 archiepiscopo,
1902 1557 1967 1590 559
1990 1567 2021 1590 a.

569 1607 597 1641 A
619 1607 748 1643 Nicolao
771 1609 828 1642 ΡΡ.
854 1608 881 1643 V
905 1611 1110 1652 confirmata,
1137 1614 1294 1656 auctaque
1326 1610 1526 1654 privilegiis,
1553 1609 1629 1644 ibid.
1662 1610 1698 1644 Ei
1727 1620 1785 1644 sex
1818 1612 2022 1645 canonicatus

570 1670 606 1695 ac
623 1665 687 1696 tres
718 1662 915 1707 parochiales
941 1663 1094 1697 ecclesias
1124 1664 1248 1698 addixit
1271 1663 1420 1698 Nicotaus
1452 1664 1536 1708 Papa
1560 1663 1605 1706 V,
1631 1664 1691 1698 561
1721 1664 1738 1697 b
1761 1674 1822 1709 seq.
1848 1664 1875 1698 A
1903 1663 2023 1708 Grego-

569 1716 616 1748 rio
641 1715 697 1749 XV
721 1717 885 1761 praedicta
911 1720 1016 1752 omnia
1040 1720 1277 1760 confirmantur,
1304 1719 1364 1752 571
1393 1718 1419 1751 b.

480 1766 697 1802 Tribunalium
722 1769 814 1804 Urbis
839 1771 1021 1805 reformatio
1046 1781 1103 1815 per
1119 1771 1252 1806 Paulum
1268 1772 1326 1806 ΡΡ.
1342 1771 1379 1814 V,
1399 1772 1440 1806 58
1456 1771 1483 1805 b.
1508 1771 1555 1806 De
1571 1773 1735 1816 signatura
1751 1773 1873 1817 gratiae
1891 1775 1923 1806 et
1938 1772 2024 1806 iusti-

569 1823 645 1865 tiae,
671 1823 711 1857 59
736 1835 765 1857 α.
789 1824 836 1858 De
869 1827 1043 1859 camerario
1067 1830 1097 1860 et
1122 1835 1248 1860 camera
1273 1826 1462 1871 apostolica,
1489 1826 1529 1859 60
1555 1825 1580 1859 b.
1607 1825 1654 1860 De
1679 1825 1894 1870 gubernatore
1917 1824 2022 1867 Urbis,

569 1877 702 1922 eiusque
727 1877 886 1920 tribunali,
912 1880 952 1912 62
979 1879 1004 1913 b.
1030 1879 1077 1913 De
1102 1880 1246 1914 auditore
1271 1890 1417 1914 camerae
1441 1879 1645 1925 apostolicae,
1671 1880 1712 1914 63
1738 1880 1766 1913 b.
1791 1880 1838 1914 De
1864 1879 2020 1914 auditorio

570 1929 667 1964 Rotae
686 1932 736 1973 67,
752 1943 781 1966 (ι.
805 1932 851 1966 De
877 1933 1025 1976 capitello
1044 1938 1073 1968 et
1091 1936 1160 1968 eius
1174 1934 1373 1978 officialibus,
1392 1935 1432 1967 69
1451 1934 1477 1968 b.
1495 1934 1541 1968 De
1560 1934 1780 1968 iurisdictione
1798 1936 1830 1968 in
1846 1933 2022 1975 Hebraeos,

567 1983 605 2017 71
633 1983 659 2017 b.
686 1984 731 2017 De
757 1987 844 2019 curia
870 1985 1069 2021 Sabellorum
1095 1994 1124 2021 et
1151 1988 1259 2023 Turris
1284 1989 1401 2031 Nonae,
1427 1988 1470 2022 72
1495 1999 1530 2024 α;
1562 1988 1663 2032 Ripae
1681 1992 1711 2022 et
1740 1987 1899 2033 Ripettae,
1925 1987 1968 2021 72
1995 1986 2022 2020 b.

569 2035 615 2070 De
640 2038 800 2073 iudicibus
825 2040 1046 2075 criminalibus
1073 2045 1101 2075 et
1128 2043 1166 2075 iis
1191 2051 1273 2087 quae
1299 2042 1337 2076 ad
1363 2043 1449 2086 ipsos
1473 2043 1645 2086 pertinent,
1671 2042 1712 2075 73
1738 2052 1767 2075 a.
1789 2040 1837 2075 De
1861 2039 2023 2075 iudicibus

570 2090 601 2123 in
627 2093 731 2126 causis
755 2092 913 2136 civilibus,
940 2095 979 2127 77
1007 2106 1036 2128 (ι.
1063 2094 1108 2128 De
1133 2095 1293 2139 sportulis,
1320 2096 1361 2129 80
1386 2106 1422 2137 α;
1449 2095 1696 2137 Commissariis,
1721 2095 1764 2130 80
1788 2095 1820 2136 b;
1846 2095 2018 2130 Advocatis

571 2153 748 2189 pauperum
773 2151 804 2181 et
829 2148 908 2189 fisci,
928 2148 969 2181 82
994 2159 1023 2188 ας
1050 2148 1229 2193 Pauper-um
1254 2148 1527 2193 procuratoribus,
1549 2149 1590 2183 82
1610 2149 1641 2190 b;
1663 2149 1746 2184 Fisci
1765 2152 1972 2194 procuratore
1991 2151 2023 2183 et

572 2197 760 2243 substitutis,
787 2200 876 2241 ibicl.;
902 2200 1082 2244 Advocatis,
1109 2202 1367 2246 procuratoribus
1395 2206 1426 2237 et
1457 2202 1725 2246 sollicitatoribus,
1747 2203 1789 2237 85
1814 2213 1849 2244 α;
1874 2202 2021 2246 Notariis,

573 2251 613 2284 86
638 2263 666 2285 a.
692 2252 738 2287 De
762 2255 905 2298 registris
931 2255 1125 2290 extractibus
1156 2260 1185 2290 ct
1216 2257 1371 2301 exemplis
1406 2266 1463 2291 seu
1497 2259 1618 2302 copiiS,
1645 2258 1686 2292 97
1718 2256 1750 2298 b;
1776 2256 1961 2292 cursoribus
1992 2261 2023 2291 et-

571 2306 790 2349 mandatariis,
818 2308 880 2341 100
906 2308 942 2343 b:
969 2308 1158 2344 baroncellis
1184 2314 1213 2344 et
1238 2311 1512 2356 exequutoribus,
1539 2312 1602 2346 103
1627 2311 1653 2345 b.
1679 2310 1886 2353 Carccribus,
1916 2320 2020 2345 carce-

572 2360 663 2400 ratis,
689 2369 861 2405 eorumque
885 2362 1101 2396 risitatoribus
1123 2367 1151 2397 et
1170 2363 1374 2407 custodibus,
1395 2365 1456 2398 104
1483 2364 1509 2398 b.
1530 2364 1576 2399 De
1598 2364 1804 2399 facultatibus
1822 2366 2023 2399 visitatorum

571 2420 745 2454 carcerum,
772 2415 833 2447 107
861 2414 885 2447 b.
913 2415 1133 2450 Protomedico
1160 2421 1189 2450 et
1214 2420 1420 2461 aromatariis,
1448 2419 1510 2453 109
1535 2430 1565 2452 α.
1591 2419 1676 2453 Taxa
1704 2428 1722 2453 a
1747 2420 1878 2454 notariis
1901 2422 1931 2452 et
1954 2417 2022 2452 offi-

571 2466 704 2501 cialibus
730 2468 839 2502 horum
861 2468 1067 2504 tribunalium
1086 2472 1254 2514 servanda,
1281 2474 1340 2507 111
1369 2484 1398 2506 a.
1432 2472 1507 2506 l'ide
1531 2473 1627 2507 Taxa.

484 2517 665 2553 Tridentina
690 2521 835 2564 Synodus
869 2525 1028 2556 neminem
1053 2525 1268 2559 consessiones
1292 2526 1403 2560 audIre
1428 2536 1523 2571 posse
1548 2528 1701 2569 decrevit,
1727 2528 1788 2561 nisi
1813 2526 1852 2561 ab
1878 2525 2017 2562 Ordina-

573 2573 629 2606 riis
653 2573 792 2609 locorum
818 2576 1029 2619 approbetur,
1055 2579 1118 2611 656
1143 2577 1169 2611 b.
1194 2579 1371 2623 Regulares
1396 2591 1471 2615 vero
1491 2590 1599 2615 curam
1624 2581 1802 2615 animarum
1827 2586 2017 2615 exercentes

575 2625 694 2660 eisdem
710 2627 888 2663 Ordinariis
908 2629 1052 2672 subiecit,
1072 2630 1148 2665 ibid.
1166 2632 1341 2677 Regulares
1366 2638 1471 2669 autern
1497 2634 1610 2669 alienis
1634 2634 1665 2667 in
1686 2633 1834 2668 ecclesiis
1851 2634 2018 2678 predicare

575 2678 615 2714 lis
638 2681 928 2717 contradicentibus
955 2684 1083 2726 vetavit,
1111 2684 1173 2720 657
1198 2696 1229 2719 a.
