2293 3231
278 296 317 320 An
341 294 369 319 r..
394 292 459 320 1⁶2⁶.)
505 284 570 317 660

477 342 540 374 bati
556 342 593 373 ad
607 340 777 373 audiendas
801 339 984 372 monialium
1006 337 1218 370 confessiones

479 406 534 438 pro
547 398 607 428 una
624 395 688 426 rice
706 394 785 426 infra
802 402 917 425 annum
934 392 971 424 ad
989 390 1218 435 praescriptum

478 448 557 480 ⁴<su-ri
585 447 712 480 ‹tant-ilii
742 445 926 485 Tridentini,
951 445 1080 488 possint,
1106 443 1219 477 virtute

477 501 577 532 ‹lic-ta·-
601 498 854 543 :wprobationis,
886 497 1026 541 pluries,
1059 502 1219 540 tamquam

478 557 673 586 ronti—>sores
684 552 935 591 extraordinarii,
952 550 1136 584 earumdem
1150 560 1221 583 con-

479 608 628 640 fessiones
663 607 793 647 audire,
825 606 942 650 absque
974 607 1054 640 nova
1080 604 1220 649 episcopi

479 661 627 693 lieentia?

523 716 584 748 Xll.
610 714 684 747 Cum
710 714 740 746 in
760 713 870 746 eadem
885 713 1112 747 Constitutione
1129 717 1222 745 statu-

481 774 544 800 tum
571 768 619 808 sit,
644 773 674 800 ut
698 767 786 800 liceat
812 767 963 810 episeopo
987 777 1023 799 ex
1043 765 1221 799 rationabili

479 823 573 853 eausa
599 820 779 863 superiores
804 820 967 863 regulares
986 819 1167 861 admonere⁷
1188 823 1222 851 ut

479 879 643 907 :iiiioreant
672 874 868 906 confessores
900 872 1104 913 monialium,
1129 877 1221 915 atque

480 927 750 960 :uluiiuistratores
780 926 936 960 bonorum
968 925 1007 958 ad
1037 925 1221 958 carumdem

480 980 662 1013 monialium
678 979 1112 1023 monasteriapertinentium,
1121 978 1222 1023 iisque

481 1033 698 1077 superioribus
723 1033 754 1066 id
779 1034 881 1066 faeere
899 1032 1156 1073 detrectantibus,
1172 1032 1223 1065 lia-

482 1088 550 1121 beat
577 1087 745 1132 episcopus
765 1088 942 1121 facultatem
959 1087 1136 1130 praedictos
1151 1097 1224 1120 con-

483 1142 616 1175 fessores
630 1147 661 1175 et
674 1141 946 1175 administratores
959 1141 1134 1181 amovendi,
1147 1151 1224 1185 quo-

483 1195 540 1228 ties
563 1201 593 1229 ct
618 1195 744 1240 quando
767 1206 849 1240 opus
873 1206 939 1229 esse
962 1195 1160 1235 indicaverim
1184 1205 1222 1227 an

482 1248 638 1282 eiusmodi
662 1259 788 1282 causam
814 1249 982 1293 episcopus
1006 1248 1224 1292 superioribus

483 1302 683 1344 regularibus
703 1302 881 1346 significare
907 1302 1072 1336 teneatur?

527 1356 603 1388 Xlll.
629 1357 676 1389 An
700 1355 810 1388 eadem
835 1355 1032 1396 Constituti0‚
1056 1365 1117 1398 qua
1137 1360 1224 1398 parte

483 1410 633 1454 supponit
656 1410 795 1454 episcopi
825 1409 1033 1443 iurisdictioni
1063 1409 1225 1451 regulares

483 1463 701 1507 delinquentes
717 1463 800 1497 circa
817 1473 967 1507 personas
980 1463 1129 1506 degentes
1145 1462 1225 1496 intra

484 1522 570 1561 septa
584 1517 849 1551 monasteriorum
868 1517 1063 1557 monialium,
1076 1521 1129 1549 aut
1142 1515 1226 1549 circa

484 1570 672 1611 clausuram,
686 1571 731 1604 vel
751 1571 907 1604 bonorum
921 1570 1224 1604 administrationem

484 1624 669 1657 corumdem
694 1624 971 1664 momisterioruin,
989 1623 1102 1656 babeat
1121 1623 1224 1657 locum

485 1678 515 1709 in
540 1677 686 1711 omnibus
710 1677 843 1718 delictis,
860 1687 898 1710 an
916 1687 991 1710 vero
1009 1677 1110 1710 solum
1128 1676 1158 1709 in
1174 1686 1227 1709 uo-

485 1731 572 1764 toriis
596 1736 626 1764 et
647 1742 720 1764 eum
746 1731 1038 1775 scandalopopuli‘?

485 1813 737 1857 Subsequiwtur
767 1812 1003 1845 declarationes
1034 1812 1076 1845 ad
1103 1822 1223 1856 supra-

530 1867 618 1900 dicta
641 1866 750 1910 &lubia
782 1878 803 1900 (ι
835 1866 1084 1910 conqreyatione
1119 1865 1227 1899 cardi-

529 1921 661 1954 nalium
685 1921 771 1953 sacri
797 1920 938 1955 Concita·
962 1919 1150 1952 Tridentini
1174 1919 1227 1952 in-

531 1978 707 2018 terpmtam
738 1973 844 2015 datae,
876 1977 905 2006 et
934 1984 953 2006 a
989 1972 1143 2017 Greyorio
1167 1973 1198 2006 X
1206 1972 1231 2006 V

530 2037 567 2060 ac
587 2026 794 2071 postmodum
822 2026 862 2059 ab
893 2025 1020 2060 Urbcmo
1052 2025 1136 2060 VIII
1158 2035 1225 2058 res-

528 2081 650 2124 pective
673 2081 864 2124 approbata.

487 2144 579 2172 Sacra
599 2143 793 2178 congregatio
810 2142 1008 2171 cardinalium
1028 2141 1152 2170 concilii
1170 2140 1229 2169 'rri-

523 2188 638 2216 dentini
658 2187 858 2222 interpretum
878 2187 1010 2220 censuit,
1032 2185 1229 2214 Constitutio—

523 2239 591 2260 nem
603 2235 728 2260 sanctae
739 2232 898 2260 memoriae
910 2231 1024 2266 Greqrii
1034 2232 1080 2258 XV
1092 2232 1126 2258 de
1136 2237 1232 2258 exem—

523 2280 641 2311 ptorum
661 2277 840 2312 privilegiis,
865 2283 1054 2310 nequaquam
1081 2275 1231 2303 subiicere

523 2322 676 2356 regulares
697 2324 869 2355 exemptos,
891 2320 1000 2354 quibus
1024 2327 1097 2347 cura
1117 2319 1230 2347 anima-

523 2372 588 2392 rum
598 2372 795 2399 personarum
806 2365 989 2393 secularium
1002 2372 1061 2392 non
1073 2364 1230 2397 incumbit,

525 2410 732 2444 episcoporum
751 2409 955 2438 iurisdictioni
975 2410 1006 2437 in
1025 2409 1074 2437 his
1095 2417 1172 2444 quae
1183 2417 1232 2437 sa—

525 2457 746 2482 cramentorum
775 2454 1072 2482 administrationem
1107 2461 1232 2482 concer-

526 2501 622 2531 nunt.
642 2499 702 2526 nisi
723 2506 790 2527 cum
816 2499 848 2526 in
875 2499 1075 2527 sacramentis
1093 2499 1231 2533 personis

526 2543 715 2571 secularibus
735 2544 985 2572 administrandis
1005 2544 1096 2572 iidem
1115 2544 1232 2579 regula-

526 2595 574 2615 res
595 2588 786 2624 delinquunt,
807 2596 842 2616 ac
861 2592 1035 2623 propterea:

1057 289 1235 313 BULLARIUM
1261 287 1414 312 nomnen

1252 340 1318 368 tare
1342 335 1452 368 altaria
1476 335 1681 368 ecclesiarum
1703 334 1909 377 regularium,
1925 333 1991 378 qui-

1252 389 1310 420 bus
1335 398 1397 421 non
1421 387 1574 421 incumbit
1597 387 1775 420 animarum
1793 398 1869 421 cura
1885 397 1992 431 perso-

1253 452 1363 475 narum
1382 441 1582 482 secularium,
1599 450 1656 473 nec
1673 440 1742 474 loca
1758 439 1812 473 ubi
1833 440 1864 473 iu
1880 439 1990 473 iisdem

1253 495 1394 528 ecclesiis
1417 500 1596 528 asservatur
1619 493 1851 527 sanctissimum
1875 493 1993 526 Eucha-

1254 549 1359 583 ristiae
1375 553 1605 582 sacramentum
1617 575 1625 588 ,
1642 547 1688 580 vel
1713 546 1766 580 ubi
1783 546 1994 580 confessiones

1254 612 1462 646 personarum
1486 601 1678 635 secularium
1701 600 1882 634 audiuntur.

1298 655 1343 688 Ad
1368 655 1402 688 ll.
1421 655 1484 688 llac
1498 655 1528 688 in
1542 660 1630 699 parte
1643 654 1902 689 Constitutionem
1916 653 1994 687 nihil

1254 709 1325 742 novi
1360 709 1438 742 iuris
1470 708 1645 749 induxisse,
1668 718 1726 741 nee
1755 708 1850 741 ullam
1881 717 1995 741 novam

1254 762 1472 796 auctoritatem
1497 761 1653 805 episeopis
1678 761 1709 794 in
1734 761 1896 804 regulares
1911 761 1996 794 attri-

1254 817 1368 850 buisse:
1384 815 1517 859 ideoque
1530 815 1561 848 in
1574 815 1636 848 vim
1651 815 1748 859 ipsius
1760 814 1997 848 Constitutionis

1254 880 1315 903 non
1334 880 1427 914 posse
1445 864 1610 914 episcopos
1631 868 1831 912 regularibus
1848 867 1998 912 praescri-

1255 924 1341 964 bere,
1365 929 1400 956 ιιι
1424 923 1517 957 certis
1542 926 1661 956 tantum
1687 922 1717 954 in
1735 922 1812 955 locis
1828 931 1864 955 ac
1882 925 1998 966 tempo-

1255 977 1342 1010 ribus
1374 982 1427 1010 aut
1456 982 1613 1010 certarum
1641 986 1849 1020 personarum
1877 975 1998 1009 confes-

1256 1031 1359 1065 siones
1376 1030 1514 1071 audiant,
1532 1030 1578 1063 vel
1597 1029 1672 1062 alias
1690 1029 1817 1063 illorum
1835 1028 1998 1072 privilegia

1257 1085 1288 1118 in
1312 1085 1515 1119 sacramentis
1531 1083 1787 1117 administrandis
1807 1083 1999 1126 restringere

1256 1145 1309 1172 aut
1335 1138 1503 1172 moderari.
1533 1137 1622 1177 Quod
1645 1137 1670 1171 si
1695 1136 1820 1170 aliunde
1844 1136 1999 1181 episcopis

1257 1192 1437 1225 huiusmodi
1461 1191 1593 1224 facultas
1625 1195 1802 1235 competat,
1827 1190 1912 1223 illam
1937 1200 1999 1224 non

1257 1245 1351 1279 fuisse
1375 1245 1414 1278 ab
1438 1244 1548 1278 eadem
1568 1244 1795 1279 Constitutione
1812 1243 1976 1277 sublatam.

1302 1299 1347 1332 ‚td
1364 1299 1413 1332 ΙΙΙ.
1431 1298 1555 1333 Censuit
1569 1298 1724 1332 eiusmodi
1742 1298 1920 1331 facultatem
1937 1307 1999 1331 non

1259 1353 1388 1395 intelligi
1418 1352 1567 1385 tributam
1597 1352 1753 1396 episcopis
1783 1351 1814 1384 in
1849 1360 2000 1395 personas

1259 1407 1374 1440 nullius
1389 1406 1552 1440 dioecesis

1303 1459 1348 1492 Ad
1374 1459 1419 1492 lV.
1445 1460 1513 1494 Non
1536 1464 1726 1504 competere.

1302 1513 1349 1546 Ad
1375 1514 1406 1546 V.
1441 1513 1491 1546 lus
1513 1512 1720 1547 confirmandi
1750 1512 1922 1546 abbatissas
1947 1514 2002 1546 mi-

1259 1567 1344 1600 nime
1368 1567 1462 1600 fuisse
1481 1566 1638 1611 episcopis
1662 1577 1719 1611 per
1740 1566 2001 1601 Constitutionem

1260 1620 1454 1655 attributam.

1304 1675 1349 1708 Ad
1375 1675 1420 1707 vl.
1453 1674 1655 1708 Confessores
1678 1674 1806 1718 quidem
1830 1673 2003 1707 extraordi-

1259 1728 1366 1761 narios
1390 1727 1574 1761 monialium
1607 1727 1784 1761 nullatenus
1814 1737 1907 1772 posse
1931 1731 2003 1771 post

1259 1781 1519 1815 Constitutionem
1555 1781 1680 1814 illarum
1714 1780 1925 1814 confessiones
1953 1790 2004 1813 au-

1260 1836 1347 1875 dire,
1372 1835 1430 1867 nisi
1456 1835 1546 1879 prius
1574 1835 1613 1868 ab
1643 1835 1792 1879 episcopo
1816 1834 2003 1868 dioecesano

1261 1889 1364 1923 idonei
1390 1889 1568 1922 iudicentur
1585 1894 1612 1922 et
1635 1888 1859 1933 approbentur.
1877 1887 2004 1921 Ordina-

1262 1943 1326 1976 rios
1350 1953 1425 1976 vero
1449 1942 1656 1983 consessores,
1681 1947 1752 1975 ante
1767 1940 2005 1976 Constitutionis

1262 1996 1506 2040 publicationem
1531 1995 1714 2040 deputatos,
1739 2005 1848 2039 posse,
1872 1994 2004 2029 durante

1263 2051 1398 2084 triennio
1415 2050 1453 2083 ab
1473 2060 1584 2084 eorum
1601 2048 1804 2093 deputatione
1817 2047 2004 2088 inchoando,

1262 2113 1396 2148 pergere
1410 2103 1441 2136 in
1454 2102 1703 2137 confessionibus
1719 2100 2005 2136 sanctimonialium

1263 2157 1427 2190 audiendis
1452 2157 1571 2201 absque
1591 2156 1652 2189 alio
1672 2155 1815 2189 examine
1839 2159 1870 2189 et
1893 2164 2006 2199 appro-

1263 2211 1389 2245 batione
1420 2211 1569 2255 episcopi.
1599 2209 1688 2250 Quod
1712 2209 1738 2243 si
1768 2209 1949 2252 contingat,
1972 2211 2006 2242 ut
2032 2228 2036 2233 ·

1266 2265 1392 2299 illorum
1418 2264 1548 2297 facultas
1572 2274 1589 2296 a
1613 2263 1691 2298 Sede
1715 2262 1896 2307 Apostolica
1923 2261 2005 2294 ultra

1266 2318 1435 2351 triennium
1453 2321 1655 2362 prorogetur,
1668 2322 1743 2350 tunc
1762 2315 1879 2349 debere
1895 2325 1949 2348 eos
1965 2314 2004 2347 ab

1264 2372 1415 2417 episcopo
1440 2371 1613 2405 examinari
1634 2375 1665 2405 et
1687 2369 1867 2415 approbari.

1309 2426 1354 2460 Ad
1372 2426 1432 2459 vll.
1447 2424 1634 2469 Superiores
1647 2424 1809 2467 regulares
1821 2422 1937 2455 electos
1951 2431 2007 2455 seu

1264 2479 1429 2523 deputatos
1446 2483 1519 2511 aute
1533 2477 1632 2522 ipsius
1655 2474 1892 2511 Constitutionis
1907 2474 2007 2520 publi-

1265 2532 1431 2573 cationem,
1451 2531 1565 2576 quibus
1581 2530 1720 2574 alioquin
1736 2529 1867 2562 facultas
1883 2538 2008 2573 compe-

1265 2590 1309 2619 tat
1333 2585 1479 2619 audiendi
1505 2583 1716 2618 confessiones
1740 2582 1925 2617 monialium
1946 2581 2006 2615 sibi

536 2640 580 2672 Ad
597 2640 616 2673 1.
635 2640 766 2675 dubium
787 2641 964 2686 respondit:
983 2641 1148 2685 Episcopis
1168 2651 1230 2675 non
1264 2638 1487 2680 subiectarum,
1503 2647 1608 2682 posse,
1621 2636 1754 2670 durante
1767 2645 1878 2670 eorum
1890 2635 2005 2676 officio,

491 2693 586 2728 ficere
610 2693 640 2726 iu
665 2694 728 2728 vim
752 2695 893 2745 ciusdem
911 2694 1145 2729 Constitutionis
1159 2694 1232 2728 visi·
1264 2703 1398 2737 pergere
1414 2693 1480 2727 sine
1493 2691 1554 2725 alia
1570 2691 1710 2736 episcopi
1727 2689 1957 2736 approbatione
1973 2689 2008 2723 in

2004 285 2053 312 An.
2068 285 2096 311 C.
2118 283 2189 312 1622
