<?xml version="1.0" encoding="UTF-8"?>
<!DOCTYPE html PUBLIC "-//W3C//DTD XHTML 1.0 Transitional//EN"
    "http://www.w3.org/TR/xhtml1/DTD/xhtml1-transitional.dtd">
<html xmlns="http://www.w3.org/1999/xhtml" xml:lang="en" lang="en">
 <head>
  <title>
</title>
<meta http-equiv="Content-Type" content="text/html;charset=utf-8" />
  <meta name='ocr-system' content='tesseract 3.04.00' />
  <meta name='ocr-capabilities' content='ocr_page ocr_carea ocr_par ocr_line ocrx_word'/>
</head>
<body>
  <div class='ocr_page' id='page_1' title='image "./bullarumdiplomat12cath_0147.png"; bbox 0 0 2293 3231; ppageno 0'>
   <div class='ocr_carea' id='block_1_1' title="bbox 23 293 205 322">
    <p class='ocr_par' dir='ltr' id='par_1_1' title="bbox 23 293 205 322">
     <span class='ocr_line' id='line_1_1' title="bbox 23 293 205 322; baseline -0.016 0"><span class='ocrx_word' id='word_1_1' title='bbox 23 296 72 322; x_wconf 75' lang='lat' dir='ltr'>An.</span> <span class='ocrx_word' id='word_1_2' title='bbox 88 294 115 320; x_wconf 83' lang='lat' dir='ltr'>C.</span> <span class='ocrx_word' id='word_1_3' title='bbox 141 293 205 320; x_wconf 73' lang='lat'>1612</span> 
     </span>
    </p>
   </div>
   <div class='ocr_carea' id='block_1_2' title="bbox 852 286 1087 311">
    <p class='ocr_par' dir='ltr' id='par_1_2' title="bbox 852 286 1087 311">
     <span class='ocr_line' id='line_1_2' title="bbox 852 286 1087 311; baseline -0.013 0"><span class='ocrx_word' id='word_1_4' title='bbox 852 287 971 311; x_wconf 62' lang='lat' dir='ltr'>Paetus</span> <span class='ocrx_word' id='word_1_5' title='bbox 996 287 1014 309; x_wconf 93' lang='lat' dir='ltr'>V</span> <span class='ocrx_word' id='word_1_6' title='bbox 1040 286 1087 309; x_wconf 74' lang='lat' dir='ltr'>Pr.</span> 
     </span>
    </p>
   </div>
   <div class='ocr_carea' id='block_1_3' title="bbox 216 336 965 806">
    <p class='ocr_par' dir='ltr' id='par_1_3' title="bbox 217 336 952 434">
     <span class='ocr_line' id='line_1_3' title="bbox 217 336 952 381; baseline -0.005 -9"><span class='ocrx_word' id='word_1_7' title='bbox 217 340 343 372; x_wconf 88' lang='lat' dir='ltr'>decreto</span> <span class='ocrx_word' id='word_1_8' title='bbox 367 338 404 370; x_wconf 90' lang='lat' dir='ltr'>sit</span> <span class='ocrx_word' id='word_1_9' title='bbox 425 342 565 381; x_wconf 82' lang='lat' dir='ltr'>apposita</span> <span class='ocrx_word' id='word_1_10' title='bbox 583 337 736 369; x_wconf 75' lang='lat' dir='ltr'>clausula:</span> <span class='ocrx_word' id='word_1_11' title='bbox 762 336 837 370; x_wconf 77' lang='lat' dir='ltr'>Sine</span> <span class='ocrx_word' id='word_1_12' title='bbox 855 346 952 379; x_wconf 75' lang='lat' dir='ltr'>prac-</span> 
     </span>
     <span class='ocr_line' id='line_1_4' title="bbox 217 390 706 434; baseline -0.008 -9"><span class='ocrx_word' id='word_1_13' title='bbox 217 391 339 425; x_wconf 75' lang='lat' dir='ltr'>indicio</span> <span class='ocrx_word' id='word_1_14' title='bbox 357 390 580 434; x_wconf 53' lang='lat' dir='ltr'>exequutiones</span> <span class='ocrx_word' id='word_1_15' title='bbox 596 390 706 422; x_wconf 72' lang='lat' dir='ltr'>realis.</span> 
     </span>
    </p>

    <p class='ocr_par' dir='ltr' id='par_1_4' title="bbox 216 440 965 806">
     <span class='ocr_line' id='line_1_5' title="bbox 261 440 954 487; baseline -0.006 -10"><span class='ocrx_word' id='word_1_16' title='bbox 261 444 311 477; x_wconf 80' lang='lat'>18.</span> <span class='ocrx_word' id='word_1_17' title='bbox 329 445 428 487; x_wconf 85' lang='lat' dir='ltr'>Atque</span> <span class='ocrx_word' id='word_1_18' title='bbox 452 443 611 486; x_wconf 85' lang='lat' dir='ltr'>praesides</span> <span class='ocrx_word' id='word_1_19' title='bbox 636 453 799 475; x_wconf 86' lang='lat' dir='ltr'>carcerum</span> <span class='ocrx_word' id='word_1_20' title='bbox 823 446 852 474; x_wconf 87' lang='lat' dir='ltr'>ct</span> <span class='ocrx_word' id='word_1_21' title='bbox 875 440 954 481; x_wconf 76' lang='lat' dir='ltr'>alii&#39;,</span> 
     </span>
     <span class='ocr_line' id='line_1_6' title="bbox 217 494 955 540; baseline -0.004 -11"><span class='ocrx_word' id='word_1_22' title='bbox 217 497 330 540; x_wconf 84' lang='lat' dir='ltr'>quibus</span> <span class='ocrx_word' id='word_1_23' title='bbox 347 507 364 529; x_wconf 88' lang='lat' dir='ltr'>a</span> <span class='ocrx_word' id='word_1_24' title='bbox 381 496 471 529; x_wconf 83' lang='lat' dir='ltr'>dictis</span> <span class='ocrx_word' id='word_1_25' title='bbox 492 506 655 529; x_wconf 84' lang='lat' dir='ltr'>carcerum</span> <span class='ocrx_word' id='word_1_26' title='bbox 672 494 883 528; x_wconf 67' lang='lat' dir='ltr'>visitatoribus</span> <span class='ocrx_word' id='word_1_27' title='bbox 900 494 955 526; x_wconf 88' lang='lat' dir='ltr'>ali-</span> 
     </span>
     <span class='ocr_line' id='line_1_7' title="bbox 217 543 965 587; baseline -0.005 -4"><span class='ocrx_word' id='word_1_28' title='bbox 217 550 306 583; x_wconf 90' lang='lat' dir='ltr'>cuius</span> <span class='ocrx_word' id='word_1_29' title='bbox 329 549 479 583; x_wconf 88' lang='lat' dir='ltr'>carcerati</span> <span class='ocrx_word' id='word_1_30' title='bbox 506 560 598 582; x_wconf 90' lang='lat' dir='ltr'>causa</span> <span class='ocrx_word' id='word_1_31' title='bbox 619 548 786 582; x_wconf 86' lang='lat' dir='ltr'>commissa</span> <span class='ocrx_word' id='word_1_32' title='bbox 803 552 865 587; x_wconf 86' lang='lat' dir='ltr'>est,</span> <span class='ocrx_word' id='word_1_33' title='bbox 883 543 965 579; x_wconf 79' lang='lat' dir='ltr'>eum</span> 
     </span>
     <span class='ocr_line' id='line_1_8' title="bbox 217 600 955 641; baseline -0.005 -5"><span class='ocrx_word' id='word_1_34' title='bbox 217 607 412 636; x_wconf 80' lang='lat' dir='ltr'>carceratum</span> <span class='ocrx_word' id='word_1_35' title='bbox 437 613 455 635; x_wconf 86' lang='lat' dir='ltr'>a</span> <span class='ocrx_word' id='word_1_36' title='bbox 477 602 658 636; x_wconf 68' lang='lat' dir='ltr'>carceribus</span> <span class='ocrx_word' id='word_1_37' title='bbox 674 601 851 641; x_wconf 79' lang='lat' dir='ltr'>relaxarint,</span> <span class='ocrx_word' id='word_1_38' title='bbox 869 600 955 633; x_wconf 91' lang='lat' dir='ltr'>nullo</span> 
     </span>
     <span class='ocr_line' id='line_1_9' title="bbox 216 655 956 700; baseline -0.001 -13"><span class='ocrx_word' id='word_1_39' title='bbox 216 661 307 700; x_wconf 85' lang='lat' dir='ltr'>paeto</span> <span class='ocrx_word' id='word_1_40' title='bbox 325 667 357 689; x_wconf 89' lang='lat' dir='ltr'>se</span> <span class='ocrx_word' id='word_1_41' title='bbox 374 655 507 699; x_wconf 85' lang='lat' dir='ltr'>amplius</span> <span class='ocrx_word' id='word_1_42' title='bbox 524 656 555 688; x_wconf 89' lang='lat' dir='ltr'>in</span> <span class='ocrx_word' id='word_1_43' title='bbox 572 655 754 699; x_wconf 84' lang='lat' dir='ltr'>principalis</span> <span class='ocrx_word' id='word_1_44' title='bbox 780 664 891 687; x_wconf 89' lang='lat' dir='ltr'>causae</span> <span class='ocrx_word' id='word_1_45' title='bbox 908 664 956 686; x_wconf 89' lang='lat' dir='ltr'>co-</span> 
     </span>
     <span class='ocr_line' id='line_1_10' title="bbox 217 707 955 752; baseline -0.004 -10"><span class='ocrx_word' id='word_1_46' title='bbox 217 710 388 752; x_wconf 78' lang='lat' dir='ltr'>gnitionem</span> <span class='ocrx_word' id='word_1_47' title='bbox 406 709 616 749; x_wconf 72' lang='lat' dir='ltr'>immisceant,</span> <span class='ocrx_word' id='word_1_48' title='bbox 632 709 687 742; x_wconf 88' lang='lat' dir='ltr'>sed</span> <span class='ocrx_word' id='word_1_49' title='bbox 704 708 815 741; x_wconf 85' lang='lat' dir='ltr'>merita</span> <span class='ocrx_word' id='word_1_50' title='bbox 835 718 890 740; x_wconf 87' lang='lat' dir='ltr'>suo</span> <span class='ocrx_word' id='word_1_51' title='bbox 909 707 955 740; x_wconf 90' lang='lat' dir='ltr'>iu-</span> 
     </span>
     <span class='ocr_line' id='line_1_11' title="bbox 216 763 721 806; baseline -0.002 -11"><span class='ocrx_word' id='word_1_52' title='bbox 216 763 277 796; x_wconf 83' lang='lat' dir='ltr'>dici</span> <span class='ocrx_word' id='word_1_53' title='bbox 301 763 518 806; x_wconf 78' lang='lat' dir='ltr'>eognosecnda</span> <span class='ocrx_word' id='word_1_54' title='bbox 534 763 721 805; x_wconf 87' lang='lat' dir='ltr'>relinquant.</span> 
     </span>
    </p>
   </div>
   <div class='ocr_carea' id='block_1_4' title="bbox 292 834 877 949">
    <p class='ocr_par' dir='ltr' id='par_1_5' title="bbox 292 834 877 949">
     <span class='ocr_line' id='line_1_12' title="bbox 519 834 644 877; baseline -0.008 -11"><span class='ocrx_word' id='word_1_55' title='bbox 519 834 534 877; x_wconf 60' lang='grc' dir='ltr'>ξ</span> <span class='ocrx_word' id='word_1_56' title='bbox 558 834 644 866; x_wconf 83' lang='lat' dir='ltr'>XXV.</span> 
     </span>
     <span class='ocr_line' id='line_1_13' title="bbox 292 901 877 949; baseline -0.005 -11"><span class='ocrx_word' id='word_1_57' title='bbox 292 906 337 939; x_wconf 81' lang='lat' dir='ltr'>De</span> <span class='ocrx_word' id='word_1_58' title='bbox 351 904 568 949; x_wconf 77' lang='lat' dir='ltr'>prolomeclz&#39;co</span> <span class='ocrx_word' id='word_1_59' title='bbox 587 908 615 937; x_wconf 83' lang='lat' dir='ltr'>el</span> <span class='ocrx_word' id='word_1_60' title='bbox 631 901 877 936; x_wconf 51' lang='lat' dir='ltr'>ammaim-iis?</span> 
     </span>
    </p>
   </div>
   <div class='ocr_carea' id='block_1_5' title="bbox 212 974 956 2638">
    <p class='ocr_par' dir='ltr' id='par_1_6' title="bbox 213 974 956 1380">
     <span class='ocr_line' id='line_1_14' title="bbox 258 974 956 1009; baseline -0.004 -1"><span class='ocrx_word' id='word_1_61' title='bbox 258 976 288 1008; x_wconf 72' lang='grc'>’1.</span> <span class='ocrx_word' id='word_1_62' title='bbox 306 975 542 1009; x_wconf 84' lang='lat' dir='ltr'>Protomcdieus</span> <span class='ocrx_word' id='word_1_63' title='bbox 559 975 590 1007; x_wconf 89' lang='lat' dir='ltr'>in</span> <span class='ocrx_word' id='word_1_64' title='bbox 613 974 788 1007; x_wconf 76' lang='lat' dir='ltr'>visitatione</span> <span class='ocrx_word' id='word_1_65' title='bbox 804 978 956 1006; x_wconf 86' lang='lat' dir='ltr'>aromata-</span> 
     </span>
     <span class='ocr_line' id='line_1_15' title="bbox 214 1027 955 1070; baseline -0.004 -8"><span class='ocrx_word' id='word_1_66' title='bbox 214 1029 337 1062; x_wconf 88' lang='lat' dir='ltr'>riorum</span> <span class='ocrx_word' id='word_1_67' title='bbox 352 1029 443 1061; x_wconf 83' lang='lat' dir='ltr'>saciat</span> <span class='ocrx_word' id='word_1_68' title='bbox 459 1029 490 1061; x_wconf 91' lang='lat' dir='ltr'>in</span> <span class='ocrx_word' id='word_1_69' title='bbox 507 1028 651 1061; x_wconf 86' lang='lat' dir='ltr'>manibus</span> <span class='ocrx_word' id='word_1_70' title='bbox 668 1027 781 1060; x_wconf 90' lang='lat' dir='ltr'>notarii</span> <span class='ocrx_word' id='word_1_71' title='bbox 794 1032 955 1070; x_wconf 86' lang='lat' dir='ltr'>praestare</span> 
     </span>
     <span class='ocr_line' id='line_1_16' title="bbox 214 1079 954 1123; baseline -0.003 -9"><span class='ocrx_word' id='word_1_72' title='bbox 214 1082 425 1114; x_wconf 86' lang='lat' dir='ltr'>iuramentum</span> <span class='ocrx_word' id='word_1_73' title='bbox 442 1081 480 1114; x_wconf 90' lang='lat' dir='ltr'>ab</span> <span class='ocrx_word' id='word_1_74' title='bbox 500 1081 707 1120; x_wconf 73' lang='lat' dir='ltr'>aromatariis,</span> <span class='ocrx_word' id='word_1_75' title='bbox 717 1080 801 1123; x_wconf 87' lang='lat' dir='ltr'>quod</span> <span class='ocrx_word' id='word_1_76' title='bbox 819 1079 911 1120; x_wconf 86' lang='lat' dir='ltr'>bona,</span> <span class='ocrx_word' id='word_1_77' title='bbox 924 1080 954 1112; x_wconf 89' lang='lat' dir='ltr'>in</span> 
     </span>
     <span class='ocr_line' id='line_1_17' title="bbox 213 1134 956 1178; baseline -0.003 -10"><span class='ocrx_word' id='word_1_78' title='bbox 213 1135 403 1168; x_wconf 78' lang='lat' dir='ltr'>aromataria</span> <span class='ocrx_word' id='word_1_79' title='bbox 427 1135 605 1174; x_wconf 70' lang='lat' dir='ltr'>existentia,</span> <span class='ocrx_word' id='word_1_80' title='bbox 630 1139 699 1168; x_wconf 86' lang='lat' dir='ltr'>sunt</span> <span class='ocrx_word' id='word_1_81' title='bbox 726 1134 853 1178; x_wconf 88' lang='lat' dir='ltr'>propria</span> <span class='ocrx_word' id='word_1_82' title='bbox 877 1134 956 1177; x_wconf 88' lang='lat' dir='ltr'>ipso-</span> 
     </span>
     <span class='ocr_line' id='line_1_18' title="bbox 213 1186 954 1228; baseline -0.001 -8"><span class='ocrx_word' id='word_1_83' title='bbox 213 1198 302 1228; x_wconf 84' lang='lat' dir='ltr'>rum,</span> <span class='ocrx_word' id='word_1_84' title='bbox 319 1198 376 1221; x_wconf 89' lang='lat' dir='ltr'>nec</span> <span class='ocrx_word' id='word_1_85' title='bbox 393 1188 452 1220; x_wconf 85' lang='lat' dir='ltr'>alia</span> <span class='ocrx_word' id='word_1_86' title='bbox 469 1187 584 1220; x_wconf 88' lang='lat' dir='ltr'>habent</span> <span class='ocrx_word' id='word_1_87' title='bbox 600 1187 661 1220; x_wconf 85' lang='lat' dir='ltr'>alio</span> <span class='ocrx_word' id='word_1_88' title='bbox 678 1188 746 1220; x_wconf 89' lang='lat' dir='ltr'>loeo</span> <span class='ocrx_word' id='word_1_89' title='bbox 763 1186 954 1223; x_wconf 84' lang='lat' dir='ltr'>abscondita;</span> 
     </span>
     <span class='ocr_line' id='line_1_19' title="bbox 214 1241 954 1284; baseline -0.001 -10"><span class='ocrx_word' id='word_1_90' title='bbox 214 1245 253 1282; x_wconf 82' lang='lat' dir='ltr'>et,</span> <span class='ocrx_word' id='word_1_91' title='bbox 271 1241 324 1284; x_wconf 91' lang='lat' dir='ltr'>qui</span> <span class='ocrx_word' id='word_1_92' title='bbox 340 1242 452 1274; x_wconf 84' lang='lat' dir='ltr'>salsum</span> <span class='ocrx_word' id='word_1_93' title='bbox 471 1241 654 1282; x_wconf 83' lang='lat' dir='ltr'>iuraverint,</span> <span class='ocrx_word' id='word_1_94' title='bbox 672 1241 711 1273; x_wconf 92' lang='lat' dir='ltr'>ab</span> <span class='ocrx_word' id='word_1_95' title='bbox 726 1241 835 1273; x_wconf 88' lang='lat' dir='ltr'>eodem</span> <span class='ocrx_word' id='word_1_96' title='bbox 846 1246 954 1284; x_wconf 87' lang='lat' dir='ltr'>proto-</span> 
     </span>
     <span class='ocr_line' id='line_1_20' title="bbox 213 1293 954 1338; baseline 0.001 -12"><span class='ocrx_word' id='word_1_97' title='bbox 213 1294 335 1328; x_wconf 90' lang='lat' dir='ltr'>medieo</span> <span class='ocrx_word' id='word_1_98' title='bbox 360 1299 390 1327; x_wconf 81' lang='lat' dir='ltr'>et</span> <span class='ocrx_word' id='word_1_99' title='bbox 414 1294 600 1328; x_wconf 84' lang='lat' dir='ltr'>consiliariis</span> <span class='ocrx_word' id='word_1_100' title='bbox 632 1294 736 1327; x_wconf 73' lang='lat' dir='ltr'>debita</span> <span class='ocrx_word' id='word_1_101' title='bbox 772 1293 872 1338; x_wconf 67' lang='lat' dir='ltr'>poen-21</span> <span class='ocrx_word' id='word_1_102' title='bbox 897 1306 954 1338; x_wconf 90' lang='lat' dir='ltr'>pu-</span> 
     </span>
     <span class='ocr_line' id='line_1_21' title="bbox 213 1351 349 1380; baseline 0.015 -2"><span class='ocrx_word' id='word_1_103' title='bbox 213 1351 349 1380; x_wconf 84' lang='lat' dir='ltr'>mantur.</span> 
     </span>
    </p>

    <p class='ocr_par' dir='ltr' id='par_1_7' title="bbox 212 1399 955 1646">
     <span class='ocr_line' id='line_1_22' title="bbox 257 1399 955 1441; baseline 0.001 -9"><span class='ocrx_word' id='word_1_104' title='bbox 257 1399 287 1432; x_wconf 68' lang='lat'>2.</span> <span class='ocrx_word' id='word_1_105' title='bbox 301 1400 450 1434; x_wconf 82' lang='lat' dir='ltr'>Consules</span> <span class='ocrx_word' id='word_1_106' title='bbox 469 1400 742 1441; x_wconf 82' lang='lat' dir='ltr'>aromatariorum,</span> <span class='ocrx_word' id='word_1_107' title='bbox 757 1400 836 1433; x_wconf 89' lang='lat' dir='ltr'>sicut</span> <span class='ocrx_word' id='word_1_108' title='bbox 857 1404 886 1434; x_wconf 87' lang='lat' dir='ltr'>et</span> <span class='ocrx_word' id='word_1_109' title='bbox 908 1411 955 1433; x_wconf 91' lang='lat' dir='ltr'>ce-</span> 
     </span>
     <span class='ocr_line' id='line_1_23' title="bbox 213 1453 952 1497; baseline 0 -12"><span class='ocrx_word' id='word_1_110' title='bbox 213 1453 271 1486; x_wconf 86' lang='lat' dir='ltr'>teri</span> <span class='ocrx_word' id='word_1_111' title='bbox 287 1454 468 1486; x_wconf 76' lang='lat' dir='ltr'>ammalarii</span> <span class='ocrx_word' id='word_1_112' title='bbox 492 1453 552 1486; x_wconf 90' lang='lat' dir='ltr'>sint</span> <span class='ocrx_word' id='word_1_113' title='bbox 569 1453 721 1497; x_wconf 71' lang='lat' dir='ltr'>suppositi</span> <span class='ocrx_word' id='word_1_114' title='bbox 746 1453 952 1486; x_wconf 85' lang='lat' dir='ltr'>iurisdietioni</span> 
     </span>
     <span class='ocr_line' id='line_1_24' title="bbox 213 1507 953 1550; baseline 0 -11"><span class='ocrx_word' id='word_1_115' title='bbox 213 1511 243 1539; x_wconf 86' lang='lat' dir='ltr'>et</span> <span class='ocrx_word' id='word_1_116' title='bbox 276 1507 471 1540; x_wconf 75' lang='lat' dir='ltr'>obedientiae</span> <span class='ocrx_word' id='word_1_117' title='bbox 509 1507 716 1550; x_wconf 87' lang='lat' dir='ltr'>protomedici</span> <span class='ocrx_word' id='word_1_118' title='bbox 731 1533 738 1547; x_wconf 91' lang='lat'>‚</span> <span class='ocrx_word' id='word_1_119' title='bbox 773 1518 790 1539; x_wconf 87' lang='lat' dir='ltr'>a</span> <span class='ocrx_word' id='word_1_120' title='bbox 826 1518 889 1550; x_wconf 91' lang='lat' dir='ltr'>quo</span> <span class='ocrx_word' id='word_1_121' title='bbox 928 1507 953 1539; x_wconf 85' lang='lat' dir='ltr'>si</span> 
     </span>
     <span class='ocr_line' id='line_1_25' title="bbox 212 1560 953 1603; baseline 0.003 -11"><span class='ocrx_word' id='word_1_122' title='bbox 212 1560 337 1603; x_wconf 88' lang='lat' dir='ltr'>quando</span> <span class='ocrx_word' id='word_1_123' title='bbox 357 1571 389 1593; x_wconf 87' lang='lat' dir='ltr'>se</span> <span class='ocrx_word' id='word_1_124' title='bbox 409 1566 554 1603; x_wconf 79' lang='lat' dir='ltr'>gravatos</span> <span class='ocrx_word' id='word_1_125' title='bbox 574 1561 746 1601; x_wconf 87' lang='lat' dir='ltr'>senserint,</span> <span class='ocrx_word' id='word_1_126' title='bbox 769 1560 807 1593; x_wconf 86' lang='lat' dir='ltr'>ad</span> <span class='ocrx_word' id='word_1_127' title='bbox 831 1560 953 1594; x_wconf 88' lang='lat' dir='ltr'>audito-</span> 
     </span>
     <span class='ocr_line' id='line_1_26' title="bbox 212 1619 629 1646; baseline 0.005 -2"><span class='ocrx_word' id='word_1_128' title='bbox 212 1623 280 1645; x_wconf 85' lang='lat' dir='ltr'>rem</span> <span class='ocrx_word' id='word_1_129' title='bbox 297 1623 440 1646; x_wconf 87' lang='lat' dir='ltr'>camerae</span> <span class='ocrx_word' id='word_1_130' title='bbox 456 1619 629 1646; x_wconf 79' lang='lat' dir='ltr'>recurrant.</span> 
     </span>
    </p>

    <p class='ocr_par' dir='ltr' id='par_1_8' title="bbox 212 1665 953 2287">
     <span class='ocr_line' id='line_1_27' title="bbox 256 1665 952 1710; baseline 0 -11"><span class='ocrx_word' id='word_1_131' title='bbox 256 1665 286 1699; x_wconf 81' lang='grc'>3.</span> <span class='ocrx_word' id='word_1_132' title='bbox 315 1667 415 1710; x_wconf 87' lang='lat' dir='ltr'>Atque</span> <span class='ocrx_word' id='word_1_133' title='bbox 439 1667 469 1698; x_wconf 94' lang='lat' dir='ltr'>in</span> <span class='ocrx_word' id='word_1_134' title='bbox 494 1667 660 1710; x_wconf 83' lang='lat' dir='ltr'>puniendis</span> <span class='ocrx_word' id='word_1_135' title='bbox 688 1667 952 1700; x_wconf 79' lang='lat' dir='ltr'>aroimitariorum</span> 
     </span>
     <span class='ocr_line' id='line_1_28' title="bbox 212 1718 952 1763; baseline 0.001 -12"><span class='ocrx_word' id='word_1_136' title='bbox 212 1718 350 1760; x_wconf 84' lang='lat' dir='ltr'>delictis,</span> <span class='ocrx_word' id='word_1_137' title='bbox 368 1725 398 1752; x_wconf 87' lang='lat' dir='ltr'>et</span> <span class='ocrx_word' id='word_1_138' title='bbox 415 1720 483 1752; x_wconf 85' lang='lat' dir='ltr'>aliis</span> <span class='ocrx_word' id='word_1_139' title='bbox 501 1720 623 1752; x_wconf 83' lang='lat' dir='ltr'>casibus</span> <span class='ocrx_word' id='word_1_140' title='bbox 645 1720 676 1752; x_wconf 91' lang='lat' dir='ltr'>in</span> <span class='ocrx_word' id='word_1_141' title='bbox 695 1720 826 1763; x_wconf 87' lang='lat' dir='ltr'>quibus,</span> <span class='ocrx_word' id='word_1_142' title='bbox 845 1720 952 1762; x_wconf 74' lang='lat' dir='ltr'>vigore</span> 
     </span>
     <span class='ocr_line' id='line_1_29' title="bbox 212 1773 952 1817; baseline 0.001 -12"><span class='ocrx_word' id='word_1_143' title='bbox 212 1773 399 1805; x_wconf 76' lang='lat' dir='ltr'>concordiae</span> <span class='ocrx_word' id='word_1_144' title='bbox 412 1800 419 1813; x_wconf 91' lang='lat'>,</span> <span class='ocrx_word' id='word_1_145' title='bbox 451 1773 685 1817; x_wconf 85' lang='lat' dir='ltr'>protomedicus</span> <span class='ocrx_word' id='word_1_146' title='bbox 720 1778 749 1806; x_wconf 87' lang='lat' dir='ltr'>et</span> <span class='ocrx_word' id='word_1_147' title='bbox 783 1774 952 1806; x_wconf 85' lang='lat' dir='ltr'>consiliarii</span> 
     </span>
     <span class='ocr_line' id='line_1_30' title="bbox 213 1826 952 1870; baseline 0.003 -13"><span class='ocrx_word' id='word_1_148' title='bbox 213 1830 358 1858; x_wconf 88' lang='lat' dir='ltr'>tenentur</span> <span class='ocrx_word' id='word_1_149' title='bbox 392 1826 556 1870; x_wconf 84' lang='lat' dir='ltr'>exquirere</span> <span class='ocrx_word' id='word_1_150' title='bbox 589 1826 753 1859; x_wconf 87' lang='lat' dir='ltr'>eonsilium</span> <span class='ocrx_word' id='word_1_151' title='bbox 788 1827 952 1859; x_wconf 87' lang='lat' dir='ltr'>consulum</span> 
     </span>
     <span class='ocr_line' id='line_1_31' title="bbox 212 1879 951 1923; baseline 0.003 -12"><span class='ocrx_word' id='word_1_152' title='bbox 212 1879 494 1920; x_wconf 84' lang='lat' dir='ltr'>aromatariorum,</span> <span class='ocrx_word' id='word_1_153' title='bbox 519 1881 543 1913; x_wconf 90' lang='lat' dir='ltr'>si</span> <span class='ocrx_word' id='word_1_154' title='bbox 568 1880 659 1913; x_wconf 85' lang='lat' dir='ltr'>dictis</span> <span class='ocrx_word' id='word_1_155' title='bbox 683 1880 899 1923; x_wconf 89' lang='lat' dir='ltr'>protomedico</span> <span class='ocrx_word' id='word_1_156' title='bbox 923 1885 951 1913; x_wconf 86' lang='lat' dir='ltr'>et</span> 
     </span>
     <span class='ocr_line' id='line_1_32' title="bbox 213 1932 952 1967; baseline 0.003 -3"><span class='ocrx_word' id='word_1_157' title='bbox 213 1932 398 1966; x_wconf 87' lang='lat' dir='ltr'>consiliariis</span> <span class='ocrx_word' id='word_1_158' title='bbox 415 1933 516 1966; x_wconf 77' lang='lat' dir='ltr'>visum</span> <span class='ocrx_word' id='word_1_159' title='bbox 534 1933 627 1966; x_wconf 85' lang='lat' dir='ltr'>suerit</span> <span class='ocrx_word' id='word_1_160' title='bbox 651 1933 769 1966; x_wconf 89' lang='lat' dir='ltr'>dictum</span> <span class='ocrx_word' id='word_1_161' title='bbox 787 1933 952 1967; x_wconf 88' lang='lat' dir='ltr'>consilium</span> 
     </span>
     <span class='ocr_line' id='line_1_33' title="bbox 213 1986 951 2030; baseline 0.003 -12"><span class='ocrx_word' id='word_1_162' title='bbox 213 1986 342 2019; x_wconf 87' lang='lat' dir='ltr'>minime</span> <span class='ocrx_word' id='word_1_163' title='bbox 353 1987 571 2030; x_wconf 82' lang='lat' dir='ltr'>sequi,saciant</span> <span class='ocrx_word' id='word_1_164' title='bbox 580 1998 616 2020; x_wconf 89' lang='lat' dir='ltr'>eo</span> <span class='ocrx_word' id='word_1_165' title='bbox 630 1998 693 2020; x_wconf 89' lang='lat' dir='ltr'>nou</span> <span class='ocrx_word' id='word_1_166' title='bbox 706 1988 849 2020; x_wconf 86' lang='lat' dir='ltr'>obstante</span> <span class='ocrx_word' id='word_1_167' title='bbox 861 1999 951 2021; x_wconf 84' lang='lat' dir='ltr'>suum</span> 
     </span>
     <span class='ocr_line' id='line_1_34' title="bbox 213 2038 951 2084; baseline 0.001 -12"><span class='ocrx_word' id='word_1_168' title='bbox 213 2038 384 2080; x_wconf 84' lang='lat' dir='ltr'>decretum,</span> <span class='ocrx_word' id='word_1_169' title='bbox 397 2050 415 2072; x_wconf 91' lang='lat' dir='ltr'>a</span> <span class='ocrx_word' id='word_1_170' title='bbox 427 2051 499 2083; x_wconf 90' lang='lat' dir='ltr'>quo,</span> <span class='ocrx_word' id='word_1_171' title='bbox 513 2040 566 2083; x_wconf 90' lang='lat' dir='ltr'>qui</span> <span class='ocrx_word' id='word_1_172' title='bbox 582 2041 735 2073; x_wconf 83' lang='lat' dir='ltr'>senserint</span> <span class='ocrx_word' id='word_1_173' title='bbox 750 2052 782 2073; x_wconf 85' lang='lat' dir='ltr'>se</span> <span class='ocrx_word' id='word_1_174' title='bbox 795 2046 951 2084; x_wconf 69' lang='lat' dir='ltr'>gravatos,</span> 
     </span>
     <span class='ocr_line' id='line_1_35' title="bbox 213 2094 953 2135; baseline 0.003 -10"><span class='ocrx_word' id='word_1_175' title='bbox 213 2098 377 2126; x_wconf 75' lang='lat' dir='ltr'>recurrant</span> <span class='ocrx_word' id='word_1_176' title='bbox 401 2094 439 2126; x_wconf 86' lang='lat' dir='ltr'>ad</span> <span class='ocrx_word' id='word_1_177' title='bbox 462 2094 637 2127; x_wconf 84' lang='lat' dir='ltr'>auditorem</span> <span class='ocrx_word' id='word_1_178' title='bbox 655 2105 814 2135; x_wconf 86' lang='lat' dir='ltr'>camerae,</span> <span class='ocrx_word' id='word_1_179' title='bbox 833 2100 862 2127; x_wconf 87' lang='lat' dir='ltr'>et</span> <span class='ocrx_word' id='word_1_180' title='bbox 879 2095 953 2127; x_wconf 86' lang='lat' dir='ltr'>inte-</span> 
     </span>
     <span class='ocr_line' id='line_1_36' title="bbox 213 2147 951 2191; baseline 0.003 -12"><span class='ocrx_word' id='word_1_181' title='bbox 213 2147 284 2188; x_wconf 89' lang='lat' dir='ltr'>rim,</span> <span class='ocrx_word' id='word_1_182' title='bbox 298 2158 429 2180; x_wconf 88' lang='lat' dir='ltr'>recursu</span> <span class='ocrx_word' id='word_1_183' title='bbox 446 2148 493 2180; x_wconf 87' lang='lat' dir='ltr'>vel</span> <span class='ocrx_word' id='word_1_184' title='bbox 511 2153 652 2191; x_wconf 88' lang='lat' dir='ltr'>tempore</span> <span class='ocrx_word' id='word_1_185' title='bbox 669 2148 707 2180; x_wconf 89' lang='lat' dir='ltr'>ad</span> <span class='ocrx_word' id='word_1_186' title='bbox 723 2148 951 2181; x_wconf 76' lang='lat' dir='ltr'>recurremlum</span> 
     </span>
     <span class='ocr_line' id='line_1_37' title="bbox 212 2201 951 2245; baseline 0.003 -12"><span class='ocrx_word' id='word_1_187' title='bbox 212 2201 383 2244; x_wconf 82' lang='lat' dir='ltr'>pendente,</span> <span class='ocrx_word' id='word_1_188' title='bbox 408 2202 649 2245; x_wconf 82' lang='lat' dir='ltr'>supersedeatur</span> <span class='ocrx_word' id='word_1_189' title='bbox 680 2202 711 2234; x_wconf 91' lang='lat' dir='ltr'>in</span> <span class='ocrx_word' id='word_1_190' title='bbox 745 2203 951 2245; x_wconf 78' lang='lat' dir='ltr'>exequutione</span> 
     </span>
     <span class='ocr_line' id='line_1_38' title="bbox 213 2252 341 2287; baseline 0.008 -2"><span class='ocrx_word' id='word_1_191' title='bbox 213 2252 341 2287; x_wconf 81' lang='lat' dir='ltr'>decreti.</span> 
     </span>
    </p>

    <p class='ocr_par' dir='ltr' id='par_1_9' title="bbox 213 2333 952 2545">
     <span class='ocr_line' id='line_1_39' title="bbox 247 2333 951 2369; baseline 0.003 -9"><span class='ocrx_word' id='word_1_192' title='bbox 247 2335 260 2360; x_wconf 81' lang='lat'><strong>1</strong></span> <span class='ocrx_word' id='word_1_193' title='bbox 278 2333 347 2362; x_wconf 86' lang='lat' dir='ltr'>Edit.</span> <span class='ocrx_word' id='word_1_194' title='bbox 362 2334 443 2361; x_wconf 87' lang='lat' dir='ltr'>Main.</span> <span class='ocrx_word' id='word_1_195' title='bbox 457 2334 520 2369; x_wconf 80' lang='lat' dir='ltr'>legit</span> <span class='ocrx_word' id='word_1_196' title='bbox 534 2335 663 2369; x_wconf 79' lang='lat' dir='ltr'>praesidi</span> <span class='ocrx_word' id='word_1_197' title='bbox 673 2343 822 2363; x_wconf 80' lang='lat' dir='ltr'>carcerum</span> <span class='ocrx_word' id='word_1_198' title='bbox 833 2339 859 2364; x_wconf 80' lang='lat' dir='ltr'>el</span> <span class='ocrx_word' id='word_1_199' title='bbox 873 2337 951 2369; x_wconf 75' lang='lat' dir='ltr'>aliis;</span> 
     </span>
     <span class='ocr_line' id='line_1_40' title="bbox 214 2378 950 2415; baseline 0.001 -10"><span class='ocrx_word' id='word_1_200' title='bbox 214 2387 263 2406; x_wconf 88' lang='lat' dir='ltr'>nos</span> <span class='ocrx_word' id='word_1_201' title='bbox 278 2378 481 2406; x_wconf 80' lang='lat' dir='ltr'>emendavimus</span> <span class='ocrx_word' id='word_1_202' title='bbox 495 2379 571 2405; x_wconf 81' lang='lat' dir='ltr'>iuxta</span> <span class='ocrx_word' id='word_1_203' title='bbox 590 2378 653 2405; x_wconf 83' lang='lat' dir='ltr'>edit.</span> <span class='ocrx_word' id='word_1_204' title='bbox 675 2379 791 2406; x_wconf 84' lang='lat' dir='ltr'>Cherub.</span> <span class='ocrx_word' id='word_1_205' title='bbox 815 2379 950 2415; x_wconf 82' lang='lat' dir='ltr'>Lugdun.;</span> 
     </span>
     <span class='ocr_line' id='line_1_41' title="bbox 214 2423 951 2458; baseline 0.001 -8"><span class='ocrx_word' id='word_1_206' title='bbox 214 2423 280 2450; x_wconf 85' lang='lat' dir='ltr'>edit.</span> <span class='ocrx_word' id='word_1_207' title='bbox 301 2423 419 2450; x_wconf 85' lang='lat' dir='ltr'>Cherub.</span> <span class='ocrx_word' id='word_1_208' title='bbox 433 2424 513 2450; x_wconf 82' lang='lat' dir='ltr'>Rom.</span> <span class='ocrx_word' id='word_1_209' title='bbox 531 2423 613 2450; x_wconf 85' lang='lat' dir='ltr'>habet</span> <span class='ocrx_word' id='word_1_210' title='bbox 634 2423 780 2458; x_wconf 78' lang='lat' dir='ltr'>praesides</span> <span class='ocrx_word' id='word_1_211' title='bbox 794 2432 951 2451; x_wconf 77' lang='lat' dir='ltr'>causarum</span> 
     </span>
     <span class='ocr_line' id='line_1_42' title="bbox 214 2467 952 2504; baseline 0.004 -10"><span class='ocrx_word' id='word_1_212' title='bbox 214 2470 241 2495; x_wconf 81' lang='lat' dir='ltr'>et</span> <span class='ocrx_word' id='word_1_213' title='bbox 264 2467 349 2496; x_wconf 74' lang='lat' dir='ltr'>aliis:</span> <span class='ocrx_word' id='word_1_214' title='bbox 374 2471 487 2503; x_wconf 80' lang='lat' dir='ltr'>utraque</span> <span class='ocrx_word' id='word_1_215' title='bbox 513 2468 576 2495; x_wconf 89' lang='lat' dir='ltr'>edit.</span> <span class='ocrx_word' id='word_1_216' title='bbox 606 2467 722 2495; x_wconf 83' lang='lat' dir='ltr'>Cherub.</span> <span class='ocrx_word' id='word_1_217' title='bbox 750 2468 833 2495; x_wconf 83' lang='lat' dir='ltr'>habet</span> <span class='ocrx_word' id='word_1_218' title='bbox 862 2470 952 2504; x_wconf 74' lang='lat' dir='ltr'>Atqui</span> 
     </span>
     <span class='ocr_line' id='line_1_43' title="bbox 213 2513 316 2545; baseline 0.019 -7"><span class='ocrx_word' id='word_1_219' title='bbox 213 2513 251 2545; x_wconf 76' lang='lat' dir='ltr'>(n.</span> <span class='ocrx_word' id='word_1_220' title='bbox 267 2514 316 2545; x_wconf 74' lang='lat' dir='ltr'>T.)-</span> 
     </span>
    </p>

    <p class='ocr_par' dir='ltr' id='par_1_10' title="bbox 214 2556 951 2638">
     <span class='ocr_line' id='line_1_44' title="bbox 249 2556 951 2594; baseline 0.003 -11"><span class='ocrx_word' id='word_1_221' title='bbox 249 2556 265 2583; x_wconf 75' lang='lat'><strong>2</strong></span> <span class='ocrx_word' id='word_1_222' title='bbox 285 2557 322 2584; x_wconf 89' lang='lat' dir='ltr'>De</span> <span class='ocrx_word' id='word_1_223' title='bbox 341 2558 524 2593; x_wconf 85' lang='lat' dir='ltr'>protomedieo</span> <span class='ocrx_word' id='word_1_224' title='bbox 544 2558 606 2585; x_wconf 74' lang='lat' dir='ltr'>vide</span> <span class='ocrx_word' id='word_1_225' title='bbox 625 2558 715 2586; x_wconf 88' lang='lat' dir='ltr'>Const.</span> <span class='ocrx_word' id='word_1_226' title='bbox 732 2565 774 2585; x_wconf 80' lang='lat' dir='ltr'>le</span> <span class='ocrx_word' id='word_1_227' title='bbox 794 2558 873 2594; x_wconf 82' lang='lat' dir='ltr'>Greg.</span> <span class='ocrx_word' id='word_1_228' title='bbox 895 2558 951 2585; x_wconf 84' lang='lat' dir='ltr'>xul</span> 
     </span>
     <span class='ocr_line' id='line_1_45' title="bbox 214 2601 951 2638; baseline 0.001 -10"><span class='ocrx_word' id='word_1_229' title='bbox 214 2601 241 2628; x_wconf 91' lang='lat' dir='ltr'>in</span> <span class='ocrx_word' id='word_1_230' title='bbox 260 2605 325 2630; x_wconf 89' lang='lat' dir='ltr'>tom.</span> <span class='ocrx_word' id='word_1_231' title='bbox 345 2609 402 2638; x_wconf 77' lang='lat' dir='ltr'>vni,</span> <span class='ocrx_word' id='word_1_232' title='bbox 422 2611 483 2638; x_wconf 81' lang='lat' dir='ltr'>pag.</span> <span class='ocrx_word' id='word_1_233' title='bbox 501 2604 565 2637; x_wconf 76' lang='lat'>151,</span> <span class='ocrx_word' id='word_1_234' title='bbox 587 2607 613 2630; x_wconf 87' lang='lat' dir='ltr'>et</span> <span class='ocrx_word' id='word_1_235' title='bbox 632 2604 665 2631; x_wconf 87' lang='lat' dir='ltr'>de</span> <span class='ocrx_word' id='word_1_236' title='bbox 692 2603 861 2631; x_wconf 81' lang='lat' dir='ltr'>aromatariis</span> <span class='ocrx_word' id='word_1_237' title='bbox 882 2603 951 2630; x_wconf 90' lang='lat' dir='ltr'>Con-</span> 
     </span>
    </p>
   </div>
   <div class='ocr_carea' id='block_1_6' title="bbox 215 2646 949 2726">
    <p class='ocr_par' dir='ltr' id='par_1_11' title="bbox 215 2646 949 2726">
     <span class='ocr_line' id='line_1_46' title="bbox 215 2646 949 2683; baseline 0.001 -10"><span class='ocrx_word' id='word_1_238' title='bbox 215 2646 270 2673; x_wconf 82' lang='lat' dir='ltr'>stit.</span> <span class='ocrx_word' id='word_1_239' title='bbox 290 2653 377 2674; x_wconf 77' lang='lat' dir='ltr'>chvu</span> <span class='ocrx_word' id='word_1_240' title='bbox 396 2646 482 2674; x_wconf 88' lang='lat' dir='ltr'>Clem.</span> <span class='ocrx_word' id='word_1_241' title='bbox 502 2647 559 2674; x_wconf 83' lang='lat' dir='ltr'>Vlll</span> <span class='ocrx_word' id='word_1_242' title='bbox 579 2647 606 2674; x_wconf 91' lang='lat' dir='ltr'>in</span> <span class='ocrx_word' id='word_1_243' title='bbox 626 2651 690 2674; x_wconf 90' lang='lat' dir='ltr'>tom.</span> <span class='ocrx_word' id='word_1_244' title='bbox 711 2656 736 2682; x_wconf 84' lang='lat' dir='ltr'>x,</span> <span class='ocrx_word' id='word_1_245' title='bbox 760 2655 820 2683; x_wconf 79' lang='lat' dir='ltr'>pag.</span> <span class='ocrx_word' id='word_1_246' title='bbox 841 2647 893 2674; x_wconf 82' lang='lat'>320</span> <span class='ocrx_word' id='word_1_247' title='bbox 912 2648 949 2681; x_wconf 80' lang='lat' dir='ltr'>(n.</span> 
     </span>
     <span class='ocr_line' id='line_1_47' title="bbox 216 2691 447 2726; baseline 0 -8"><span class='ocrx_word' id='word_1_248' title='bbox 216 2696 242 2719; x_wconf 70' lang='grc' dir='ltr'>τ.</span> <span class='ocrx_word' id='word_1_249' title='bbox 259 2699 293 2719; x_wconf 80' lang='lat' dir='ltr'>ex</span> <span class='ocrx_word' id='word_1_250' title='bbox 307 2691 447 2726; x_wconf 79' lang='lat' dir='ltr'>Cherub.).</span> 
     </span>
    </p>
   </div>
   <div class='ocr_carea' id='block_1_7' title="bbox 986 327 1730 1818">
    <p class='ocr_par' dir='ltr' id='par_1_12' title="bbox 990 327 1730 800">
     <span class='ocr_line' id='line_1_48' title="bbox 1034 327 1729 371; baseline -0.012 -6"><span class='ocrx_word' id='word_1_251' title='bbox 1034 333 1063 366; x_wconf 65' lang='lat' dir='ltr'>si.</span> <span class='ocrx_word' id='word_1_252' title='bbox 1090 332 1184 365; x_wconf 80' lang='lat' dir='ltr'>tidem</span> <span class='ocrx_word' id='word_1_253' title='bbox 1210 331 1355 364; x_wconf 82' lang='lat' dir='ltr'>consules</span> <span class='ocrx_word' id='word_1_254' title='bbox 1379 330 1495 361; x_wconf 82' lang='lat' dir='ltr'>nullam</span> <span class='ocrx_word' id='word_1_255' title='bbox 1521 338 1651 371; x_wconf 80' lang='lat' dir='ltr'>prorsus</span> <span class='ocrx_word' id='word_1_256' title='bbox 1680 327 1729 358; x_wconf 80' lang='lat' dir='ltr'>lia-</span> 
     </span>
     <span class='ocr_line' id='line_1_49' title="bbox 990 379 1730 429; baseline -0.011 -11"><span class='ocrx_word' id='word_1_257' title='bbox 990 387 1080 419; x_wconf 75' lang='lat' dir='ltr'>beant</span> <span class='ocrx_word' id='word_1_258' title='bbox 1116 389 1300 429; x_wconf 81' lang='lat' dir='ltr'>potestatem</span> <span class='ocrx_word' id='word_1_259' title='bbox 1334 388 1361 415; x_wconf 90' lang='lat' dir='ltr'>et</span> <span class='ocrx_word' id='word_1_260' title='bbox 1395 381 1640 414; x_wconf 65' lang='lat' dir='ltr'>iurisdictionem</span> <span class='ocrx_word' id='word_1_261' title='bbox 1677 379 1730 410; x_wconf 86' lang='lat' dir='ltr'>eli-</span> 
     </span>
     <span class='ocr_line' id='line_1_50' title="bbox 990 432 1728 481; baseline -0.011 -10"><span class='ocrx_word' id='word_1_262' title='bbox 990 439 1081 481; x_wconf 73' lang='lat' dir='ltr'>gendi</span> <span class='ocrx_word' id='word_1_263' title='bbox 1109 437 1355 477; x_wconf 67' lang='lat' dir='ltr'>aromalmiuin,</span> <span class='ocrx_word' id='word_1_264' title='bbox 1385 446 1477 479; x_wconf 87' lang='lat' dir='ltr'>quem</span> <span class='ocrx_word' id='word_1_265' title='bbox 1507 432 1728 477; x_wconf 66' lang='lat' dir='ltr'>prm-(insulem</span> 
     </span>
     <span class='ocr_line' id='line_1_51' title="bbox 991 488 1729 531; baseline -0.011 -5"><span class='ocrx_word' id='word_1_266' title='bbox 991 499 1118 531; x_wconf 72' lang='lat' dir='ltr'>vocant,</span> <span class='ocrx_word' id='word_1_267' title='bbox 1147 494 1186 526; x_wconf 83' lang='lat' dir='ltr'>ad</span> <span class='ocrx_word' id='word_1_268' title='bbox 1215 492 1382 524; x_wconf 64' lang='lat' dir='ltr'>visitandas</span> <span class='ocrx_word' id='word_1_269' title='bbox 1410 488 1614 523; x_wconf 78' lang='lat' dir='ltr'>aromatarias</span> <span class='ocrx_word' id='word_1_270' title='bbox 1642 491 1729 519; x_wconf 68' lang='lat' dir='ltr'>extra</span> 
     </span>
     <span class='ocr_line' id='line_1_52' title="bbox 992 539 1728 589; baseline -0.012 -9"><span class='ocrx_word' id='word_1_271' title='bbox 992 547 1106 580; x_wconf 82' lang='lat' dir='ltr'>Urbem</span> <span class='ocrx_word' id='word_1_272' title='bbox 1131 547 1296 589; x_wconf 71' lang='lat' dir='ltr'>degentes,</span> <span class='ocrx_word' id='word_1_273' title='bbox 1321 545 1486 587; x_wconf 77' lang='lat' dir='ltr'>minusque</span> <span class='ocrx_word' id='word_1_274' title='bbox 1512 539 1728 574; x_wconf 84' lang='lat' dir='ltr'>subscribendi</span> 
     </span>
     <span class='ocr_line' id='line_1_53' title="bbox 990 593 1729 643; baseline -0.011 -12"><span class='ocrx_word' id='word_1_275' title='bbox 990 605 1129 643; x_wconf 86' lang='lat' dir='ltr'>patentes</span> <span class='ocrx_word' id='word_1_276' title='bbox 1154 600 1197 632; x_wconf 89' lang='lat' dir='ltr'>uti</span> <span class='ocrx_word' id='word_1_277' title='bbox 1222 599 1366 632; x_wconf 80' lang='lat' dir='ltr'>eonsules</span> <span class='ocrx_word' id='word_1_278' title='bbox 1389 597 1549 629; x_wconf 72' lang='lat' dir='ltr'>districtus</span> <span class='ocrx_word' id='word_1_279' title='bbox 1578 593 1669 627; x_wconf 79' lang='lat' dir='ltr'>Urbis</span> <span class='ocrx_word' id='word_1_280' title='bbox 1700 597 1729 624; x_wconf 77' lang='lat' dir='ltr'>et</span> 
     </span>
     <span class='ocr_line' id='line_1_54' title="bbox 990 647 1729 697; baseline -0.011 -11"><span class='ocrx_word' id='word_1_281' title='bbox 990 653 1281 697; x_wconf 82' lang='lat' dir='ltr'>superintendentes</span> <span class='ocrx_word' id='word_1_282' title='bbox 1305 652 1380 684; x_wconf 81' lang='lat' dir='ltr'>artis</span> <span class='ocrx_word' id='word_1_283' title='bbox 1409 651 1438 683; x_wconf 88' lang='lat' dir='ltr'>in</span> <span class='ocrx_word' id='word_1_284' title='bbox 1465 652 1550 683; x_wconf 81' lang='lat' dir='ltr'>Statu</span> <span class='ocrx_word' id='word_1_285' title='bbox 1576 647 1729 680; x_wconf 78' lang='lat' dir='ltr'>Ecclesia-</span> 
     </span>
     <span class='ocr_line' id='line_1_55' title="bbox 990 705 1730 748; baseline -0.008 -9"><span class='ocrx_word' id='word_1_286' title='bbox 990 707 1078 747; x_wconf 86' lang='lat' dir='ltr'>stico,</span> <span class='ocrx_word' id='word_1_287' title='bbox 1096 707 1149 739; x_wconf 87' lang='lat' dir='ltr'>sed</span> <span class='ocrx_word' id='word_1_288' title='bbox 1163 706 1231 739; x_wconf 83' lang='lat' dir='ltr'>talis</span> <span class='ocrx_word' id='word_1_289' title='bbox 1245 705 1379 748; x_wconf 68' lang='lat' dir='ltr'>eligendi</span> <span class='ocrx_word' id='word_1_290' title='bbox 1398 709 1533 748; x_wconf 72' lang='lat' dir='ltr'>potestas</span> <span class='ocrx_word' id='word_1_291' title='bbox 1550 712 1644 746; x_wconf 81' lang='lat' dir='ltr'>penes</span> <span class='ocrx_word' id='word_1_292' title='bbox 1660 711 1730 744; x_wconf 88' lang='lat' dir='ltr'>pro-</span> 
     </span>
     <span class='ocr_line' id='line_1_56' title="bbox 991 760 1480 800; baseline -0.008 -7"><span class='ocrx_word' id='word_1_293' title='bbox 991 760 1181 793; x_wconf 86' lang='lat' dir='ltr'>tomedieum</span> <span class='ocrx_word' id='word_1_294' title='bbox 1198 760 1250 800; x_wconf 86' lang='lat' dir='ltr'>sit,</span> <span class='ocrx_word' id='word_1_295' title='bbox 1268 764 1295 791; x_wconf 86' lang='lat' dir='ltr'>et</span> <span class='ocrx_word' id='word_1_296' title='bbox 1314 762 1480 791; x_wconf 84' lang='lat' dir='ltr'>remaneat.</span> 
     </span>
    </p>

    <p class='ocr_par' dir='ltr' id='par_1_13' title="bbox 988 809 1730 1221">
     <span class='ocr_line' id='line_1_57' title="bbox 1034 809 1728 853; baseline -0.009 -7"><span class='ocrx_word' id='word_1_297' title='bbox 1034 814 1063 846; x_wconf 76' lang='lat'>5.</span> <span class='ocrx_word' id='word_1_298' title='bbox 1095 814 1226 846; x_wconf 79' lang='lat' dir='ltr'>Decreta</span> <span class='ocrx_word' id='word_1_299' title='bbox 1258 813 1336 845; x_wconf 86' lang='lat' dir='ltr'>saeta</span> <span class='ocrx_word' id='word_1_300' title='bbox 1369 812 1399 843; x_wconf 91' lang='lat' dir='ltr'>in</span> <span class='ocrx_word' id='word_1_301' title='bbox 1431 809 1728 853; x_wconf 70' lang='lat' dir='ltr'>congregationibus</span> 
     </span>
     <span class='ocr_line' id='line_1_58' title="bbox 989 862 1729 909; baseline -0.009 -9"><span class='ocrx_word' id='word_1_302' title='bbox 989 867 1267 906; x_wconf 88' lang='lat' dir='ltr'>aromatariorum,</span> <span class='ocrx_word' id='word_1_303' title='bbox 1285 865 1370 909; x_wconf 86' lang='lat' dir='ltr'>quod</span> <span class='ocrx_word' id='word_1_304' title='bbox 1393 864 1497 896; x_wconf 87' lang='lat' dir='ltr'>nullus</span> <span class='ocrx_word' id='word_1_305' title='bbox 1520 862 1729 895; x_wconf 86' lang='lat' dir='ltr'>aromatarius</span> 
     </span>
     <span class='ocr_line' id='line_1_59' title="bbox 989 917 1728 964; baseline -0.009 -10"><span class='ocrx_word' id='word_1_306' title='bbox 989 921 1085 964; x_wconf 85' lang='lat' dir='ltr'>possit</span> <span class='ocrx_word' id='word_1_307' title='bbox 1110 931 1167 964; x_wconf 85' lang='lat' dir='ltr'>pro</span> <span class='ocrx_word' id='word_1_308' title='bbox 1188 920 1316 952; x_wconf 68' lang='lat' dir='ltr'>veritate</span> <span class='ocrx_word' id='word_1_309' title='bbox 1342 919 1434 951; x_wconf 76' lang='lat' dir='ltr'>tidem</span> <span class='ocrx_word' id='word_1_310' title='bbox 1455 917 1590 960; x_wconf 82' lang='lat' dir='ltr'>aliquam</span> <span class='ocrx_word' id='word_1_311' title='bbox 1609 918 1728 956; x_wconf 71' lang='lat' dir='ltr'>lacere,</span> 
     </span>
     <span class='ocr_line' id='line_1_60' title="bbox 989 969 1729 1009; baseline -0.011 -2"><span class='ocrx_word' id='word_1_312' title='bbox 989 974 1049 1007; x_wconf 89' lang='lat' dir='ltr'>nisi</span> <span class='ocrx_word' id='word_1_313' title='bbox 1063 974 1101 1006; x_wconf 89' lang='lat' dir='ltr'>de</span> <span class='ocrx_word' id='word_1_314' title='bbox 1115 983 1270 1007; x_wconf 86' lang='lat' dir='ltr'>consensu</span> <span class='ocrx_word' id='word_1_315' title='bbox 1285 973 1332 1005; x_wconf 77' lang='lat' dir='ltr'>vel</span> <span class='ocrx_word' id='word_1_316' title='bbox 1345 971 1469 1004; x_wconf 73' lang='lat' dir='ltr'>licentia</span> <span class='ocrx_word' id='word_1_317' title='bbox 1483 970 1658 1009; x_wconf 74' lang='lat' dir='ltr'>consulum,</span> <span class='ocrx_word' id='word_1_318' title='bbox 1669 969 1729 1000; x_wconf 88' lang='lat' dir='ltr'>sint.</span> 
     </span>
     <span class='ocr_line' id='line_1_61' title="bbox 988 1021 1728 1071; baseline -0.009 -12"><span class='ocrx_word' id='word_1_319' title='bbox 988 1027 1112 1071; x_wconf 87' lang='lat' dir='ltr'>penitus</span> <span class='ocrx_word' id='word_1_320' title='bbox 1135 1027 1220 1059; x_wconf 87' lang='lat' dir='ltr'>nulla</span> <span class='ocrx_word' id='word_1_321' title='bbox 1248 1031 1276 1058; x_wconf 87' lang='lat' dir='ltr'>et</span> <span class='ocrx_word' id='word_1_322' title='bbox 1304 1024 1454 1061; x_wconf 69' lang='lat' dir='ltr'>invalida,</span> <span class='ocrx_word' id='word_1_323' title='bbox 1479 1029 1509 1056; x_wconf 87' lang='lat' dir='ltr'>et</span> <span class='ocrx_word' id='word_1_324' title='bbox 1533 1023 1666 1066; x_wconf 85' lang='lat' dir='ltr'>quisque</span> <span class='ocrx_word' id='word_1_325' title='bbox 1690 1021 1728 1053; x_wconf 85' lang='lat' dir='ltr'>ad</span> 
     </span>
     <span class='ocr_line' id='line_1_62' title="bbox 989 1076 1728 1123; baseline -0.008 -10"><span class='ocrx_word' id='word_1_326' title='bbox 989 1081 1113 1113; x_wconf 84' lang='lat' dir='ltr'>libitum</span> <span class='ocrx_word' id='word_1_327' title='bbox 1130 1080 1226 1123; x_wconf 89' lang='lat' dir='ltr'>possit</span> <span class='ocrx_word' id='word_1_328' title='bbox 1245 1080 1363 1122; x_wconf 78' lang='lat' dir='ltr'>absque</span> <span class='ocrx_word' id='word_1_329' title='bbox 1377 1079 1439 1111; x_wconf 73' lang='lat' dir='ltr'>ulla</span> <span class='ocrx_word' id='word_1_330' title='bbox 1457 1088 1587 1121; x_wconf 76' lang='lat' dir='ltr'>prorsus</span> <span class='ocrx_word' id='word_1_331' title='bbox 1605 1076 1728 1109; x_wconf 75' lang='lat' dir='ltr'>lieentia</span> 
     </span>
     <span class='ocr_line' id='line_1_63' title="bbox 989 1130 1730 1178; baseline -0.009 -10"><span class='ocrx_word' id='word_1_332' title='bbox 989 1146 1047 1178; x_wconf 90' lang='lat' dir='ltr'>pro</span> <span class='ocrx_word' id='word_1_333' title='bbox 1079 1134 1208 1167; x_wconf 74' lang='lat' dir='ltr'>veritate</span> <span class='ocrx_word' id='word_1_334' title='bbox 1241 1144 1274 1166; x_wconf 90' lang='lat' dir='ltr'>se</span> <span class='ocrx_word' id='word_1_335' title='bbox 1306 1131 1439 1165; x_wconf 78' lang='lat' dir='ltr'>examini</span> <span class='ocrx_word' id='word_1_336' title='bbox 1471 1130 1646 1169; x_wconf 83' lang='lat' dir='ltr'>subiicere,</span> <span class='ocrx_word' id='word_1_337' title='bbox 1677 1134 1730 1161; x_wconf 84' lang='lat' dir='ltr'>aut</span> 
     </span>
     <span class='ocr_line' id='line_1_64' title="bbox 989 1186 1458 1221; baseline -0.009 0"><span class='ocrx_word' id='word_1_338' title='bbox 989 1188 1238 1221; x_wconf 81' lang='lat' dir='ltr'>extraiudiciales</span> <span class='ocrx_word' id='word_1_339' title='bbox 1255 1186 1332 1219; x_wconf 86' lang='lat' dir='ltr'>tides</span> <span class='ocrx_word' id='word_1_340' title='bbox 1348 1186 1458 1218; x_wconf 84' lang='lat' dir='ltr'>facere.</span> 
     </span>
    </p>

    <p class='ocr_par' dir='ltr' id='par_1_14' title="bbox 988 1237 1730 1488">
     <span class='ocr_line' id='line_1_65' title="bbox 1032 1237 1729 1285; baseline -0.009 -10"><span class='ocrx_word' id='word_1_341' title='bbox 1032 1242 1062 1275; x_wconf 81' lang='lat'>6.</span> <span class='ocrx_word' id='word_1_342' title='bbox 1088 1242 1149 1275; x_wconf 91' lang='lat' dir='ltr'>Pro</span> <span class='ocrx_word' id='word_1_343' title='bbox 1173 1241 1274 1285; x_wconf 85' lang='lat' dir='ltr'>pretio</span> <span class='ocrx_word' id='word_1_344' title='bbox 1299 1250 1406 1273; x_wconf 90' lang='lat' dir='ltr'>rerum</span> <span class='ocrx_word' id='word_1_345' title='bbox 1431 1237 1638 1271; x_wconf 84' lang='lat' dir='ltr'>aromatariac</span> <span class='ocrx_word' id='word_1_346' title='bbox 1663 1247 1729 1270; x_wconf 90' lang='lat' dir='ltr'>ser-</span> 
     </span>
     <span class='ocr_line' id='line_1_66' title="bbox 989 1291 1730 1339; baseline -0.008 -11"><span class='ocrx_word' id='word_1_347' title='bbox 989 1301 1078 1328; x_wconf 79' lang='lat' dir='ltr'>vetur</span> <span class='ocrx_word' id='word_1_348' title='bbox 1094 1294 1301 1339; x_wconf 73' lang='lat' dir='ltr'>praescriptio</span> <span class='ocrx_word' id='word_1_349' title='bbox 1322 1292 1562 1336; x_wconf 81' lang='lat' dir='ltr'>quinquennalis</span> <span class='ocrx_word' id='word_1_350' title='bbox 1573 1319 1580 1331; x_wconf 88' lang='lat'>,</span> <span class='ocrx_word' id='word_1_351' title='bbox 1597 1301 1659 1324; x_wconf 86' lang='lat' dir='ltr'>non</span> <span class='ocrx_word' id='word_1_352' title='bbox 1677 1291 1730 1323; x_wconf 88' lang='lat' dir='ltr'>ob-</span> 
     </span>
     <span class='ocr_line' id='line_1_67' title="bbox 990 1346 1728 1392; baseline -0.007 -11"><span class='ocrx_word' id='word_1_353' title='bbox 990 1354 1088 1381; x_wconf 84' lang='lat' dir='ltr'>stante</span> <span class='ocrx_word' id='word_1_354' title='bbox 1103 1348 1212 1392; x_wconf 66' lang='lat' dir='ltr'>quax‘is</span> <span class='ocrx_word' id='word_1_355' title='bbox 1229 1347 1459 1390; x_wconf 85' lang='lat' dir='ltr'>interruptione</span> <span class='ocrx_word' id='word_1_356' title='bbox 1484 1346 1576 1378; x_wconf 88' lang='lat' dir='ltr'>etiam</span> <span class='ocrx_word' id='word_1_357' title='bbox 1601 1355 1658 1388; x_wconf 85' lang='lat' dir='ltr'>per</span> <span class='ocrx_word' id='word_1_358' title='bbox 1682 1356 1728 1377; x_wconf 88' lang='lat' dir='ltr'>re-</span> 
     </span>
     <span class='ocr_line' id='line_1_68' title="bbox 989 1400 1730 1445; baseline -0.005 -11"><span class='ocrx_word' id='word_1_359' title='bbox 989 1402 1165 1445; x_wconf 81' lang='lat' dir='ltr'>ceptionem</span> <span class='ocrx_word' id='word_1_360' title='bbox 1196 1401 1294 1445; x_wconf 84' lang='lat' dir='ltr'>partis</span> <span class='ocrx_word' id='word_1_361' title='bbox 1329 1400 1556 1444; x_wconf 78' lang='lat' dir='ltr'>pecuniarum,</span> <span class='ocrx_word' id='word_1_362' title='bbox 1590 1404 1641 1431; x_wconf 87' lang='lat' dir='ltr'>aut</span> <span class='ocrx_word' id='word_1_363' title='bbox 1674 1409 1730 1442; x_wconf 85' lang='lat' dir='ltr'>per</span> 
     </span>
     <span class='ocr_line' id='line_1_69' title="bbox 988 1452 1678 1488; baseline -0.006 0"><span class='ocrx_word' id='word_1_364' title='bbox 988 1455 1145 1488; x_wconf 87' lang='lat' dir='ltr'>dationem</span> <span class='ocrx_word' id='word_1_365' title='bbox 1171 1455 1303 1487; x_wconf 89' lang='lat' dir='ltr'>aliarum</span> <span class='ocrx_word' id='word_1_366' title='bbox 1328 1464 1434 1486; x_wconf 91' lang='lat' dir='ltr'>rerum</span> <span class='ocrx_word' id='word_1_367' title='bbox 1459 1452 1678 1485; x_wconf 86' lang='lat' dir='ltr'>aromatariae.</span> 
     </span>
    </p>

    <p class='ocr_par' dir='ltr' id='par_1_15' title="bbox 986 1506 1729 1818">
     <span class='ocr_line' id='line_1_70' title="bbox 1033 1506 1729 1550; baseline -0.007 -8"><span class='ocrx_word' id='word_1_368' title='bbox 1033 1510 1060 1542; x_wconf 90' lang='lat'>7.</span> <span class='ocrx_word' id='word_1_369' title='bbox 1085 1508 1273 1542; x_wconf 84' lang='lat' dir='ltr'>Aromatarii</span> <span class='ocrx_word' id='word_1_370' title='bbox 1294 1508 1411 1541; x_wconf 88' lang='lat' dir='ltr'>nullam</span> <span class='ocrx_word' id='word_1_371' title='bbox 1437 1518 1567 1550; x_wconf 87' lang='lat' dir='ltr'>prorsus</span> <span class='ocrx_word' id='word_1_372' title='bbox 1595 1506 1729 1538; x_wconf 76' lang='lat' dir='ltr'>amicant</span> 
     </span>
     <span class='ocr_line' id='line_1_71' title="bbox 988 1560 1727 1606; baseline -0.004 -11"><span class='ocrx_word' id='word_1_373' title='bbox 988 1562 1019 1595; x_wconf 88' lang='lat' dir='ltr'>in</span> <span class='ocrx_word' id='word_1_374' title='bbox 1042 1573 1232 1606; x_wconf 88' lang='lat' dir='ltr'>quemquam</span> <span class='ocrx_word' id='word_1_375' title='bbox 1256 1572 1419 1600; x_wconf 80' lang='lat' dir='ltr'>exercere,</span> <span class='ocrx_word' id='word_1_376' title='bbox 1437 1560 1494 1593; x_wconf 86' lang='lat' dir='ltr'>sub</span> <span class='ocrx_word' id='word_1_377' title='bbox 1511 1560 1621 1603; x_wconf 66' lang='lat' dir='ltr'>quovis</span> <span class='ocrx_word' id='word_1_378' title='bbox 1637 1570 1727 1603; x_wconf 84' lang='lat' dir='ltr'>prae-</span> 
     </span>
     <span class='ocr_line' id='line_1_72' title="bbox 988 1613 1728 1655; baseline -0.004 -7"><span class='ocrx_word' id='word_1_379' title='bbox 988 1620 1090 1655; x_wconf 77' lang='lat' dir='ltr'>textu,</span> <span class='ocrx_word' id='word_1_380' title='bbox 1114 1615 1309 1648; x_wconf 81' lang='lat' dir='ltr'>criminalem</span> <span class='ocrx_word' id='word_1_381' title='bbox 1334 1613 1590 1646; x_wconf 84' lang='lat' dir='ltr'>iurisdietionem.</span> <span class='ocrx_word' id='word_1_382' title='bbox 1622 1613 1728 1645; x_wconf 84' lang='lat' dir='ltr'>Proto-</span> 
     </span>
     <span class='ocr_line' id='line_1_73' title="bbox 988 1667 1729 1709; baseline -0.005 -7"><span class='ocrx_word' id='word_1_383' title='bbox 988 1669 1127 1702; x_wconf 87' lang='lat' dir='ltr'>medicus</span> <span class='ocrx_word' id='word_1_384' title='bbox 1162 1674 1266 1701; x_wconf 88' lang='lat' dir='ltr'>autem</span> <span class='ocrx_word' id='word_1_385' title='bbox 1294 1667 1416 1701; x_wconf 87' lang='lat' dir='ltr'>nonnisi</span> <span class='ocrx_word' id='word_1_386' title='bbox 1452 1668 1481 1699; x_wconf 91' lang='lat' dir='ltr'>in</span> <span class='ocrx_word' id='word_1_387' title='bbox 1516 1667 1637 1699; x_wconf 88' lang='lat' dir='ltr'>delictis</span> <span class='ocrx_word' id='word_1_388' title='bbox 1669 1677 1729 1709; x_wconf 88' lang='lat' dir='ltr'>pro</span> 
     </span>
     <span class='ocr_line' id='line_1_74' title="bbox 986 1719 1727 1765; baseline -0.004 -11"><span class='ocrx_word' id='word_1_389' title='bbox 986 1722 1100 1765; x_wconf 89' lang='lat' dir='ltr'>quibus</span> <span class='ocrx_word' id='word_1_390' title='bbox 1114 1722 1213 1754; x_wconf 73' lang='lat' dir='ltr'>veniat</span> <span class='ocrx_word' id='word_1_391' title='bbox 1232 1720 1422 1764; x_wconf 86' lang='lat' dir='ltr'>imponenda</span> <span class='ocrx_word' id='word_1_392' title='bbox 1435 1730 1534 1764; x_wconf 86' lang='lat' dir='ltr'>poena</span> <span class='ocrx_word' id='word_1_393' title='bbox 1548 1719 1727 1763; x_wconf 81' lang='lat' dir='ltr'>pecuniaria</span> 
     </span>
     <span class='ocr_line' id='line_1_75' title="bbox 988 1774 1560 1818; baseline -0.003 -11"><span class='ocrx_word' id='word_1_394' title='bbox 988 1785 1084 1818; x_wconf 89' lang='lat' dir='ltr'>usque</span> <span class='ocrx_word' id='word_1_395' title='bbox 1104 1775 1142 1807; x_wconf 88' lang='lat' dir='ltr'>ad</span> <span class='ocrx_word' id='word_1_396' title='bbox 1159 1785 1271 1807; x_wconf 87' lang='lat' dir='ltr'>aureos</span> <span class='ocrx_word' id='word_1_397' title='bbox 1287 1774 1395 1817; x_wconf 73' lang='lat' dir='ltr'>viginti</span> <span class='ocrx_word' id='word_1_398' title='bbox 1413 1774 1560 1817; x_wconf 88' lang='lat' dir='ltr'>quinque.</span> 
     </span>
    </p>
   </div>
   <div class='ocr_carea' id='block_1_8' title="bbox 1038 1854 1670 1888">
    <p class='ocr_par' dir='ltr' id='par_1_16' title="bbox 1038 1854 1670 1888">
     <span class='ocr_line' id='line_1_76' title="bbox 1038 1854 1670 1888; baseline -0.003 0"><span class='ocrx_word' id='word_1_399' title='bbox 1038 1856 1165 1888; x_wconf 76' lang='lat' dir='ltr'>Poenae</span> <span class='ocrx_word' id='word_1_400' title='bbox 1182 1858 1211 1887; x_wconf 85' lang='lat' dir='ltr'>ct</span> <span class='ocrx_word' id='word_1_401' title='bbox 1227 1854 1395 1887; x_wconf 74' lang='lat' dir='ltr'>clausulae</span> <span class='ocrx_word' id='word_1_402' title='bbox 1412 1854 1670 1888; x_wconf 73' lang='lat' dir='ltr'>Constitutionis.</span> 
     </span>
    </p>
   </div>
   <div class='ocr_carea' id='block_1_9' title="bbox 1031 1933 1925 1979">
    <p class='ocr_par' dir='ltr' id='par_1_17' title="bbox 1031 1933 1925 1979">
     <span class='ocr_line' id='line_1_77' title="bbox 1031 1933 1925 1979; baseline -0.003 -11"><span class='ocrx_word' id='word_1_403' title='bbox 1031 1936 1046 1979; x_wconf 62' lang='lat' dir='ltr'>g</span> <span class='ocrx_word' id='word_1_404' title='bbox 1070 1936 1099 1968; x_wconf 65' lang='lat'>2.</span> <span class='ocrx_word' id='word_1_405' title='bbox 1124 1936 1319 1978; x_wconf 86' lang='lat' dir='ltr'>Quicumque</span> <span class='ocrx_word' id='word_1_406' title='bbox 1345 1945 1419 1968; x_wconf 67' lang='lat' dir='ltr'>vero</span> <span class='ocrx_word' id='word_1_407' title='bbox 1444 1945 1479 1967; x_wconf 74' lang='lat' dir='ltr'>ex</span> <span class='ocrx_word' id='word_1_408' title='bbox 1512 1934 1565 1974; x_wconf 85' lang='lat' dir='ltr'>iis,</span> <span class='ocrx_word' id='word_1_409' title='bbox 1590 1933 1642 1978; x_wconf 90' lang='lat' dir='ltr'>qui</span> <span class='ocrx_word' id='word_1_410' title='bbox 1669 1933 1727 1966; x_wconf 87' lang='lat' dir='ltr'>hae</span> <span class='ocrx_word' id='word_1_411' title='bbox 1742 1958 1925 1979; x_wconf 46' lang='lat' dir='ltr'>Poenarumordi,</span> 
     </span>
    </p>
   </div>
   <div class='ocr_carea' id='block_1_10' title="bbox 1742 1986 1927 2033">
    <p class='ocr_par' dir='ltr' id='par_1_18' title="bbox 1742 1986 1927 2033">
     <span class='ocr_line' id='line_1_78' title="bbox 1742 1986 1927 2016; baseline 0.005 -11"><span class='ocrx_word' id='word_1_412' title='bbox 1742 1988 1800 2016; x_wconf 69' lang='lat' dir='ltr'>natio</span> <span class='ocrx_word' id='word_1_413' title='bbox 1810 1986 1830 2006; x_wconf 85' lang='lat' dir='ltr'>in</span> <span class='ocrx_word' id='word_1_414' title='bbox 1841 1988 1927 2006; x_wconf 75' lang='lat' dir='ltr'>contra-</span> 
     </span>
     <span class='ocr_line' id='line_1_79' title="bbox 1743 2015 1859 2033; baseline -0.009 0"><span class='ocrx_word' id='word_1_415' title='bbox 1743 2015 1859 2033; x_wconf 78' lang='lat' dir='ltr'>venientes.</span> 
     </span>
    </p>
   </div>
   <div class='ocr_carea' id='block_1_11' title="bbox 985 1988 1728 2726">
    <p class='ocr_par' dir='ltr' id='par_1_19' title="bbox 985 1988 1728 2726">
     <span class='ocr_line' id='line_1_80' title="bbox 986 1988 1727 2033; baseline -0.003 -11"><span class='ocrx_word' id='word_1_416' title='bbox 986 1990 1212 2023; x_wconf 84' lang='lat' dir='ltr'>Constitutione</span> <span class='ocrx_word' id='word_1_417' title='bbox 1244 1995 1313 2022; x_wconf 89' lang='lat' dir='ltr'>sunt</span> <span class='ocrx_word' id='word_1_418' title='bbox 1343 1989 1581 2033; x_wconf 79' lang='lat' dir='ltr'>conqn&#39;eliensi,</span> <span class='ocrx_word' id='word_1_419' title='bbox 1610 1988 1727 2031; x_wconf 87' lang='lat' dir='ltr'>aliquid</span> 
     </span>
     <span class='ocr_line' id='line_1_81' title="bbox 986 2043 1728 2087; baseline -0.004 -10"><span class='ocrx_word' id='word_1_420' title='bbox 986 2049 1095 2077; x_wconf 84' lang='lat' dir='ltr'>contra</span> <span class='ocrx_word' id='word_1_421' title='bbox 1122 2043 1293 2087; x_wconf 85' lang='lat' dir='ltr'>praemissa</span> <span class='ocrx_word' id='word_1_422' title='bbox 1319 2053 1372 2076; x_wconf 89' lang='lat' dir='ltr'>cos</span> <span class='ocrx_word' id='word_1_423' title='bbox 1401 2043 1573 2086; x_wconf 70' lang='lat' dir='ltr'>respective</span> <span class='ocrx_word' id='word_1_424' title='bbox 1598 2052 1728 2075; x_wconf 88' lang='lat' dir='ltr'>concer-</span> 
     </span>
     <span class='ocr_line' id='line_1_82' title="bbox 986 2096 1728 2140; baseline -0.004 -10"><span class='ocrx_word' id='word_1_425' title='bbox 986 2097 1106 2137; x_wconf 86' lang='lat' dir='ltr'>nentia,</span> <span class='ocrx_word' id='word_1_426' title='bbox 1136 2097 1167 2129; x_wconf 92' lang='lat' dir='ltr'>in</span> <span class='ocrx_word' id='word_1_427' title='bbox 1194 2096 1309 2140; x_wconf 87' lang='lat' dir='ltr'>quibus</span> <span class='ocrx_word' id='word_1_428' title='bbox 1336 2096 1513 2140; x_wconf 80' lang='lat' dir='ltr'>specialiter</span> <span class='ocrx_word' id='word_1_429' title='bbox 1540 2106 1641 2140; x_wconf 82' lang='lat' dir='ltr'>poena</span> <span class='ocrx_word' id='word_1_430' title='bbox 1665 2105 1728 2128; x_wconf 88' lang='lat' dir='ltr'>non</span> 
     </span>
     <span class='ocr_line' id='line_1_83' title="bbox 986 2148 1726 2192; baseline -0.004 -9"><span class='ocrx_word' id='word_1_431' title='bbox 986 2156 1032 2184; x_wconf 83' lang='lat' dir='ltr'>est</span> <span class='ocrx_word' id='word_1_432' title='bbox 1053 2151 1191 2191; x_wconf 83' lang='lat' dir='ltr'>adiecta,</span> <span class='ocrx_word' id='word_1_433' title='bbox 1212 2149 1445 2190; x_wconf 83' lang='lat' dir='ltr'>commiserint,</span> <span class='ocrx_word' id='word_1_434' title='bbox 1465 2149 1508 2181; x_wconf 89' lang='lat' dir='ltr'>illi</span> <span class='ocrx_word' id='word_1_435' title='bbox 1534 2149 1651 2182; x_wconf 86' lang='lat' dir='ltr'>scilieet</span> <span class='ocrx_word' id='word_1_436' title='bbox 1674 2148 1726 2192; x_wconf 90' lang='lat' dir='ltr'>qui</span> 
     </span>
     <span class='ocr_line' id='line_1_84' title="bbox 986 2202 1727 2247; baseline -0.004 -11"><span class='ocrx_word' id='word_1_437' title='bbox 986 2214 1134 2247; x_wconf 90' lang='lat' dir='ltr'>supremo</span> <span class='ocrx_word' id='word_1_438' title='bbox 1151 2203 1336 2246; x_wconf 72' lang='lat' dir='ltr'>magistratu</span> <span class='ocrx_word' id='word_1_439' title='bbox 1353 2203 1534 2246; x_wconf 74' lang='lat' dir='ltr'>funguntur,</span> <span class='ocrx_word' id='word_1_440' title='bbox 1547 2203 1593 2234; x_wconf 78' lang='lat' dir='ltr'>vel</span> <span class='ocrx_word' id='word_1_441' title='bbox 1611 2202 1670 2234; x_wconf 73' lang='lat' dir='ltr'>alia</span> <span class='ocrx_word' id='word_1_442' title='bbox 1684 2202 1727 2234; x_wconf 89' lang='lat' dir='ltr'>di-</span> 
     </span>
     <span class='ocr_line' id='line_1_85' title="bbox 985 2256 1725 2300; baseline -0.003 -11"><span class='ocrx_word' id='word_1_443' title='bbox 985 2258 1102 2299; x_wconf 75' lang='lat' dir='ltr'>gnitate</span> <span class='ocrx_word' id='word_1_444' title='bbox 1122 2257 1327 2300; x_wconf 73' lang='lat' dir='ltr'>praefulgent,</span> <span class='ocrx_word' id='word_1_445' title='bbox 1349 2256 1571 2298; x_wconf 72' lang='lat' dir='ltr'>indignationis</span> <span class='ocrx_word' id='word_1_446' title='bbox 1591 2260 1725 2293; x_wconf 86' lang='lat' dir='ltr'>nostrae,</span> 
     </span>
     <span class='ocr_line' id='line_1_86' title="bbox 985 2309 1725 2352; baseline -0.004 -9"><span class='ocrx_word' id='word_1_447' title='bbox 985 2315 1015 2343; x_wconf 90' lang='lat' dir='ltr'>et</span> <span class='ocrx_word' id='word_1_448' title='bbox 1032 2310 1163 2343; x_wconf 85' lang='lat' dir='ltr'>Romani</span> <span class='ocrx_word' id='word_1_449' title='bbox 1180 2309 1339 2343; x_wconf 85' lang='lat' dir='ltr'>Pontilicis</span> <span class='ocrx_word' id='word_1_450' title='bbox 1360 2321 1418 2352; x_wconf 84' lang='lat' dir='ltr'>pro</span> <span class='ocrx_word' id='word_1_451' title='bbox 1435 2315 1575 2352; x_wconf 88' lang='lat' dir='ltr'>tempore</span> <span class='ocrx_word' id='word_1_452' title='bbox 1592 2309 1725 2340; x_wconf 71' lang='lat' dir='ltr'>existen-</span> 
     </span>
     <span class='ocr_line' id='line_1_87' title="bbox 986 2361 1726 2406; baseline -0.003 -11"><span class='ocrx_word' id='word_1_453' title='bbox 986 2363 1041 2403; x_wconf 86' lang='lat' dir='ltr'>tis,</span> <span class='ocrx_word' id='word_1_454' title='bbox 1065 2363 1204 2406; x_wconf 88' lang='lat' dir='ltr'>aliasque</span> <span class='ocrx_word' id='word_1_455' title='bbox 1233 2362 1377 2395; x_wconf 90' lang='lat' dir='ltr'>similiter</span> <span class='ocrx_word' id='word_1_456' title='bbox 1401 2361 1532 2394; x_wconf 86' lang='lat' dir='ltr'>arbitrio</span> <span class='ocrx_word' id='word_1_457' title='bbox 1560 2367 1668 2394; x_wconf 82' lang='lat' dir='ltr'>nostro</span> <span class='ocrx_word' id='word_1_458' title='bbox 1696 2367 1726 2394; x_wconf 88' lang='lat' dir='ltr'>et</span> 
     </span>
     <span class='ocr_line' id='line_1_88' title="bbox 985 2415 1726 2458; baseline -0.003 -9"><span class='ocrx_word' id='word_1_459' title='bbox 985 2416 1116 2449; x_wconf 83' lang='lat' dir='ltr'>Romani</span> <span class='ocrx_word' id='word_1_460' title='bbox 1143 2416 1301 2449; x_wconf 82' lang='lat' dir='ltr'>Pontiticis</span> <span class='ocrx_word' id='word_1_461' title='bbox 1325 2415 1510 2458; x_wconf 80' lang='lat' dir='ltr'>infligendas</span> <span class='ocrx_word' id='word_1_462' title='bbox 1526 2425 1661 2458; x_wconf 81' lang='lat' dir='ltr'>poenas3</span> <span class='ocrx_word' id='word_1_463' title='bbox 1679 2426 1726 2447; x_wconf 88' lang='lat' dir='ltr'>ee-</span> 
     </span>
     <span class='ocr_line' id='line_1_89' title="bbox 985 2468 1726 2512; baseline -0.003 -10"><span class='ocrx_word' id='word_1_464' title='bbox 985 2469 1044 2502; x_wconf 86' lang='lat' dir='ltr'>teri</span> <span class='ocrx_word' id='word_1_465' title='bbox 1065 2480 1140 2502; x_wconf 73' lang='lat' dir='ltr'>vero</span> <span class='ocrx_word' id='word_1_466' title='bbox 1161 2480 1281 2509; x_wconf 87' lang='lat' dir='ltr'>omnes,</span> <span class='ocrx_word' id='word_1_467' title='bbox 1299 2469 1380 2501; x_wconf 87' lang='lat' dir='ltr'>ultra</span> <span class='ocrx_word' id='word_1_468' title='bbox 1404 2479 1511 2501; x_wconf 85' lang='lat' dir='ltr'>rerum</span> <span class='ocrx_word' id='word_1_469' title='bbox 1535 2473 1563 2501; x_wconf 89' lang='lat' dir='ltr'>el</span> <span class='ocrx_word' id='word_1_470' title='bbox 1580 2468 1726 2512; x_wconf 87' lang='lat' dir='ltr'>pecunia-</span> 
     </span>
     <span class='ocr_line' id='line_1_90' title="bbox 985 2521 1724 2564; baseline -0.001 -10"><span class='ocrx_word' id='word_1_471' title='bbox 985 2533 1055 2554; x_wconf 91' lang='lat' dir='ltr'>rum</span> <span class='ocrx_word' id='word_1_472' title='bbox 1073 2522 1164 2562; x_wconf 87' lang='lat' dir='ltr'>male,</span> <span class='ocrx_word' id='word_1_473' title='bbox 1182 2521 1328 2562; x_wconf 67' lang='lat' dir='ltr'>indebite,</span> <span class='ocrx_word' id='word_1_474' title='bbox 1345 2522 1392 2554; x_wconf 68' lang='lat' dir='ltr'>rel</span> <span class='ocrx_word' id='word_1_475' title='bbox 1410 2521 1484 2554; x_wconf 80' lang='lat' dir='ltr'>alias</span> <span class='ocrx_word' id='word_1_476' title='bbox 1504 2526 1724 2564; x_wconf 89' lang='lat' dir='ltr'>perceptarum</span> 
     </span>
     <span class='ocr_line' id='line_1_91' title="bbox 986 2574 1723 2618; baseline -0.003 -11"><span class='ocrx_word' id='word_1_477' title='bbox 986 2575 1215 2608; x_wconf 86' lang='lat' dir='ltr'>restitutionem</span> <span class='ocrx_word' id='word_1_478' title='bbox 1226 2602 1233 2615; x_wconf 79' lang='lat'>,</span> <span class='ocrx_word' id='word_1_479' title='bbox 1251 2580 1280 2608; x_wconf 85' lang='lat' dir='ltr'>et</span> <span class='ocrx_word' id='word_1_480' title='bbox 1297 2575 1354 2607; x_wconf 88' lang='lat' dir='ltr'>alia</span> <span class='ocrx_word' id='word_1_481' title='bbox 1371 2574 1501 2615; x_wconf 87' lang='lat' dir='ltr'>damna,</span> <span class='ocrx_word' id='word_1_482' title='bbox 1525 2585 1677 2618; x_wconf 85' lang='lat' dir='ltr'>expensas</span> <span class='ocrx_word' id='word_1_483' title='bbox 1693 2579 1723 2607; x_wconf 88' lang='lat' dir='ltr'>et</span> 
     </span>
     <span class='ocr_line' id='line_1_92' title="bbox 986 2628 1721 2671; baseline 0 -11"><span class='ocrx_word' id='word_1_484' title='bbox 986 2628 1136 2661; x_wconf 83' lang='lat' dir='ltr'>interesse</span> <span class='ocrx_word' id='word_1_485' title='bbox 1160 2628 1211 2671; x_wconf 85' lang='lat' dir='ltr'>(ad</span> <span class='ocrx_word' id='word_1_486' title='bbox 1235 2639 1314 2671; x_wconf 89' lang='lat' dir='ltr'>quae</span> <span class='ocrx_word' id='word_1_487' title='bbox 1339 2628 1478 2669; x_wconf 83' lang='lat' dir='ltr'>omnino,</span> <span class='ocrx_word' id='word_1_488' title='bbox 1495 2633 1558 2661; x_wconf 87' lang='lat' dir='ltr'>tam</span> <span class='ocrx_word' id='word_1_489' title='bbox 1587 2638 1621 2660; x_wconf 83' lang='lat' dir='ltr'>ex</span> <span class='ocrx_word' id='word_1_490' title='bbox 1648 2638 1721 2667; x_wconf 89' lang='lat' dir='ltr'>suo,</span> 
     </span>
     <span class='ocr_line' id='line_1_93' title="bbox 986 2683 1723 2726; baseline 0 -11"><span class='ocrx_word' id='word_1_491' title='bbox 986 2694 1078 2726; x_wconf 88' lang='lat' dir='ltr'>quam</span> <span class='ocrx_word' id='word_1_492' title='bbox 1101 2695 1227 2717; x_wconf 82' lang='lat' dir='ltr'>suorum</span> <span class='ocrx_word' id='word_1_493' title='bbox 1247 2683 1276 2714; x_wconf 90' lang='lat' dir='ltr'>in</span> <span class='ocrx_word' id='word_1_494' title='bbox 1294 2683 1397 2716; x_wconf 71' lang='lat' dir='ltr'>ol&#39;lieio</span> <span class='ocrx_word' id='word_1_495' title='bbox 1418 2683 1614 2716; x_wconf 78' lang='lat' dir='ltr'>existentium</span> <span class='ocrx_word' id='word_1_496' title='bbox 1633 2684 1723 2724; x_wconf 72' lang='lat' dir='ltr'>lacto,</span> 
     </span>
    </p>
   </div>
   <div class='ocr_carea' id='block_1_12' title="bbox 1633 270 1928 304">
    <p class='ocr_par' dir='ltr' id='par_1_20' title="bbox 1633 270 1928 304">
     <span class='ocr_line' id='line_1_94' title="bbox 1633 270 1928 304; baseline 0 -2"><span class='ocrx_word' id='word_1_497' title='bbox 1633 270 1697 301; x_wconf 48' lang='lat' dir='ltr'>‘lou</span> <span class='ocrx_word' id='word_1_498' title='bbox 1744 278 1792 304; x_wconf 72' lang='lat' dir='ltr'>An.</span> <span class='ocrx_word' id='word_1_499' title='bbox 1809 278 1837 303; x_wconf 86' lang='lat' dir='ltr'>c.</span> <span class='ocrx_word' id='word_1_500' title='bbox 1861 277 1928 303; x_wconf 76' lang='lat' dir='ltr'>tet-2</span> 
     </span>
    </p>
   </div>
  </div>
 </body>
</html>
