2293 3231
105 321 156 348 An.
174 319 204 347 C.
223 319 290 347 1616

124 1017 206 1038 provisi
222 1017 247 1038 de
258 1018 294 1038 ha-

110 1044 193 1065 noticiis
222 1049 294 1064 euram

109 1071 226 1091 animarum
259 1076 294 1091 au·

110 1103 184 1118 nexam
197 1097 295 1118 habenti-

111 1125 150 1144 hus
169 1123 247 1144 debent
268 1124 294 1144 ab

111 1150 230 1170 Ordinariis
259 1156 295 1176 ap-

111 1176 204 1203 probari,

140 1653 166 1674 Et
181 1653 200 1674 in
219 1654 298 1675 eisdem

114 1680 216 1701 residere.

155 1918 300 1940 Praeservans

115 1945 232 1970 privilegiis
256 1945 299 1971 epi-

116 1976 181 1996 scopo
187 1971 299 1993 Leodiensi

117 2001 229 2023 concessit,

131 2509 211 2530 ceteris
231 2512 301 2530 autem

116 2536 233 2562 privileg-is
251 2542 301 2557 con-

117 2561 182 2582 cessis
199 2563 301 2585 universi-

117 2589 155 2608 tati
179 2595 219 2610 non
241 2589 301 2612 dero-

119 2617 186 2641 natur.

952 321 1071 345 ratans
1098 321 1116 343 v
1142 321 1188 344 rr,

1062 367 1218 417 ⁴,tunic-iis,
1246 379 1299 410 per
1329 377 1383 399 no>
1410 372 1436 398 et
1472 366 1626 398 Itomanos
1653 363 1816 396 Pontinus

306 367 447 407 tentium,
467 378 632 411 augemusj.
652 369 680 400 in
707 369 834 412 reliquis
853 380 935 403 vero,
955 368 1046 400 salvis

306 431 432 464 semper
456 426 486 454 et
503 421 624 455 intactis
643 422 876 454 remanentibus
901 422 1045 455 omnibus
1062 424 1064 459 ξ

306 478 335 506 et
359 474 491 517 singulis
516 485 611 518 supra
638 485 694 518 per
718 486 780 508 nos
799 475 920 507 statutis
945 479 971 507 et
997 464 1063 507 (η’-ἶ

306 527 428 568 (linaiis,
446 533 473 560 et
499 538 561 561 non
586 529 671 568 alias,
688 528 846 571 praedicta
871 528 999 567 indulta,
1017 533 1042 559 et
1061 529 1062 556 t

308 580 425 613 litteras
448 581 571 613 Martini
590 582 621 618 V,
646 582 730 614 Pauli
753 581 788 621 II,
806 581 881 614 Sixti
908 581 954 619 IV,
973 582 1063 616 Leo-¹·

308 633 355 665 nis
372 634 406 673 X,
424 633 572 665 Hadriani
590 634 637 674 vl,
656 639 685 666 et
705 634 848 676 Gregorii
874 634 941 667 xm
958 644 1046 677 prae·
1062 630 1063 634 ¹

307 687 507 720 decessorum
534 693 774 728 nostrorum,ac
802 688 905 720 onmia
929 693 956 719 et
983 680 1063 719 sin-l

307 740 379 782 gula
396 739 428 772 in
446 740 490 773 eis
504 745 659 781 contenta,
672 751 751 784 quae
765 746 868 773 tamen
888 740 918 772 in
941 740 1045 782 aliquo

308 793 525 836 praesentibus
540 798 655 826 statuto
676 799 703 826 ct
726 792 913 826 ordinationi
930 792 1045 825 nostris

308 855 370 878 non
394 845 608 887 adversantur,
634 847 858 879 confirmamus
883 851 912 878 et
936 846 1064 891 appio-l

309 898 429 941 bamus,
447 910 663 944 quaecumque
681 910 755 933 vero
773 899 930 933 contraria
951 899 997 932 vel
1016 899 1046 931 in
1062 896 1064 915 ²

310 953 414 996 aliquo
431 954 640 997 repugnantia
660 964 853 987 revocamus.

354 1006 369 1049 ξ
393 1005 444 1038 24.
472 1007 621 1039 Volumus
652 1012 756 1039 autem
789 1012 815 1039 et
844 1005 1065 1049 mandamusU

310 1060 394 1103 quod
419 1060 449 1100 ii,
474 1060 587 1103 quibus
613 1060 651 1093 de
674 1060 834 1093 benefieiis
859 1070 967 1092 curam
987 1059 1066 1103 ant-2

311 1124 433 1146 marum
459 1113 657 1154 habentibus,
675 1119 703 1146 et
729 1113 759 1145 in
785 1113 918 1153 civitate,
936 1106 1067 1157 patrias<

311 1169 341 1200 ct
365 1165 501 1199 dioecesi
536 1166 699 1199 Leodiensi
731 1166 992 1205 consistentilms,
1018 1170 1067 1203 utt

309 1218 497 1262 praefertur,
518 1219 680 1262 provisum
706 1218 816 1257 suerit3
841 1228 963 1251 necnon
987 1217 1049 1257 alii,

309 1271 362 1316 qui
387 1271 426 1304 ad
456 1272 608 1304 beneficia
632 1272 764 1305 similem
798 1282 905 1304 curam
931 1271 1049 1303 anima-

309 1336 381 1359 rum
406 1325 562 1366 habentia,
588 1330 616 1359 et
641 1325 672 1358 in
697 1325 843 1358 dominiis
868 1324 987 1357 Alberti
1003 1336 1050 1357 ar-

310 1379 450 1412 chiducis
476 1379 656 1423 praedictis,
681 1380 811 1422 aliisque
835 1379 912 1411 loeis
936 1379 1051 1411 consIs-

310 1432 404 1465 tentia
428 1432 580 1465 nominati
598 1433 721 1474 suerint,
740 1432 777 1465 ad
796 1432 846 1464 illa
863 1442 924 1465 non
941 1431 1052 1464 admit-

313 1490 426 1526 tantur,
443 1485 503 1518 nisi
528 1483 616 1530 priu's
641 1486 679 1518 ab
699 1485 872 1518 OrdinarIis
897 1486 1050 1524 Iocorum,

312 1539 440 1583 praevio
465 1539 606 1572 examine
633 1539 750 1583 absque
768 1550 923 1572 concursu
942 1539 1052 1571 sacien-

313 1592 363 1632 do,
378 1592 493 1625 suerint
509 1593 675 1636 approbati
688 1603 693 1624 :

330 1663 334 1667 ·
358 1646 373 1689 g
397 1645 448 1678 ⁹25.
473 1646 624 1689 Quodque
650 1646 678 1678 in
705 1645 748 1678 eis
774 1645 980 1689 personaliter
1003 1657 1051 1677 re-

315 1699 417 1732 sidere
443 1703 618 1739 teneantur,
636 1709 690 1731 nec
717 1710 748 1731 se
773 1710 810 1732 eo
836 1699 937 1731 minus
963 1710 1053 1731 exeu-

315 1763 383 1785 sare
400 1753 530 1796 possint,
547 1752 631 1796 quod
650 1753 680 1784 in
698 1752 787 1785 dictis
805 1752 1006 1785 universitate
1024 1757 1051 1786 et

313 1807 457 1839 facultate
474 1807 588 1839 artium
606 1807 764 1839 scholares
782 1807 852 1847 sint,
869 1812 920 1839 aut
942 1806 1054 1839 docen—

316 1864 359 1893 tes
380 1870 433 1892 seu
451 1859 605 1902 magistri,
624 1860 670 1892 vel
691 1859 849 1899 officiales,
868 1870 921 1892 seu
938 1864 1052 1891 rector.

359 1913 374 1956 ἓ
398 1912 449 1946 026.
475 1913 533 1945 Per
559 1917 737 1956 praesentes
755 1918 858 1945 autem
880 1923 941 1945 non
959 1913 1054 1946 inten-

315 1966 418 1999 dimus
447 1965 577 2007 indulto,
605 1977 661 2010 per
685 1976 741 1999 nos
771 1966 939 1998 venerabili
965 1967 1052 1999 t'ratri

315 2026 422 2053 nostro
457 2020 654 2053 Ferdinando
686 2020 834 2064 episcopo
869 2011 1052 2061 Leodien'si,

316 2073 496 2106 conserendi
521 2079 604 2106 certa
620 2073 770 2106 beneficia
788 2079 945 2106 reservata
962 2085 1053 2118 prae-

316 2126 416 2159 dictae
448 2126 579 2159 civitatis
612 2131 641 2159 et
677 2126 827 2159 dioecesis
853 2127 1052 2167 Leodiensis,

316 2180 354 2212 ad
371 2185 491 2212 certum
510 2184 632 2222 tempus
649 2190 807 2217 concesso,
821 2185 849 2212 et
864 2180 967 2213 forsan
984 2192 1054 2224 pro-

317 2234 467 2276 rogando,
485 2234 530 2266 vel
557 2233 657 2265 eidem
687 2234 882 2266 Ferdinando
905 2235 1053 2278 episcopo

316 2287 355 2320 de
390 2297 470 2319 novo
507 2286 729 2326 coneedendo,
762 2291 915 2329 quatenus
952 2288 1071 2331 cidem,r

317 2340 485 2384 prorogari
503 2340 549 2371 vel
575 2339 612 2372 de
637 2349 717 2372 novo
739 2339 867 2372 concedi
885 2341 1053 2383 contingat,

317 2394 491 2437 derogare,
525 2405 577 2427 seu
597 2394 669 2427 eius
694 2393 814 2427 indulto
838 2394 1071 2437 pracimlicarc'

317 2448 348 2480 in
372 2447 486 2490 aliquo.
1069 2437 1072 2458 ⁸

361 2502 376 2544 ᾗ
394 2500 445 2534 27.
463 2501 496 2533 ln
521 2500 589 2532 aliis
616 2511 689 2533 vero
715 2500 841 2534 indultis
866 2506 927 2532 tam
945 2500 975 2532 in
994 2501 1071 2543 epi-1

317 2558 445 2597 scopata
462 2553 622 2596 praedicto
647 2553 807 2586 Leodiensi
827 2553 966 2585 eiusdem
986 2553 1071 2585 Fer-¹

317 2606 442 2638 dissandi
467 2606 701 2638 successoribus
726 2606 959 2648 quomodolibet
984 2617 1073 2649 qua—¹

320 2659 458 2699 lificatis,
484 2659 576 2692 etiam
603 2660 630 2692 S.
658 2660 690 2692 it.
717 2660 749 2691 E.
775 2659 994 2699 cardinalibus,
1020 2671 1055 2691 ac

320 2711 407 2745 Sedis
431 2713 625 2756 Apostolieae
657 2713 694 2744 de
724 2713 819 2745 latere
853 2712 980 2755 legatis,
1001 2724 1054 2745 scu

1721 305 1785 339 5375
1832 316 1879 340 An,
1901 314 1927 340 e.
1948 314 2014 341 issuz

1080 428 1276 454 successores
1291 424 1414 453 nostros
1434 416 1652 455 concedendis,
1667 416 1816 449 beneficia

1081 473 1108 505 in
1129 473 1288 505 mensibus
1314 472 1450 505 facultati
1473 471 1598 510 artium,
1625 475 1655 502 ut
1686 469 1820 513 pracser—

1081 532 1139 565 tur,
1158 536 1213 569 per
1230 537 1286 558 nos
1304 524 1467 558 conoessa'
1488 535 1543 568 per
1561 523 1680 556 obitum
1700 526 1817 556 tantum

1080 579 1228 614 vacantia,
1248 579 1376 610 minime
1407 577 1646 621 coniprelicndi,-
1664 586 1720 608 nec
1737 586 1819 608 com-

1079 633 1232 676 prehensa
1250 633 1370 664 censeri
1387 632 1416 664 in
1435 631 1554 664 indulto
1575 630 1716 663 moderni
1742 639 1819 662 nun—

1079 685 1116 717 eii
1137 686 1330 719 Coloniensis
1348 685 1547 717 decernimus
1566 687 1594 717 et
1611 683 1815 715 declaramus.

1124 740 1138 782 ἓ
1162 738 1212 771 2³8.
1240 738 1457 771 Praesentibus
1482 748 1605 781 quoque
1631 736 1746 769 nostris
1762 746 1818 779 per
1856 749 2016 774 cruentam-0

1081 802 1296 836 quascumque
1317 791 1402 827 alias,
1420 791 1512 823 etiam
1535 791 1564 822 in
1585 791 1684 823 t'orma
1703 775 1935 828 131·evis,{¹„ffssii¹f„'l¹‚
1955 781 2018 822 ηἶῗῖζῖἷὶ

1081 849 1109 875 et
1134 844 1191 876 sub
1213 843 1338 876 nomine
1359 854 1500 876 camerae
1518 842 1717 886 apostolicae,
1735 852 1749 873 a
1767 851 1819 873 no·
1835 832 1884 849 'm'

1081 896 1139 933 bis,
1158 908 1211 929 seu
1232 897 1299 929 aliis
1317 896 1465 929 Romanis
1483 895 1684 929 Pontificibus
1702 904 1821 927 succes-

1082 950 1206 983 soribus
1231 951 1357 990 nostris,
1376 962 1429 983 scu
1452 951 1534 983 dicta
1560 950 1649 990 Sede,
1671 950 1717 982 vel
1739 949 1820 981 illius

1083 1004 1192 1047 legatis
1210 1010 1259 1037 aut
1291 1004 1412 1036 nunciis
1431 1015 1488 1047 pro
1507 1010 1648 1047 tempore
1665 1007 1822 1035 emanatas

1083 1057 1211 1097 litteras,
1226 1057 1317 1090 etiam
1344 1057 1496 1100 quaslibet
1516 1057 1677 1099 generales
1696 1056 1742 1088 vel
1757 1065 1824 1098 spe-

1083 1111 1187 1151 ciales,
1200 1112 1292 1144 etiam
1307 1111 1579 1154 derogatoriarum
1599 1109 1824 1152 derogatorias,

1083 1165 1221 1208 aliasque
1246 1165 1438 1197 efficaciores
1457 1169 1486 1196 et
1503 1164 1642 1197 insolitas
1660 1163 1824 1201 clausulas,

1084 1229 1205 1251 necnon
1224 1218 1379 1251 irritantia
1398 1224 1428 1251 et
1445 1218 1503 1250 alia
1517 1217 1642 1251 decreta
1658 1217 1688 1249 in
1705 1227 1737 1250 se
1755 1226 1828 1248 eon-

1084 1273 1227 1312 tinentes,
1249 1278 1276 1305 et
1298 1272 1355 1304 sub
1377 1272 1631 1316 quibuscumque
1656 1270 1825 1303 verborum

1085 1326 1194 1359 formis
1211 1337 1245 1359 ae
1265 1325 1524 1369 expressionibus
1549 1329 1715 1367 conceptas
1740 1323 1827 1355 dero-

1085 1380 1151 1422 gari
1168 1381 1347 1412 nullatenus
1361 1390 1463 1423 posse,
1481 1389 1537 1411 nec
1554 1378 1739 1421 derogatum
1759 1387 1826 1410 cen-

1085 1434 1157 1472 seri,
1175 1434 1234 1466 nisi
1255 1433 1436 1466 earumdem
1455 1432 1666 1476 praesentium
1682 1436 1771 1463 tenor
1788 1430 1825 1462 ds-

1086 1487 1181 1520 vcrbo
1206 1487 1243 1519 ad
1270 1487 1419 1526 verbum,
1449 1486 1525 1518 nihil
1550 1485 1674 1529 penitus
1699 1485 1825 1521 omisso,

1086 1540 1230 1578 insertus,
1251 1550 1286 1572 ac
1305 1550 1421 1582 urgens
1441 1544 1469 1571 et
1487 1539 1644 1571 sufficiens
1668 1548 1760 1571 causa
1778 1548 1827 1570 ex-

1087 1603 1213 1636 pressa,
1247 1598 1275 1625 et
1308 1603 1363 1636 per
1388 1593 1484 1625 trinas
1514 1592 1675 1624 distinctas
1706 1591 1826 1623 litteras

1087 1646 1209 1679 illarum
1228 1651 1369 1678 tenorem
1384 1645 1588 1685 continentes,
1604 1645 1706 1677 tribus
1722 1644 1827 1676 distin-

1086 1699 1143 1731 ctis
1167 1699 1306 1737 vicibus,
1332 1709 1402 1731 cum
1429 1698 1523 1730 trium
1556 1697 1710 1730 mensium
1736 1697 1828 1729 inter-

1088 1753 1177 1792 vallo,
1196 1752 1373 1796 praedictae
1398 1751 1593 1784 universitati
1619 1750 1757 1793 legitime
1784 1750 1827 1782 In-

1088 1806 1193 1839 timata
1219 1810 1248 1840 ct
1273 1805 1437 1845 insinuata,
1454 1816 1488 1837 ae
1506 1804 1724 1847 derogationes
1741 1803 1827 1847 ipsae

1088 1865 1173 1891 motu
1191 1865 1217 1892 et
1244 1858 1372 1891 seientia
1399 1858 1553 1891 similibus
1578 1859 1674 1891 sactae
1702 1857 1826 1897 suerint,

1087 1918 1295 1956 appareatque
1316 1913 1490 1944 Romanum
1510 1911 1691 1944 Pontificem
1707 1910 1766 1942 illis
1779 1922 1827 1943 ex—

1088 1977 1194 2010 presse
1213 1966 1366 2009 derogare
1384 1965 1536 2005 voluisse,
1551 1970 1577 1997 et
1593 1964 1668 1997 alias
1681 1975 1739 2008 pro
1754 1970 1828 1996 tem-

1088 2030 1165 2063 pore
1190 2020 1285 2052 l'actas
1315 2019 1534 2061 derogationes
1561 2018 1677 2051 nullius
1703 2017 1826 2050 roboris

1088 2073 1133 2105 vel
1155 2072 1306 2105 momenti
1324 2073 1399 2112 sore,
1417 2077 1443 2104 et
1464 2071 1579 2104 nemini
1598 2070 1774 2113 suffragari,
1792 2082 1826 2103 ae

1088 2138 1144 2170 pro
1159 2126 1279 2159 inseetis
1294 2131 1320 2157 et
1336 2136 1397 2158 non
1411 2125 1568 2158 concessis
1583 2125 1691 2157 haberi
1702 2124 1825 2161 debere;

1088 2180 1234 2224 ipsasque.
1259 2184 1439 2222 praesentes
1458 2179 1575 2211 litteras
1599 2178 1637 2210 de
1654 2177 1828 2220 subreptio-

1087 2233 1134 2265 nis
1155 2233 1200 2265 vel
1228 2232 1421 2276 obreptionis
1450 2231 1540 2271 vitio,
1569 2237 1622 2263 aut
1646 2230 1827 2263 intentionis

1087 2291 1211 2318 nostrae
1234 2285 1278 2317 vel
1305 2285 1365 2317 alio
1383 2285 1495 2327 quovis
1516 2284 1648 2323 defectu,
1664 2294 1699 2315 ex
1718 2283 1826 2326 quavis

1088 2340 1180 2371 eausa
1199 2338 1310 2373 notari„
1322 2337 1512 2380 impugnari,
1528 2337 1572 2368 vel
1588 2336 1761 2375 invalidari,
1775 2341 1824 2367 aut

1088 2392 1125 2424 ad
1151 2391 1302 2424 terminos
1328 2391 1403 2423 iuris
1427 2390 1544 2425 reduci.
1562 2400 1616 2421 scu
1642 2390 1671 2420 in
1697 2389 1754 2424 ius,
1780 2389 1826 2421 vel

1088 2444 1334 2477 controversiam
1351 2443 1501 2479 revocari,
1514 2443 1678 2485 minusque
1691 2441 1748 2474 sub
1762 2441 1829 2484 qui-

1088 2496 1192 2529 busvis
1210 2495 1359 2528 similium
1379 2496 1425 2527 vel
1443 2495 1640 2527 dissimilium
1655 2495 1827 2537 gratiarum

1090 2550 1354 2588 revocationibus,
1383 2549 1652 2592 suspensionibus,
1673 2548 1829 2581 limitatio-

1089 2604 1190 2639 nibus,
1209 2609 1257 2635 ant
1285 2603 1351 2634 aliis
1369 2603 1536 2635 contrariis
1558 2602 1828 2645 dispositionibus,

1090 2657 1217 2689 minime
1243 2656 1466 2699 1⁷·‹1mpreliendi
1492 2666 1600 2699 posse,
1626 2655 1679 2688 sed
1705 2666 1827 2698 semper

1126 2721 1135 2746 1
1157 2720 1254 2746 Forsan
1270 2718 1413 2752 legendnm
1430 2718 1565 2745 confessis
1580 2719 1617 2752 (a.
1635 2719 1682 2752 T.).
