2293 3231
39 296 90 325 An.
107 295 134 322 C.
158 293 224 323 1612

883 293 1003 319 PAULUS
1021 293 1039 317 V
1059 294 1106 318 PP.

279 342 328 376 19.
344 341 405 374 Pro
417 341 558 385 quolibet
573 345 737 385 sequestro
751 346 838 374 extra
854 341 974 375 curiam

234 405 306 429 eum
323 394 408 428 illius
426 394 638 428 instrumento
656 394 722 428 iulii
738 394 929 439 quindecim.

277 447 329 482 20.
360 448 421 482 Pro
445 448 655 482 instrumento
679 447 889 482 revocationis
921 458 976 481 scu

235 500 436 535 relaxationis
460 501 639 545 sequestri,
668 501 734 534 iulii
759 505 878 545 septem
904 511 976 535 cum

235 554 375 588 dimidio.

279 607 331 641 2⁴1.
351 607 413 642 Pro
435 607 605 641 monitorio
625 607 750 652 poenali
775 608 806 640 in
830 612 976 640 eventum

237 660 382 695 citatorio
399 665 487 694 extra
504 661 636 702 curiam,
653 660 720 694 iulii
740 660 929 705 quindecim.

282 714 334 748 22.
363 714 424 748 Pro
453 714 565 749 litteris
590 714 922 749 excommunicationis
946 713 978 746 in

239 767 327 802 curia
351 767 392 801 ob
416 778 479 801 non
499 768 634 801 solutam
651 767 830 801 mercedem
847 767 978 808 notarii,

238 822 288 856 vel
320 821 411 863 alias,
436 821 594 856 bononeni
626 821 875 865 trigintaseptem
907 831 979 855 cum

240 874 382 909 dimidio.

284 927 337 962 23.
361 928 421 962 Pro
446 927 593 962 mandato
616 927 655 962 de
675 928 867 973 reportando
897 928 981 972 regi-

240 986 353 1023 strum,
370 986 453 1022 acta,
471 982 519 1015 vel
534 992 716 1026 processus,
733 992 789 1015 seu
804 981 843 1015 de
859 981 983 1026 perqui-

241 1034 356 1075 rendo,
381 1034 448 1067 iulii
472 1039 608 1079 quatuor
631 1046 704 1068 cum
729 1035 869 1068 dimidio.

285 1087 338 1122 24.
363 1089 423 1123 Pro
447 1090 523 1122 nota
546 1089 719 1122 sententiae
741 1088 923 1122 diffinitivae
950 1088 982 1121 in

241 1142 346 1187 prima
363 1142 521 1184 instantia,
534 1142 603 1176 iulii
630 1142 882 1187 trigintaseptem
911 1154 982 1176 cum

242 1195 383 1236 dimidio;
916 1199 921 1204 '

286 1248 339 1283 25.
358 1249 392 1282 In
408 1249 546 1283 secunda
562 1249 720 1290 instantia,
738 1249 806 1283 iulii
822 1249 961 1293 triginta3

287 1302 340 1336 26.
358 1303 391 1336 ln
409 1303 502 1337 tertia
527 1303 693 1344 instantia,
718 1303 785 1337 iulii
809 1303 984 1347 vigintiduo

244 1367 316 1390 cum
333 1356 474 1390 dimidio.

288 1409 340 1444 27.
360 1411 421 1444 Pro
445 1410 654 1444 instrumento
678 1411 850 1444 sententiae
873 1411 986 1444 diffini-

246 1464 343 1505 tivae,
361 1463 428 1497 iulii
445 1463 635 1507 quindecim.

289 1516 342 1551 28.
360 1518 421 1551 Pro
436 1517 648 1552 instrumento
667 1517 850 1552 diffinitivae
866 1523 986 1557 senten-

247 1571 308 1605 tiae
333 1581 405 1604 cum
427 1570 584 1604 taxatione
608 1581 835 1615 expensarum,
853 1571 922 1606 iulii
946 1573 987 1606 vi-

247 1625 393 1669 gintiduo
415 1636 487 1659 cum
507 1624 648 1659 dimidio.

291 1678 343 1713 29.
368 1678 429 1711 Pro
453 1678 663 1712 instrumento
688 1679 854 1713 taxationis
878 1691 989 1725 expcn-

247 1742 354 1766 sarum
374 1731 412 1765 ad
437 1736 578 1776 partem,
600 1732 668 1766 iulii
693 1738 814 1777 septem
843 1744 915 1767 eum
946 1735 989 1768 di-

248 1785 355 1820 midio.

292 1839 344 1874 30.
364 1840 423 1874 Pro
440 1841 515 1875 nota
531 1840 703 1875 sententiae
722 1841 989 1883 interlocutoriae,

249 1894 337 1929 nihil.

292 1949 344 1983 31.
362 1949 423 1982 Pro
438 1948 550 1983 litteris
563 1948 851 1993 exequutorialihus
865 1950 929 1983 sive
942 1961 991 1985 eo-

249 2001 339 2036 rum⁴
356 2002 567 2036 instrumento
584 2003 681 2046 (ultra
696 2003 874 2047 depositum
891 2010 991 2039 scuto-

249 2067 322 2091 rum
352 2062 488 2101 quatuor
516 2068 589 2091 cum
615 2057 746 2092 dimidio
771 2064 992 2103 excomputan-

250 2112 327 2145 dum
356 2116 464 2155 postea
493 2111 525 2145 in
552 2111 699 2146 mercede
733 2113 898 2156 registri),
923 2113 990 2147 iulii

251 2164 442 2209 quindecim.

295 2217 347 2252 32.
377 2218 437 2252 Pro
464 2220 540 2251 nota
566 2218 738 2252 sententiae
766 2218 991 2254 declaratoriae

253 2272 361 2316 vigore
373 2271 547 2313 monitorii‚
563 2272 612 2305 vel
627 2272 805 2306 litterarum
825 2279 992 2318 exequuto-

252 2324 389 2366 rialinm,
406 2324 473 2358 iulii
489 2329 610 2368 septem
627 2335 700 2358 cum
718 2325 858 2359 dimidio.

296 2377 348 2412 33.
365 2378 426 2412 Pro
442 2377 653 2412 instrumento
670 2379 842 2412 sententiae
858 2379 994 2414 declara-

254 2431 367 2473 loriae,
383 2431 451 2465 iulii
467 2431 658 2476 quindecim.

297 2484 349 2519 34.
375 2485 435 2519 Pro
462 2485 674 2520 instrumento
701 2486 932 2530 aggravationis
955 2487 994 2521 ad

254 2543 393 2583 partem,
417 2538 485 2572 iulii
509 2539 699 2583 quindecim.

297 2590 350 2626 35.
367 2592 427 2625 Pro
444 2592 654 2626 instrumento
670 2594 938 2637 reaggravationis
955 2594 994 2627 ad

255 2649 388 2690 partem,
404 2645 471 2678 iulii
487 2645 678 2690 quindecim.

293 2708 305 2736 1
326 2707 377 2736 Vel
394 2707 484 2746 potius
501 2708 564 2746 lege
582 2716 686 2739 earum
705 2711 743 2746 (n.
760 2709 808 2746 τ.).

1656 282 1713 317 1-27

1052 341 1103 375 36.
1127 341 1186 374 Pro
1212 341 1421 375 instrumento
1444 340 1601 374 interdicti
1624 340 1662 373 ad
1684 351 1750 384 par-

1009 402 1083 436 tem,
1102 396 1167 429 iulii
1186 396 1376 439 quindecim.

1053 448 1104 481 37.
1135 449 1194 482 Pro
1223 448 1431 482 instrumento
1456 448 1577 481 brachii
1600 448 1751 481 secularis

1010 513 1066 546 per
1082 512 1115 535 se
1132 508 1161 535 ct
1178 502 1364 546 simpliciter
1379 502 1498 546 absque
1522 501 1732 535 declaratione
1744 528 1751 541 ,

1011 554 1077 588 iulii
1094 555 1232 597 triginta.

1054 606 1105 640 38.
1124 607 1184 641 Pro
1203 607 1412 641 instrumento
1429 607 1636 640 absolutionis
1649 606 1688 639 ab
1704 617 1752 639 ex-

1011 661 1308 695 communicationis
1332 661 1485 694 sententia
1498 688 1505 701 ,
1523 661 1587 694 sive
1609 661 1753 694 commis-

1012 715 1109 748 sionis
1140 715 1280 748 eiusdem
1313 714 1519 748 absolutionis
1549 714 1579 746 in
1612 714 1753 758 partibus

1012 767 1181 808 faciendae,
1194 767 1315 800 etiamsi
1330 767 1444 801 suerint
1457 767 1573 811 plures,
1591 767 1655 800 sive
1672 777 1754 800 com—

1013 820 1159 860 munitas,
1176 820 1359 864 capitulum,
1380 825 1432 852 aut
1449 820 1628 863 collegium,
1653 819 1684 852 in
1706 821 1755 853 ezi—

1014 873 1086 907 dem
1122 875 1216 907 eausa
1251 877 1281 907 et
1312 873 1508 917 expeditione
1523 900 1530 914 ,
1565 873 1631 906 iulii
1663 873 1754 917 quin-

1015 927 1126 961 decim.

1059 980 1110 1014 39.
1128 981 1189 1014 Pro
1209 980 1357 1014 mandato
1374 979 1562 1024 exequutivo
1582 980 1756 1013 cuiuscum-

1015 1045 1076 1078 que
1093 1044 1246 1075 smnmae,
1263 1034 1330 1067 iulii
1348 1033 1485 1077 triginta.

1060 1087 1112 1121 40.
1138 1087 1198 1121 Pro
1222 1087 1368 1121 mandato
1389 1087 1428 1120 de
1444 1087 1692 1127 manutenendo,
1712 1098 1757 1120 re—

1017 1141 1203 1185 integrando
1215 1169 1223 1183 ,
1239 1142 1304 1175 sive
1328 1142 1366 1175 dc
1387 1142 1602 1183 immittendo,
1620 1141 1685 1175 iulii
1703 1142 1757 1176 tri-

1018 1196 1115 1240 ginta3

1062 1249 1114 1283 41.
1134 1249 1172 1283 Et
1187 1250 1212 1283 si
1229 1250 1344 1284 dentur
1359 1260 1422 1283 non
1440 1250 1581 1284 confecto
1605 1250 1758 1293 registro,

1018 1302 1109 1337 liceat
1133 1303 1259 1346 exigere
1282 1303 1460 1347 depositum
1483 1313 1542 1347 pro
1567 1303 1648 1336 soliis
1672 1303 1760 1346 quin-

1018 1357 1169 1401 quaginta
1199 1356 1496 1401 excomputanduni,
1528 1361 1561 1389 ut
1593 1367 1698 1401 supra,
1730 1356 1760 1389 in

1019 1411 1164 1444 mercede
1181 1411 1319 1454 registri.

1063 1464 1114 1498 42.
1132 1465 1193 1499 Pro
1207 1465 1418 1499 instrumento
1432 1465 1583 1499 cessionis
1596 1465 1684 1506 iuris,
1698 1465 1760 1498 litis

1020 1523 1050 1552 et
1066 1528 1189 1559 causae,
1205 1518 1270 1552 sive
1287 1519 1349 1552 litis
1366 1524 1397 1552 et
1413 1529 1525 1552 causae
1545 1519 1715 1559 dumtaxat,
1735 1519 1760 1552 si

1020 1573 1204 1606 extrahatur
1221 1573 1414 1607 coniunctim
1432 1573 1480 1606 vel
1497 1573 1678 1617 separatim,
1696 1572 1761 1605 iulii

1020 1630 1141 1670 septem
1158 1636 1231 1659 cum
1248 1626 1388 1660 dimidio.

1065 1679 1116 1713 43.
1152 1681 1212 1713 Pro
1244 1682 1318 1714 nota
1341 1691 1396 1713 seu
1424 1680 1530 1723 rogitu
1559 1680 1760 1714 instrumenti

1022 1734 1204 1767 huiusmodi
1218 1733 1380 1775 cessionis,
1393 1734 1551 1767 bononeni
1569 1734 1763 1778 trigintasep-

1023 1792 1086 1821 tem
1112 1798 1184 1821 cum
1209 1787 1355 1828 dimidio,
1385 1787 1527 1820 videlicet
1550 1788 1676 1831 quando
1700 1798 1763 1821 non

1023 1841 1198 1875 extrahitur
1222 1842 1484 1881 instrumentum3
1502 1841 1556 1874 sed
1576 1841 1601 1874 si
1624 1842 1765 1874 extraha-

1023 1899 1091 1935 tur,
1109 1899 1184 1928 tunc
1207 1895 1239 1928 in
1262 1895 1453 1928 extractione
1473 1895 1546 1928 dicti
1564 1895 1763 1928 instrumenti

1023 1937 1195 1982 deialcatur
1211 1949 1294 1982 dicta
1311 1960 1434 1982 summa
1456 1949 1696 1983 bononenorum
1715 1951 1765 1983 tri-

1024 2003 1232 2047 gintaseptem
1250 2014 1322 2037 cum
1338 2003 1479 2036 dimidio.

1068 2057 1120 2090 44.
1135 2058 1195 2091 Pro
1209 2058 1419 2090 instrumento
1431 2068 1598 2101 processus
1616 2058 1766 2102 subroga—

1023 2111 1118 2145 tionis
1134 2111 1165 2144 in
1182 2111 1251 2144 iure
1268 2111 1415 2151 cuiusvis,
1432 2111 1500 2144 iulii
1519 2112 1709 2155 quindecim.

1068 2164 1120 2198 45.
1138 2165 1199 2198 Pro
1217 2164 1359 2197 examine
1383 2164 1472 2197 testis
1491 2164 1522 2196 in
1538 2165 1633 2198 domo
1651 2165 1765 2198 notarii

1024 2218 1119 2251 iurati
1142 2228 1250 2251 coram
1272 2217 1421 2258 domino,
1445 2217 1601 2251 bononeni
1627 2217 1766 2260 triginta-

1024 2277 1145 2316 septem
1162 2282 1233 2305 cum
1254 2271 1394 2311 dimidio3

1069 2325 1121 2358 46.
1140 2326 1234 2359 Extra
1249 2325 1379 2358 domum
1405 2325 1452 2357 vel
1476 2325 1616 2358 officium
1634 2326 1765 2366 notarii,

1026 2379 1093 2412 iulii
1110 2384 1230 2422 septem
1247 2389 1319 2411 cum
1337 2378 1477 2417 dimidio;

1070 2432 1122 2464 47.
1136 2432 1176 2464 Et
1190 2431 1215 2464 si
1232 2431 1354 2465 articuli
1372 2431 1521 2464 excedant
1539 2442 1709 2465 numerum
1727 2433 1767 2465 vi-

1026 2485 1246 2528 gintiquinque
1260 2511 1267 2525 ‚
1292 2489 1322 2517 et
1348 2484 1592 2527 interrogatoria
1617 2485 1745 2528 triginta
1759 2513 1766 2525 ‚

1027 2540 1179 2572 habeatur
1196 2539 1276 2572 ratio
1293 2538 1516 2572 excessivitatis
1530 2539 1613 2572 iuxta
1626 2539 1766 2573 laborem

1026 2592 1151 2625 notarii.

1071 2644 1122 2678 48.
1152 2644 1212 2678 Pro
1241 2644 1339 2688 copiis
1368 2644 1494 2678 testium
1517 2644 1767 2689 publicatorum,

1029 2698 1092 2732 sive
1113 2698 1145 2732 in
1160 2698 1302 2743 partibus
1332 2698 1397 2732 sive
1417 2698 1450 2732 in
1472 2699 1560 2732 curia
1582 2699 1769 2734 examinato-

1761 293 1812 318 Αιι.
1828 292 1856 318 C.
1881 290 1945 317 ¹612
