2293 3231
70 278 123 307 An.
141 277 168 305 C.
191 277 259 305 1612

907 280 1024 306 PAULUS
1050 282 1069 305 V
1094 282 1140 306 PP.

270 335 344 358 mim
376 335 391 357 a
418 324 467 358 die
503 327 769 360 accomodationis
805 339 1010 371 reeuperare,

269 378 418 421 alioquin,
436 378 481 410 eis
498 379 545 410 vel
570 379 674 423 aliquo
694 391 802 413 eorum
829 381 1009 424 deperditis,

270 430 322 463 itta
346 431 410 463 suis
435 431 611 474 sumptibus
637 434 766 465 reticere
793 438 963 466 teneantur.

313 482 364 515 34.
383 483 416 515 ln
433 484 628 516 notariorum
646 485 756 517 officiis
778 496 840 518 non
859 486 1010 529 recipian—

270 540 320 568 tur
333 535 501 576 substituti,
516 537 646 577 scribae,
665 537 800 577 invenes,
816 539 862 570 vel
881 539 930 570 :ilii
945 539 1009 582 qui-

269 598 402 631 cumque
434 588 473 620 ad
510 594 602 621 testes
639 591 882 627 examinandos,
908 602 1007 634 neque

268 640 307 673 ad
325 641 519 674 conficienda
542 647 610 674 aeta
633 642 734 675 civilia
752 648 801 675 aut
824 643 1007 681 criminalia,

268 693 326 726 nisi
351 694 403 737 qui
428 693 518 738 prius
542 694 674 735 suerint,
705 700 767 727 tam
799 697 900 739 quoad
926 697 1025 729 susti-³

269 746 415 779 cientiam
439 757 498 790 pro
523 757 652 780 munere
678 748 715 780 ab
740 749 784 781 eis
809 749 1006 787 exercendo,

268 809 361 843 quam
375 799 477 843 quoad
495 800 573 833 vitae
591 800 792 844 probitatem,
807 813 823 833 a
843 801 1006 845 superiore
1023 800 1025 807 '

267 852 433 886 tribunalis
457 853 634 897 approbati.

311 905 362 939 35.
376 906 422 939 Ad
435 906 611 949 rogandum
629 917 703 940 vero
723 908 876 951 quaelibet
897 908 1008 940 instru-

267 964 382 999 menta,
408 964 614 1000 testamenta,
640 966 669 993 et
693 961 768 993 alias
792 971 1024 1004 quaseumquei

266 1012 510 1056 dispositiones,
535 1017 597 1045 tam
632 1013 713 1046 inter
746 1013 831 1046 vivos
855 1024 948 1057 quam
974 1013 1005 1046 in

266 1065 377 1098 ultima
401 1065 558 1099 voluntate
573 1093 580 1107 ,
605 1076 667 1100 non
692 1066 919 1107 admittantur,
946 1066 1004 1099 nisi

266 1119 395 1162 praevio
408 1119 555 1162 rigoroso
571 1120 712 1153 examine
733 1120 792 1153 sint
806 1120 894 1164 prius
909 1120 1004 1153 creati

264 1172 378 1205 notarii
403 1172 442 1205 ab
466 1172 599 1206 habente
624 1173 819 1214 facultatem;
845 1183 945 1217 neque
963 1178 1005 1206 ta-

265 1236 338 1258 men
362 1230 531 1270 propterea
548 1227 617 1260 talis
635 1227 824 1271 approbatio
849 1227 1005 1271 principa-

264 1280 326 1313 lem
340 1281 497 1314 notarium
514 1281 578 1313 sive
598 1281 761 1314 officialem
779 1286 914 1319 exeuset,
931 1292 1005 1325 quo-

265 1334 377 1375 minus,
392 1334 416 1367 si
431 1334 504 1378 quid
523 1336 734 1378 praefatormn
752 1336 844 1379 eulpa
859 1336 905 1367 rel
924 1336 1003 1368 sarto

264 1392 368 1425 minus
391 1397 475 1425 reete
501 1396 623 1435 gestum
656 1391 764 1429 suerit,
791 1391 848 1435 ipsi
875 1391 1003 1423 omnino

264 1445 377 1479 notarii
402 1450 581 1485 teneantur,
607 1450 700 1488 prout
726 1445 822 1477 teneri
849 1445 1002 1485 volumus,

264 1500 302 1533 ad
326 1500 449 1540 damna,
467 1510 619 1543 expensas
640 1504 667 1531 et
686 1499 836 1531 interesse
862 1498 1002 1542 partibus

263 1553 412 1586 damnum
437 1553 544 1597 passis.

306 1606 358 1639 36.
383 1606 503 1640 Notarii
520 1615 583 1638 non
600 1606 730 1638 audemit
756 1615 866 1648 rogare
885 1605 931 1637 vel
954 1605 1003 1637 sti-

263 1661 365 1705 pulari
379 1660 587 1703 obligationes
604 1659 722 1703 aliquas
736 1659 798 1691 sive
813 1664 1001 1695 contractus,

262 1714 356 1747 etiam
380 1713 468 1758 parvi
486 1712 656 1752 momenti,
672 1713 731 1745 nisi
753 1713 798 1745 vel
818 1713 1002 1745 conti-atien-

261 1774 308 1801 tes
332 1767 417 1811 ipsos
441 1766 556 1800 notarii
590 1767 668 1799 bene
701 1766 866 1801 nox-erint,
892 1767 938 1798 vel
963 1766 1001 1798 ab

261 1831 324 1854 uno
348 1821 457 1854 saltem
481 1831 518 1853 ex
552 1820 704 1860 testibus,
729 1831 799 1852 cum
826 1820 1001 1853 iuramento

261 1874 427 1915 adhibitis,
453 1873 595 1916 cognitos
619 1884 686 1906 esse
711 1873 820 1914 sciant,
846 1878 1000 1917 testesque

260 1929 423 1974 praedicti,
449 1933 501 1961 aut
524 1938 604 1961 unus
623 1939 754 1969 eorum,
780 1929 1001 1961 contrahentes

260 1988 295 2016 ut
317 1993 414 2027 supra
437 1987 710 2026 recognoscentes,
727 1982 790 2015 noti
812 1982 870 2014 sint
891 1982 1000 2014 iisdem

259 2036 411 2076 notariis3
429 2041 457 2068 et
474 2036 680 2069 nihilominus
698 2036 727 2068 in
752 2036 1000 2079 qnihnsemuque

261 2088 494 2128 contractibUS,
518 2089 600 2121 ultra
625 2099 739 2121 nomen
771 2093 797 2121 et
825 2099 1000 2131 cognomen

261 2142 425 2176 cuiuslibet,
439 2142 701 2182 contrahentium,
716 2147 894 2185 apponatur
907 2142 999 2175 etiam

261 2196 372 2240 patria,
397 2201 424 2228 et
450 2205 566 2228 nomen
590 2195 704 2239 patris,
729 2200 778 2227 aut
805 2196 864 2228 alia
889 2195 999 2229 similis

260 2249 503 2286 demonstratio;
522 2253 613 2292 atque
633 2248 670 2281 de
696 2249 873 2281 huiusmodi
895 2249 1000 2291 cogni-

260 2304 344 2337 tione
359 2303 476 2336 mentio
490 2303 541 2335 fiat
559 2303 590 2335 in
607 2303 831 2341 instrumen103
849 2303 998 2346 alioquin,

260 2358 342 2390 ultra
365 2368 483 2401 poenas
518 2357 598 2389 infra
633 2356 803 2392 subiectas,
837 2361 999 2389 teneantur

260 2410 353 2443 etiam
366 2410 508 2454 partibus
524 2410 562 2443 ad
579 2409 683 2443 onmia
706 2409 828 2449 damna,
848 2419 999 2452 expensas

260 2469 290 2497 et
312 2464 480 2504 interesse,
504 2474 606 2507 neque
638 2474 695 2506 per
718 2463 777 2495 boc
813 2462 997 2505 derogatum

260 2522 424 2550 censeatur
447 2516 568 2550 statutis
597 2516 746 2548 maiorem
773 2515 803 2547 in
835 2516 998 2559 proposito

260 2570 490 2603 solemnitatem
526 2570 574 2602 rel
610 2569 803 2611 diligentiam
836 2569 998 2611 requiren-

260 2623 352 2656 tibus.

305 2675 357 2710 37.
382 2675 590 2709 prohibemus
614 2675 744 2720 insuper
775 2685 813 2707 ne
846 2675 876 2707 in
910 2675 999 2708 istru-

343 2738 422 2766 Bult.
442 2738 526 2765 Rom.
547 2753 580 2758 -
598 2738 657 2765 Vol.
672 2738 739 2766 XII.
918 2737 953 2765 12

1709 276 1750 310 89

1026 330 1176 370 tmentis,
1203 331 1416 367 testamentis,
1452 337 1478 364 et
1513 332 1580 365 aliis
1605 332 1724 365 actibus
1748 333 1778 366 in

1026 378 1155 424 'quibus
1174 386 1266 415 testes
1285 384 1504 426 rmuiruntnr,
1522 385 1715 417 notariorum
1734 397 1780 418 so-

1026 435 1092 479 ivii,
1118 436 1285 473 substituti,
1307 442 1332 468 et
1360 437 1410 468 :ilii
1437 438 1466 469 in
1492 438 1594 471 otta-io
1621 438 1702 470 iltius
1727 450 1779 471 no-

1025 487 1111 524 *juni-ii
1137 488 1187 530 qui
1219 494 1348 530 rogatui·
1378 490 1525 532 degentes
1555 491 1777 529 admittantur,

1025 540 1094 586 ¹sed
1113 540 1190 572 :dios
1214 541 1356 573 adbiberi
1382 543 1509 575 onmino
1534 544 1726 577 mandai‘nns.

1025 592 1026 607 ¹
1085 592 1135 624 538.
1162 593 1329 625 Disdifflam
1356 596 1511 628 societatis
1536 597 1628 629 ottieii
1656 603 1778 630 tenean-

1024 645 1092 695 {tnr
1116 647 1227 678 notarii
1253 657 1313 679 non
1340 649 1439 680 solum
1466 650 1496 682 in
1522 650 1657 682 manuali
1684 651 1778 693 regis-

1042 702 1134 735 trare,
1160 699 1213 730 sed
1239 699 1330 732 etiam
1358 701 1387 732 in
1413 703 1554 744 margine
1581 703 1777 736 instrumenti

1041 750 1196 783 societatis
1221 758 1370 785 annotare
1397 754 1444 786 liis
1470 755 1590 795 verbis,
1617 756 1775 788 videlieet:

1040 803 1100 835 Die
1126 804 1187 836 tali
1209 804 1358 846 ctisdicm,
1379 811 1406 839 et
1426 807 1478 839 die
1497 808 1556 840 tali
1572 809 1775 852 reproductoe

1041 865 1141 899 neque
1166 856 1234 888 talis
1261 858 1461 901 reproduetio
1486 859 1634 892 disdietae
1656 861 1687 892 in
1700 861 1776 893 actis

1040 909 1167 941 alterius
1198 910 1311 942 notarii
1337 911 1374 942 de
1399 912 1545 946 sot-ietate
1581 923 1643 946 non
1675 914 1775 956 rogati

1040 961 1107 993 lieri
1133 963 1241 1005 possit,
1265 974 1365 1007 neque
1390 964 1469 997 sacta
1493 965 1692 1008 suffragetur,
1716 967 1775 999 nisi

1039 1015 1164 1057 quando
1189 1021 1367 1049 contractus
1385 1017 1542 1050 societatis
1559 1023 1645 1050 extra
1660 1018 1775 1051 Urbem

1039 1072 1083 1100 est
1110 1073 1254 1111 rogatus,
1280 1070 1327 1102 rel
1352 1070 1444 1103 etiam
1470 1070 1501 1102 in
1526 1071 1627 1107 Urbe.
1652 1072 1776 1114 quando

1038 1125 1082 1153 est
1108 1127 1237 1164 rogatus
1260 1123 1420 1163 notarius,
1446 1123 1498 1167 qui
1523 1134 1584 1156 non
1609 1124 1646 1156 sit
1671 1129 1775 1157 aetua-

1039 1173 1102 1206 rius
1134 1174 1264 1208 alieuius
1301 1176 1480 1216 t1·ibunalis;
1506 1177 1618 1220 quibus
1653 1177 1775 1210 casibus

1038 1228 1169 1262 disdieta
1195 1229 1380 1272 registretur
1405 1231 1435 1262 in
1457 1231 1602 1269 manuali,
1620 1235 1649 1263 ut
1669 1242 1774 1275 supra,

1038 1282 1094 1313 sub
1109 1286 1210 1326 poena
1224 1283 1253 1315 in
1268 1284 1403 1327 quolibet
1421 1286 1631 1328 praemiorum
1647 1296 1775 1318 casuum

1037 1336 1159 1369 notario
1184 1337 1349 1381 principali
1376 1342 1535 1371 scutorum
1558 1344 1680 1371 centum
1706 1339 1774 1382 ipso

1038 1392 1103 1424 iure
1140 1392 1215 1425 tiseo
1251 1392 1527 1436 applicandorum,
1554 1397 1581 1424 et
1608 1392 1774 1427 substituto

1037 1445 1218 1481 seribe111i¹,
1244 1446 1291 1477 vel
1317 1446 1354 1477 de
1389 1446 1439 1477 tali
1466 1450 1535 1478 actu
1561 1451 1692 1487 roe-ato,
1717 1447 1773 1479 sub

1036 1501 1137 1543 poena
1163 1500 1305 1532 infamiae
1331 1505 1357 1532 et
1385 1500 1599 1544 suspensionis
1628 1500 1666 1532 ab
1691 1511 1774 1533 exer-

1036 1553 1118 1586 villo.

1079 1606 1130 1639 39.
1156 1607 1303 1651 Idemque
1329 1613 1469 1640 sinuetur
1494 1608 1522 1640 in
1550 1609 1772 1649 nominatione,

1036 1670 1156 1693 necnon
1181 1666 1209 1693 et
1235 1661 1265 1693 in
1286 1661 1489 1694 translatione
1514 1661 1645 1705 periculi
1671 1662 1772 1697 vitae:

1035 1725 1113 1757 quae
1138 1724 1199 1747 non
1232 1714 1462 1757 suffragentur,
1495 1725 1595 1758 neque
1627 1715 1771 1759 cuiquam

1036 1768 1167 1811 prosint,
1184 1768 1242 1800 nisi
1261 1768 1341 1812 parti
1367 1768 1447 1800 intra
1466 1774 1589 1812 tempus
1613 1768 1652 1800 ad
1676 1770 1773 1802 nomi-

1034 1822 1170 1854 nandum
1197 1822 1242 1853 rel
1269 1822 1518 1854 11·a11stt·r011dum
1544 1822 1717 1862 intimatae,
1742 1829 1771 1855 et

1036 1887 1092 1919 per
1115 1875 1264 1914 notarios,
1289 1880 1320 1907 ut
1340 1886 1445 1919 supra.
1465 1875 1574 1907 suerint
1598 1881 1769 1909 annotatae.

1078 1929 1129 1961 to.
1155 1929 1201 1968 Et,
1226 1929 1251 1961 si
1270 1929 1394 1970 notarii,
1412 1940 1583 1972 eorumque
1604 1930 1770 1967 substituti,

1034 1983 1174 2023 actuarii,
1188 1983 1235 2014 vel
1250 1982 1376 2015 iuvenes
1389 1983 1631 2026 tpiieums[11e,se
1645 1994 1771 2027 quoquo

1035 2036 1138 2076 modo,
1164 2035 1281 2068 directe
1307 2036 1354 2067 vel
1383 2035 1555 2076 indirecte,
1581 2036 1637 2068 sub
1662 2036 1770 2079 quovis

1034 2089 1127 2121 etiam
1152 2089 1306 2121 amicitiae
1330 2089 1456 2121 nomine
1474 2089 1520 2121 vel
1542 2093 1714 2132 praetextu,
1729 2089 1771 2122 in-

1034 2143 1197 2185 gesserint,
1215 2142 1470 2186 interposuerint,
1489 2142 1536 2174 vel
1560 2143 1769 2179 tractaverint,

1034 2207 1086 2228 seu
1102 2196 1290 2228 mediatores
1307 2196 1420 2229 suerint
1438 2196 1469 2228 in
1486 2196 1590 2239 aliquo
1608 2206 1768 2232 censuum,

1033 2249 1189 2281 soeitdatis
1207 2249 1392 2289 officiorum,
1407 2253 1457 2281 aut
1476 2249 1608 2281 aliorum
1624 2260 1770 2291 quorum-

1032 2313 1165 2345 cumque
1190 2302 1389 2344 negotiorum
1415 2306 1587 2341 ‹fontractin
1612 2312 1673 2334 non
1699 2312 1770 2345 pos-

1032 2355 1088 2387 sint
1116 2356 1187 2399 <sub
1212 2358 1312 2399 poena
1334 2360 1556 2398 perpetuarum
1583 2355 1767 2393 triremium,

1031 2420 1066 2441 ae
1084 2410 1267 2453 privationis
1284 2409 1388 2448 oflicii,
1404 2409 1531 2451 eiusque
1555 2409 1768 2452 proprietatis,

1031 2467 1059 2494 et
1086 2462 1164 2495 tituli
1200 2462 1269 2505 ipso
1302 2462 1368 2493 iure
1401 2472 1542 2493 eamerae
1578 2462 1766 2505 apostolicae

1031 2515 1230 2559 applicandi)
1249 2515 1326 2547 ullas
1342 2514 1500 2558 pecunias,
1518 2514 1609 2554 bona,
1635 2525 1689 2547 seu
1708 2526 1767 2555 res,

1031 2569 1124 2602 etiam
1161 2568 1308 2601 minimae
1333 2567 1514 2611 quantitatis
1529 2594 1536 2607 ,
1569 2578 1585 2600 a
1609 2578 1767 2611 quoquam

1067 2684 1077 2710 1
1102 2682 1172 2710 Edit.
1193 2682 1276 2710 Main.
1298 2681 1363 2717 legit
1380 2682 1527 2710 scribendi
1545 2684 1582 2716 (a.
1599 2681 1646 2715 τ.).

1797 286 1846 312 An.
1865 286 1891 313 (ἶ.
1914 287 1977 314 lbi?
