2293 3231
82 269 136 298 Aa.
152 270 182 298 C.
198 269 267 298 ¹622

130 543 267 568 Quibuscum-

99 575 125 591 ue
135 575 176 591 non
183 569 267 591 obstan-

85 598 92 617 t
102 596 148 618 bus.

102 701 267 722 Publicationem

85 729 106 749 in
114 728 171 749 Urbe
187 728 268 754 obliga-

85 761 108 776 re
122 755 224 776 decernit.

121 2271 261 2293 Prooemium.

883 269 1058 295 GREGORIUS
1084 270 1126 293 XV
1151 270 1199 293 PP.

280 326 448 361 quoquam,
468 316 576 360 quavis
593 316 786 358 auctoritate,
812 317 947 351 scienter
969 318 1016 351 vel

281 370 474 414 ignoranter,
488 370 655 414 contigerit
667 371 823 412 attentari,
835 371 1018 404 auctoritate

281 428 312 457 et
331 427 439 457 tenore
463 423 631 468 praedictis
655 424 854 458 decernimus
871 431 901 458 et
919 424 1019 458 decla-

281 487 398 510 ramus.

326 531 341 574 §
366 530 394 563 7.
426 530 494 563 Non
519 531 715 564 obstantibus
745 531 1018 565 constitutionibus

283 586 313 615 et
343 582 593 616 ordinationibus
623 584 819 628 apostolicis,
844 584 1019 628 ceterisque

283 636 449 669 contrariis
472 636 731 681 quibuscumque.

328 689 342 732 ἓ
359 688 388 722 8.
410 689 560 723 Volumus
575 695 691 731 autem,
707 690 791 734 quod
807 690 1018 734 praesentium

283 744 498 787 transumptis,
523 745 615 777 etiarn
641 744 816 789 impressis,
841 754 937 778 manu
964 744 1019 777 ali-

285 796 373 829 cuius
397 797 510 831 notarii
526 797 643 841 publici
660 798 855 842 subscriptis,
872 803 902 831 et
917 798 1020 840 sigillo

284 860 437 893 personae
460 850 491 883 in
515 851 665 893 dignitate
685 850 895 885 ecelesiastica
911 851 1022 884 eonsti-

285 907 369 937 tutae
393 904 532 945 munitis,
557 904 665 937 eadem
692 914 823 948 prorsus
842 904 920 937 tides
936 904 1023 936 adhi-

286 956 397 991 heatur
421 957 452 990 in
476 957 591 991 iudicio
616 963 646 991 et
669 962 764 999 extra,
782 968 861 1002 quae
879 967 1023 1002 praesen-

287 1009 370 1044 tibus
393 1011 605 1053 adhiberetur,
630 1011 655 1044 si
678 1012 781 1045 forent
803 1011 958 1044 exhibitae
974 1011 1021 1044 vel

287 1068 437 1097 ostensae:
450 1064 615 1108 quodquee
628 1064 736 1097 aedem
750 1070 940 1108 praesentes,
953 1069 1024 1108 post

286 1115 365 1149 duos
390 1127 513 1150 menses
539 1127 557 1150 a
580 1116 630 1150 die
654 1117 778 1150 illarum
802 1117 1023 1161 publicationis

287 1169 523 1212 computandos,
544 1180 653 1203 omnes
671 1175 701 1203 et
718 1170 869 1213 singulos,
890 1170 928 1203 ad
945 1181 1024 1214 quos

286 1225 423 1265 spectat,
447 1227 568 1256 arctent
597 1228 627 1255 et
654 1223 811 1264 afficiant,
835 1224 965 1268 perinde
989 1234 1024 1256 ac

286 1273 312 1306 si
336 1274 505 1319 unicuique
528 1276 735 1320 personaliter
764 1277 924 1310 intimatae
948 1277 1024 1310 suis-

286 1333 363 1361 sent.

331 1382 441 1415 Datum
466 1383 598 1424 Romae,
622 1384 704 1428 apud
729 1390 868 1418 sanctam
897 1384 1024 1418 Mariam

287 1434 446 1476 Maiorem,
464 1437 522 1469 sub
535 1438 651 1471 annulo
670 1438 845 1479 piscatoris,
860 1438 909 1471 die
925 1448 947 1472 11
960 1438 1025 1472 iulii

289 1498 432 1530 MDcxxn,
453 1490 654 1534 pontificatus
670 1491 769 1524 nostri
786 1502 868 1525 anno
884 1501 915 1525 11.

324 1551 383 1579 Dat.
401 1552 444 1580 die
458 1552 475 1580 2
493 1552 550 1581 iulii
566 1554 643 1587 1622,
660 1553 754 1590 pontif.
772 1562 815 1582 an.
832 1560 861 1581 11.

601 1703 712 1738 LXVII.

288 1774 458 1819 Impositio
482 1774 683 1808 decimarum
700 1786 760 1819 pro
776 1776 952 1820 Republica
972 1776 1028 1810 Ve-

333 1833 483 1862 netorum
501 1829 629 1862 ratione
652 1829 728 1862 belli
744 1834 856 1863 contra
876 1828 1023 1863 Turcas¹.

291 1907 459 1936 Venerabili
474 1908 560 1936 fratri
576 1909 723 1937 Ludovico
743 1909 882 1943 episcopo
903 1909 1029 1937 Montis-

326 1952 514 1985 aasumensi,
534 1953 674 1981 moderno
695 1957 726 1981 et.
744 1961 796 1987 pro
816 1957 949 1988 tempore
972 1954 1030 1981 exi-

328 1997 423 2024 stenti
440 2000 544 2025 nostro
564 2002 594 2025 et
614 1998 698 2025 Sedis
717 1998 907 2033 Apostolicae
926 1998 957 2026 in
978 1998 1029 2026 do-

327 2041 418 2070 minio
438 2042 615 2071 Venetorum
634 2044 752 2078 nuntio,

488 2113 644 2148 Gregorius
672 2115 751 2148 Papa
777 2114 834 2142 XV.

505 2166 689 2195 Venerabilis
711 2169 816 2201 frater,

343 2219 472 2247 salutem
487 2222 517 2247 et
532 2220 725 2253 apostolicam
738 2221 986 2249 benedictionem.

338 2281 560 2323 Sacrosanctae
584 2291 744 2324 militantis
769 2291 926 2324 Ecclesiae
953 2291 1033 2334 regi-

294 2342 371 2376 mini
402 2354 459 2387 per
489 2343 712 2377 abundantiam
742 2343 863 2376 divinae
895 2343 1031 2387 gratiae,

296 2396 384 2430 nullo
408 2396 480 2430 lieet
504 2396 691 2430 meritorum
715 2396 877 2440 suffragio,
900 2407 1032 2441 praepo-

295 2449 356 2490 siti,
369 2450 451 2483 inter
464 2461 575 2493 graves
595 2449 830 2491 sollicitudines,
844 2450 957 2494 quibus
974 2461 1032 2494 pro

297 2503 415 2537 credito
440 2503 532 2537 nobis
549 2504 737 2548 apostolicae
754 2504 912 2537 servitutis
930 2503 1032 2537 officio

294 2557 417 2591 assidue
429 2558 615 2602 premimur,
632 2568 668 2591 ea
681 2563 727 2591 est
745 2557 924 2602 praecipua,
938 2567 1033 2602 quam

335 2677 345 2703 1
367 2674 404 2702 Ex
423 2676 529 2712 Regest.
549 2676 577 2704 in
595 2676 697 2705 Secret.
718 2675 794 2703 Brev.

1693 257 1755 289 709

1052 317 1200 350 continua
1220 316 1359 360 pericula
1383 320 1475 358 atque
1499 314 1692 353 discrimina,
1710 326 1788 358 quac

1052 380 1069 402 a
1085 370 1204 403 nefario
1220 369 1332 403 Christi
1347 368 1483 402 nominis
1500 368 1599 407 hoste,
1616 368 1788 400 Turcarum

1052 428 1194 467 tyranno,
1208 422 1405 466 principibus
1423 427 1452 454 et
1469 421 1592 465 populis
1611 420 1790 453 christianis

1052 487 1210 520 nunquam
1236 486 1296 509 non
1320 475 1510 519 impendent,
1534 474 1624 507 nobis
1648 473 1790 514 conficit;

1052 535 1253 574 quapropter,
1279 530 1335 562 etsi
1360 528 1483 562 Domini
1508 528 1560 561 Dei
1586 527 1791 568 exercituum,

1053 584 1106 628 qui
1139 594 1285 627 sponsam
1322 594 1409 616 suani
1446 583 1616 615 Ecclesiam
1653 586 1791 614 sanctam

1053 637 1208 681 protegit,
1240 636 1398 680 praesidio
1426 635 1625 679 potissimum
1655 634 1792 667 consida-

1054 700 1134 730 mus,
1151 690 1296 733 cogimur
1313 695 1416 722 tamen
1430 700 1489 733 pro
1507 689 1610 722 debito
1628 688 1793 732 pastoralis

1054 744 1193 776 muneris
1217 744 1249 776 in
1273 743 1304 776 id
1326 743 1409 776 omni
1431 742 1629 785 cogitatione,
1646 741 1793 785 omnique

1054 799 1132 830 cura
1163 797 1367 837 incumbere,
1392 801 1427 829 ut
1450 795 1639 840 provisionis
1668 800 1792 828 nostrae

1056 850 1240 890 ministerio,
1257 850 1404 883 adhibitis
1422 850 1649 883 catholicorum
1677 848 1793 892 princi-

1055 913 1130 946 pum
1163 903 1300 944 viribus,
1325 903 1407 936 mala
1438 902 1617 936 huiusmodi
1642 902 1752 946 procul
1777 911 1794 934 a

1056 957 1174 1000 populo
1199 956 1371 990 christiano
1396 960 1570 989 arceantur.

1101 1010 1115 1052 ἓ
1139 1009 1168 1042 1.
1193 1010 1269 1043 Cum
1294 1020 1367 1043 vero
1385 1010 1454 1053 plus
1473 1010 1545 1042 satis
1561 1014 1692 1048 constet,
1710 1019 1794 1041 eum-

1056 1062 1127 1095 dem
1159 1063 1290 1106 impium
1322 1064 1495 1096 Tui-carum
1526 1069 1691 1107 tyrannum
1716 1062 1794 1095 nihil

1057 1115 1177 1149 avidius
1201 1127 1364 1160 quaerere,
1381 1127 1474 1160 quam
1491 1116 1677 1149 christianos
1694 1127 1794 1160 popu-

1057 1170 1103 1202 los
1128 1170 1284 1210 invadere,
1310 1175 1349 1210 et,
1374 1170 1576 1203 christianam
1609 1170 1795 1212 religionem

1058 1223 1305 1263 exterminando,
1324 1224 1588 1257 abominationem
1609 1234 1695 1256 suam
1713 1223 1796 1267 plan-

1059 1282 1125 1309 tare
1145 1287 1180 1309 ac
1204 1287 1391 1320 propagare,
1417 1277 1546 1320 eiusque
1564 1277 1656 1317 vires,
1681 1276 1796 1309 nostris

1059 1329 1244 1362 facientibus
1257 1330 1403 1373 peccatis,
1417 1331 1499 1363 malo
1517 1336 1625 1363 nostro
1645 1329 1796 1362 admoniti

1059 1393 1211 1426 cogamur
1236 1383 1362 1424 timere,
1380 1383 1483 1416 omni¹
1502 1386 1577 1416 cura
1603 1389 1632 1416 et
1653 1384 1799 1416 sollicitu-

1059 1435 1131 1469 dine
1155 1447 1361 1480 praecavere,
1386 1438 1548 1480 multoque
1573 1437 1673 1479 magis
1698 1442 1798 1469 castra

1059 1489 1182 1522 Domini
1199 1489 1356 1522 custodire
1370 1495 1400 1522 et
1420 1490 1619 1533 praemunire
1636 1500 1693 1523 nos
1710 1500 1800 1533 opor-

1059 1548 1102 1576 tet
1114 1544 1174 1576 hoc
1189 1549 1339 1587 tempore,
1354 1555 1416 1587 quo
1427 1543 1448 1584 ἵ,
1463 1555 1534 1577 cum
1548 1545 1586 1577 ab
1601 1544 1799 1587 expeditione

1060 1602 1169 1630 contra
1182 1597 1368 1630 christianos
1382 1597 1488 1630 multis
1502 1597 1590 1630 annis
1604 1597 1799 1637 abstinuerit,

1060 1659 1114 1683 eos
1138 1649 1307 1683 verisimile
1324 1650 1362 1683 sit
1383 1650 1499 1683 diutius
1513 1661 1575 1684 non
1593 1656 1798 1691 cessaturum,

1061 1702 1114 1735 sed
1139 1702 1206 1736 eius
1224 1703 1328 1747 potius
1356 1703 1409 1736 diu
1440 1713 1654 1747 compressam
1679 1703 1798 1736 rabiem

1061 1756 1276 1790 vehementius
1293 1762 1486 1800 erupturam.
1504 1757 1591 1796 Quod
1609 1757 1727 1790 malum
1744 1767 1801 1790 nos

1060 1812 1191 1854 paterna
1204 1810 1412 1844 sollicitudine
1424 1811 1485 1843 iam
1495 1810 1613 1844 dudum
1629 1814 1801 1845 metuentes

1062 1875 1120 1908 pro
1145 1864 1240 1897 officii
1265 1865 1365 1898 nostri
1383 1864 1488 1898 debito
1506 1865 1696 1898 Venetorum
1713 1875 1802 1909 prae-

1063 1918 1154 1962 cipue
1182 1917 1410 1951 nobilissimam
1435 1918 1675 1961 Rempublicam
1690 1946 1697 1959 ,
1722 1928 1801 1962 quae

1063 1971 1205 2004 hostibus
1216 1971 1349 2004 maxime
1363 1971 1504 2014 exposita
1517 1982 1584 2004 esse
1598 1971 1801 2014 dignoscitur,

1063 2035 1127 2058 non
1151 2025 1248 2058 semel
1278 2024 1309 2057 in
1337 2025 1471 2058 Domino
1502 2025 1656 2058 cohortati
1680 2036 1799 2065 sumus,

1064 2090 1102 2112 ne
1131 2079 1316 2112 insidiarum
1347 2079 1438 2122 plena
1466 2090 1539 2111 cum
1572 2078 1676 2122 impiis
1708 2089 1802 2122 pace,

1064 2132 1177 2176 quibus
1200 2142 1262 2165 non
1286 2136 1333 2165 est
1356 2142 1426 2175 pax,
1451 2132 1632 2172 confideret,
1654 2132 1708 2164 sed
1732 2143 1803 2175 pru-

1065 2186 1174 2218 denter
1198 2191 1331 2226 caveret,
1356 2196 1489 2228 suasque
1515 2196 1612 2226 arces,
1637 2190 1747 2228 portus
1774 2192 1803 2217 et

1064 2239 1133 2272 loca
1156 2239 1302 2280 muniret,
1327 2240 1469 2279 classem,
1489 2244 1519 2272 et
1538 2239 1597 2271 alia
1622 2239 1660 2271 ad
1683 2238 1802 2271 belluni

1065 2292 1250 2333 necessaria,
1271 2297 1468 2335 compararet
1493 2297 1523 2324 et
1546 2297 1685 2335 paratam
1707 2291 1803 2323 habe-

1065 2351 1121 2378 ret.
1146 2345 1222 2379 Cum
1246 2349 1350 2379 autem
1385 2345 1525 2387 ingentes
1557 2349 1702 2387 sumptus
1726 2343 1803 2376 haec

1066 2409 1115 2431 res
1138 2398 1283 2442 postulet,
1300 2398 1398 2431 felicis
1417 2397 1644 2430 recordationis
1668 2397 1805 2430 Clemen-

1066 2452 1104 2484 tis
1127 2451 1193 2484 VIII
1217 2456 1248 2484 et
1271 2451 1356 2483 Pauli
1382 2451 1405 2483 V
1430 2451 1627 2494 aliorumque
1652 2450 1804 2483 Romano-

1067 2515 1136 2537 rum
1161 2504 1348 2538 Pontificum
1374 2504 1651 2548 praedecessorum
1680 2508 1804 2537 nostro-

1067 2569 1139 2592 rum
1163 2558 1302 2601 vestigiis
1327 2558 1542 2598 inhaerentes,
1567 2568 1635 2591 eam
1666 2557 1803 2601 Rempu-

1105 2631 1115 2657 1
1139 2629 1209 2657 Edit.
1229 2629 1308 2657 Main.
1329 2629 1394 2665 legit
1412 2630 1549 2664 omnique
1568 2630 1608 2664 (n.
1626 2630 1674 2663 iz).

1103 2675 1120 2702 ‘2
1135 2674 1230 2703 Vocem
1245 2683 1300 2711 quo
1315 2683 1363 2703 nos
1378 2674 1471 2703 deesse
1486 2674 1639 2703 censuimus
1653 2675 1692 2710 (R.
1707 2675 1755 2709 π).

1803 266 1851 291 An.
1873 266 1900 291 (ἶ.
1916 265 1986 291 1622

1824 992 1826 995 y
1859 964 1940 994 Causae
1957 964 1993 985 de-

1809 998 1883 1012 cimam
1928 997 1993 1017 impo-

1809 1019 1878 1039 nenti.
