2293 3231
119 241 169 269 An.
190 238 300 269 &162¹
1848 235 1895 260 An.
1917 234 1944 260 C.
1965 232 2026 261 1621

923 235 1100 262 caecemus
1124 236 1167 260 xv
1190 236 1238 261 PP.
1737 225 1795 258 511

319 287 413 321 etiam
436 287 475 320 de
499 296 633 321 numero
656 285 923 331 participantium,
947 295 983 318 ac
1011 295 1059 318 co·
1138 285 1152 327 ἓ
1177 284 1205 318 5.
1231 283 1268 317 Et
1292 283 1420 327 insuper
1444 293 1509 323 vos,
1530 288 1695 326 vestraque
1715 282 2031 342 benefi''.12rffn¹¹.2⁰³c¹i¹³a⁰m2

318 339 431 381 mites,
456 339 578 383 equites
614 343 644 373 et
674 339 796 372 nobiles
829 338 931 382 (citra
954 343 1059 371 tamen
1093 338 1140 371 cia
1164 344 1195 371 et
1219 337 1321 371 officia
1352 336 1560 370 ecclesiastica
1593 346 2023 379 quaecumque,impositionibus.

156 885 226 907 Etiam
240 883 261 906 in
275 888 307 905 as·

124 918 147 934 nc
178 911 252 933 utione
271 909 309 932 be-

123 945 150 962 no
166 939 247 961 ciorum
274 942 308 959 ec-

124 965 299 988 clesiaotieorum.

318 393 549 438 exemptionem
573 404 590 426 a
613 393 752 428 Concilio
782 391 962 426 Tridentino
986 391 1059 424 sub-

318 446 423 487 latam,
451 456 487 479 ac
510 446 672 479 facultates
698 444 906 489 legitimandi,
930 443 968 476 ad
993 454 1061 486 gra-

318 498 376 532 dus
400 499 620 542 promovendi,
637 498 787 538 notarios,
805 508 859 531 seu
876 496 1060 531 tabelliones

319 551 468 593 creandi,
497 552 620 596 aliaque
645 550 826 584 huiusmodi
852 549 1018 594 privilegia
1043 560 1061 582 a

319 604 451 637 notariis
478 608 508 638 ct
525 605 693 638 comitibus
713 604 861 648 praefatis
885 608 1060 647 praetensa,

319 655 363 690 ita
385 659 420 690 ut
442 657 504 690 illis
527 657 573 690 uti
598 657 709 690 nullibi
726 656 862 697 valeatis,
879 666 915 689 ac
935 655 1061 689 irritum

322 713 352 743 et
374 709 466 743 inane
491 710 601 743 existat
625 710 774 754 quicquid
799 720 888 743 secus
914 719 972 753 per
995 718 1060 748 vos,

322 766 375 795 aut
398 762 571 806 quemlibet
594 768 742 803 vestrum,
767 762 939 807 respective
963 765 1061 795 atten-

322 815 382 848 tari
407 816 588 860 contigerit)

368 870 383 913 ἓ
405 868 435 902 4.
461 869 589 903 Necnon
613 869 695 903 cives
719 869 892 913 originarii,
913 868 1006 901 etiam
1030 868 1062 901 in

323 921 522 965 dignitatum,
537 922 763 956 beneficiorum
781 926 811 955 et
827 921 1003 955 officiorum
1017 931 1064 954 ec-

323 974 570 1008 clesiasticorum
604 986 639 1008 ac
671 975 860 1009 secularium
875 1002 883 1016 ,
908 975 1000 1008 etiam
1026 985 1063 1007 ex

323 1027 466 1072 personis
491 1028 705 1061 Romanorum
734 1028 849 1061 civium
874 1028 1063 1071 originario-

323 1090 396 1114 rum
412 1081 598 1123 vacantium,
616 1082 837 1126 assequutione
853 1081 1063 1121 et-exercitio,

324 1137 388 1166 tam
412 1132 444 1166 in
469 1133 551 1167 Urbe
575 1145 669 1178 quam
689 1135 720 1168 in
745 1135 921 1168 civitatibus
944 1133 1065 1178 praedi-

324 1186 391 1227 ctis,
408 1191 439 1220 et
461 1186 537 1220 alias
560 1188 677 1232 ubique
702 1189 846 1222 locorum
863 1193 893 1221 et
913 1188 1064 1232 gentium,

323 1249 446 1274 necnon
459 1240 634 1275 sessionum
644 1247 673 1275 et
688 1247 909 1282 conventuum,
922 1246 1064 1282 utuntur,

323 1294 486 1339 potiuntur
502 1300 532 1327 ct
547 1295 694 1338 gaudent,
715 1307 750 1329 ac
762 1296 818 1336 uti,
834 1295 928 1339 potiri
947 1301 978 1328 et
993 1306 1066 1338 gau-

325 1347 399 1382 dere
423 1352 573 1392 poterunt
596 1349 834 1392 quomodolibet
858 1349 889 1381 in
912 1349 1064 1389 futurum,

324 1411 387 1435 non
411 1402 514 1436 solum
537 1402 577 1435 ad
600 1412 711 1436 eorum
736 1403 844 1443 instar,
862 1402 915 1435 sed
936 1402 1067 1446 pariter-

324 1455 419 1490 miter
445 1461 476 1490 et
499 1467 598 1501 aeque
620 1457 847 1501 principaliter,
865 1467 900 1489 ac
923 1456 948 1489 si
972 1456 1068 1500 privi-

325 1511 417 1555 leg-ia,
440 1511 619 1551 facultates,
643 1511 867 1554 exemptiones,
893 1510 1012 1553 gratiae
1036 1515 1064 1542 et

326 1565 446 1599 indulta
469 1564 651 1598 huiusmodi
667 1575 726 1608 pro
746 1564 834 1597 vobis
858 1569 1065 1604 emanassent,

326 1619 381 1660 uti,
405 1619 501 1664 potiri
525 1625 555 1652 et
579 1619 728 1662 gaudere,
752 1630 788 1652 ac
812 1620 845 1651 in
869 1619 1016 1652 omnibus
1037 1624 1067 1651 et

327 1673 458 1716 singulis
470 1673 650 1716 apostolicis
666 1673 797 1716 aliisque
819 1672 942 1713 litteris,
956 1672 1068 1705 instru-

327 1727 440 1761 mentis
464 1731 494 1760 et
518 1726 681 1771 scripturis
712 1726 846 1770 publicis
879 1731 908 1759 et
937 1725 1067 1770 privatis

327 1779 476 1824 deinceps
498 1780 625 1813 nomine
651 1785 755 1813 vestro
779 1779 992 1819 conficiendis,
1013 1789 1068 1812 vos

327 1834 477 1875 notarios,
503 1834 643 1875 comites,
663 1833 784 1878 equites
798 1860 805 1874 ,
831 1838 861 1866 ct
883 1833 1004 1866 nobiles
1031 1843 1067 1865 ac

329 1887 367 1921 de
383 1888 482 1922 nobili
506 1898 621 1931 genere
644 1899 681 1921 ex
697 1893 832 1932 utroque
847 1892 976 1932 parente
997 1898 1069 1931 pro-

330 1946 462 1982 creatos,
485 1951 608 1976 necnon
632 1943 791 1975 Romanae
811 1945 839 1975 et
865 1941 998 1974 aliarum
1029 1941 1069 1974 ci-

329 1994 459 2028 vitatum
479 2000 510 2028 et
536 1999 691 2029 terrarum
716 1995 950 2040 praedictarum
975 1995 1068 2035 cives,

329 2052 426 2093 prout
448 2048 585 2089 libuerit,
603 2049 785 2089 inscribere,
802 2053 833 2081 et
849 2059 903 2082 vos
923 2049 983 2081 illis
1001 2049 1070 2081 sub-

331 2101 470 2134 scribere
486 2101 622 2142 valeatis,
636 2112 671 2134 ac
687 2112 746 2146 pro
759 2102 850 2141 veris,
867 2106 897 2134 et
910 2111 974 2135 non
989 2101 1069 2134 fictis

331 2154 471 2196 notariis,
496 2154 674 2195 comitibus,
703 2155 869 2198 equitibus,
894 2160 925 2188 et
955 2155 1069 2188 nobili-

330 2208 401 2249 bus,
417 2219 453 2241 ac
476 2207 596 2241 civibus
620 2207 809 2249 habeamini,
826 2207 978 2252 nihilque,
997 2219 1072 2252 qua-

331 2263 496 2306 lecumque
515 2262 592 2295 illud
615 2261 718 2303 suerit,
743 2273 814 2295 cum
839 2262 877 2294 iis
901 2262 1071 2305 expressio-

331 2315 425 2349 nibus
448 2316 681 2359 subreptitium,
701 2320 754 2348 aut
782 2315 997 2358 obreptitiam,
1021 2316 1069 2347 vel

330 2368 514 2409 invalidum,
539 2369 593 2402 sed
616 2369 693 2402 illud
718 2369 800 2401 idem
825 2368 933 2401 efficax
957 2368 988 2401 in
1006 2378 1071 2402 om-

331 2421 426 2455 nibus
458 2426 642 2462 censeatur,
667 2432 790 2455 necnon
822 2421 952 2455 honoris
976 2424 1069 2455 causa

332 2475 467 2518 insignia
490 2476 591 2519 gentis
611 2481 746 2516 nostrae,
767 2475 831 2508 sive
856 2475 988 2517 integre,
1006 2475 1070 2507 sive

333 2539 405 2562 cum
428 2529 539 2563 vestris
554 2529 727 2574 respective
745 2529 928 2573 composita,
946 2533 1070 2572 gestare

332 2581 479 2625 possitis,
507 2588 601 2627 prout
632 2582 720 2617 vobis
755 2582 925 2627 placuerit,
957 2591 1065 2616 conce-

334 2633 446 2669 dimus.

1093 395 1307 434 quotcumque
1320 395 1349 423 ct
1363 389 1614 433 qualiacumque,
1630 389 1757 422 illorum
1771 389 1835 421 sru-

1094 449 1173 484 ctus,
1191 454 1240 476 res
1261 448 1291 476 ct
1308 443 1387 484 iura,
1403 443 1596 486 ubicumque
1617 443 1772 482 locorum,
1789 451 1834 475 re-

1094 507 1230 539 gnorum
1243 500 1273 530 ct
1286 496 1534 540 provinciarum,
1548 506 1604 528 nec
1620 495 1727 529 nonin
1741 495 1834 534 Urbe,

1094 549 1281 590 civitatibus,
1306 549 1399 581 terris
1416 554 1445 581 et
1461 549 1538 582 locis
1558 548 1659 581 eidem
1677 549 1835 581 Romanae

1093 603 1252 636 Ecclesiae
1270 602 1403 635 mediate
1420 603 1466 635 vel
1491 602 1669 635 immediate
1687 602 1834 635 subiectis

1095 655 1305 695 consistentia,
1329 655 1468 699 praedia,
1483 655 1604 695 domos,
1620 655 1834 699 possessiones

1095 714 1122 742 et
1144 709 1226 741 bona
1243 708 1483 752 patrimonialia,
1501 709 1623 752 aliaque
1640 709 1834 752 temporalia,

1095 761 1224 795 mobilia
1248 766 1278 794 et
1302 761 1477 794 immobilia
1500 772 1535 794 ac
1561 761 1761 802 semoventia‚
1778 772 1835 794 nec

1094 825 1157 848 non
1174 814 1312 847 actiones
1329 819 1358 847 et
1375 814 1444 846 iura
1464 815 1642 858 praesentia
1667 819 1694 847 et
1721 814 1835 855 futura,

1096 868 1322 911 cuiuscumque
1346 867 1512 911 qualitatis,
1538 867 1718 911 quantitatis
1739 872 1769 900 et
1785 878 1838 900 na-

1096 922 1203 962 turae',
1233 926 1261 954 et
1286 920 1424 953 cuiusvis
1455 921 1549 953 etiam
1579 920 1672 953 annui
1705 921 1836 960 valoris,

1096 974 1225 1015 fructus,
1250 973 1392 1006 redditus
1415 978 1446 1006 et
1468 978 1640 1017 proventus
1656 973 1837 1007 huiusmodi

1097 1026 1168 1067 sint,
1192 1027 1240 1059 vel
1264 1026 1391 1067 fuerint,
1415 1037 1450 1060 ac
1475 1027 1567 1059 ctiam
1585 1037 1803 1071 quaecumque
1820 1038 1837 1059 a

1098 1079 1185 1112 vobis
1209 1079 1391 1121 vendenda,
1417 1091 1453 1113 ac
1476 1091 1534 1123 pro
1559 1080 1670 1113 vestris
1695 1085 1725 1112 et
1747 1080 1836 1113 fami-

1098 1132 1211 1165 liarum
1235 1136 1411 1166 vestrarum
1436 1133 1544 1167 usibus
1561 1133 1702 1174 emenda,
1719 1133 1758 1166 ab
1775 1144 1838 1166 om-

1097 1187 1190 1220 nibus
1214 1192 1245 1219 ct
1269 1187 1522 1231 quibuscumque
1545 1187 1693 1229 decimis,
1718 1187 1837 1231 quartis

1098 1245 1128 1273 et
1147 1240 1286 1273 dimidiis
1310 1241 1462 1283 partibus,
1488 1241 1635 1274 subsidiis
1652 1241 1745 1274 ctiam
1764 1242 1839 1275 cari—

1099 1293 1217 1335 tativis,
1241 1305 1298 1327 nec
1323 1305 1386 1328 non
1417 1295 1640 1338 vectigalibus,
1671 1295 1838 1339 portoriis,

1099 1348 1234 1389 tributis,
1260 1349 1361 1389 datiis,
1383 1349 1533 1393 pedagiis,
1551 1349 1701 1390 collectis,
1719 1355 1749 1382 ct
1766 1360 1839 1393 quo-

1099 1413 1235 1446 cumque
1259 1403 1320 1436 alio
1344 1403 1439 1436 modo
1463 1404 1668 1448 nuncupatis,
1692 1403 1838 1447 angariis,

1098 1457 1312 1499 perangariis,
1337 1457 1513 1501 ceterisque
1537 1457 1688 1490 oneribus
1710 1463 1740 1491 et
1765 1468 1839 1491 con-

1101 1511 1333 1551 tributionibus,
1358 1516 1420 1544 tam
1445 1512 1575 1544 urbanis
1591 1522 1685 1555 quam
1703 1512 1839 1549 rusticis,

1100 1564 1269 1597 ordinariis
1284 1570 1313 1598 et
1327 1565 1595 1607 extraordinariis,
1605 1566 1753 1605 realibus,
1771 1577 1840 1610 per-

1100 1619 1259 1651 sonalibus
1284 1624 1313 1651 ct
1337 1619 1453 1660 mixtis,
1479 1619 1573 1652 etiam
1598 1620 1718 1653 ratione
1742 1620 1841 1653 muni-

1101 1672 1232 1713 tionum,
1258 1672 1416 1705 moenium
1442 1678 1471 1705 et
1495 1673 1648 1717 pontium,
1665 1677 1838 1717 portarum,

1102 1725 1323 1758 moliturarum
1359 1731 1388 1758 et
1423 1725 1578 1759 mercium
1614 1726 1840 1771 cuiuscumque

1101 1779 1225 1822 generis
1250 1779 1399 1812 transitus
1424 1790 1479 1812 seu
1503 1790 1613 1824 passus
1630 1785 1659 1812 et
1684 1785 1839 1821 vecturae,

1101 1833 1195 1866 etiam
1212 1833 1243 1866 in
1261 1833 1344 1866 aliud
1361 1833 1545 1866 territorum
1560 1844 1615 1867 seu
1635 1834 1840 1878 provinciam,

1102 1888 1197 1927 terra,
1222 1887 1301 1919 mari
1318 1891 1347 1919 et
1364 1886 1503 1927 flumine,
1520 1897 1576 1919 nec
1600 1897 1663 1920 non
1684 1897 1840 1931 equorum

1102 1944 1312 1980 mortuorum,
1331 1940 1575 1973 stabulationum
1595 1940 1741 1981 militum,
1758 1940 1842 1973 insti-

1102 1992 1231 2025 tutionis
1256 1992 1416 2025 scminarii
1442 1993 1662 2034 ecclesiastici,
1689 1999 1741 2026 aut
1765 2004 1841 2037 qua-

1102 2057 1238 2090 cumque
1255 2046 1314 2079 alia
1332 2047 1532 2090 quantumvis
1548 2047 1646 2090 gravi,
1664 2048 1757 2080 etiam
1775 2058 1844 2090 gra-

1103 2100 1229 2132 vissima
1262 2103 1357 2132 causa
1385 2102 1471 2144 (pro
1496 2101 1702 2134 subventione
1733 2106 1842 2134 contra

1103 2154 1243 2186 infideles
1271 2154 1430 2186 dumtaxat
1462 2155 1604 2198 excepta)
1624 2164 1707 2187 nunc
1731 2160 1761 2187 et
1785 2165 1843 2197 pro

1105 2212 1246 2250 tempore
1266 2207 1437 2251 impositis3
1459 2208 1501 2241 ita
1518 2207 1602 2251 quod
1619 2218 1674 2240 vos
1690 2213 1719 2240 et
1737 2218 1844 2251 quem-

1103 2260 1178 2294 libet
1201 2266 1341 2293 vestrum
1373 2261 1450 2293 nihil
1484 2261 1612 2294 omnino
1643 2261 1758 2299 horum
1791 2267 1841 2294 aut

1104 2313 1237 2346 aliorum
1263 2312 1412 2346 similium
1436 2313 1543 2346 subire
1572 2313 1761 2354 teneamini,
1785 2324 1844 2347 nec

1104 2378 1161 2410 pcr
1185 2377 1329 2399 camerae.
1357 2366 1547 2409 apostolicae
1580 2370 1630 2400 aut
1660 2367 1737 2400 alios
1761 2378 1844 2400 corn-

1103 2420 1274 2459 missarios,
1299 2430 1355 2453 seu
1380 2420 1580 2462 vectigalium
1605 2426 1635 2452 ct
1651 2420 1842 2454 tributorum

1104 2473 1282 2506 huiusmodi
1314 2473 1546 2516 redemptores,
1581 2473 1790 2507 conductores
1814 2480 1845 2507 et

1104 2533 1282 2566 exactores,
1307 2537 1508 2570 quocumque
1538 2527 1716 2570 privilegio,
1742 2537 1845 2560 exem-

1104 2580 1210 2625 ptione
1234 2585 1264 2613 et
1288 2580 1431 2614 facultate
1456 2579 1620 2620 suffultos,
1649 2580 1725 2613 alias
1748 2590 1843 2624 quam

1104 2640 1135 2668 ut
1152 2635 1341 2681 praefertur,
1357 2634 1485 2669 valeatis
1501 2634 1655 2668 coarctari
1679 2634 1843 2678 (quamdiu
