2293 3231
110 286 160 314 An.
177 286 206 314 C.
224 285 291 314 1622

137 349 256 371 clausulae.

182 1039 298 1066 Derogatio

115 1067 275 1089 contrariorum.

166 2261 283 2293 ¹Exordium
298 2267 310 2282 a

127 2289 311 2342 sarbarus

880 283 1056 309 eumenius

312 332 382 365 tatis
399 336 428 365 et
447 331 604 375 qualitatis
629 331 802 372 existentia,
820 342 931 375 regere
949 337 976 364 et
999 332 1050 364 ad-

308 385 488 419 ministrare
504 385 624 428 possint
640 390 670 418 et
686 385 828 417 debeant.

351 437 366 481 ἓ
390 437 420 470 4.
446 438 627 471 Praescntes
649 448 722 470 vero
740 437 859 469 litteras
876 447 1000 480 semper
1021 441 1051 469 ct

308 495 463 535 perpetuo
488 491 614 532 validas,
639 492 747 523 tirmas
772 496 802 523 et
826 491 967 523 efficaces
992 490 1052 523 exi-

308 548 390 578 stere
415 549 445 577 et
469 544 555 585 sore,
580 555 716 588 suosque
741 543 898 587 plenarios
923 549 953 576 ct
978 544 1052 576 inte-

309 608 384 641 gros
401 597 530 631 effectus
548 598 654 631 sortiri
675 603 705 630 et
721 597 872 637 obtinet-<5
894 597 1001 640 sicque
1022 597 1052 629 in

308 652 490 696 praemissis
507 663 564 695 per
581 663 798 696 quoscumque
824 651 942 684 iudices
967 651 1053 684 ordi-

308 705 414 739 narios
439 710 470 739 et
495 706 673 749 delegatos,
694 706 787 738 etiam
810 716 976 738 causarum
1001 716 1053 749 pa-

310 759 376 792 latii
401 759 565 804 apostolici
590 759 760 800 auditores,
779 759 912 792 iudicari
933 763 963 791 et
979 758 1054 791 desi-

310 814 372 847 niri
393 814 519 855 debere,
544 825 579 847 ac
604 814 729 847 irritum
747 819 777 847 et
794 814 895 854 inane,
914 813 939 847 si
964 824 1054 846 secus

311 878 406 912 super
430 867 480 901 his
506 878 523 900 a
547 878 716 911 quoquam,
734 867 843 911 quavis
860 866 1054 906 auctoritate,

312 921 447 955 scienter
459 922 508 954 vel
520 921 712 964 ignoranter,
723 920 890 963 contigerit
899 920 1054 960 attentari,

314 975 480 1008 statuimus
505 980 598 1019 atque
615 975 823 1008 decernimus.

358 1028 373 1072 ἓ
391 1028 419 1062 5.
438 1029 507 1062 Non
520 1028 718 1062 obstantibus
734 1027 925 1071 praemissis,
940 1037 976 1059 ae
993 1037 1056 1059 om-

313 1081 407 1114 nibus
433 1081 510 1121 illis,
536 1091 615 1124 quae
647 1081 677 1113 in
709 1080 822 1113 litteris
850 1079 1055 1123 praeinsertis

314 1133 495 1167 huiusmodi
511 1134 669 1166 voluimus
686 1143 749 1166 non
767 1133 902 1173 obstare,
927 1132 1056 1165 ceteris-

314 1197 376 1230 que
393 1186 559 1220 contrariis
579 1186 840 1231 quibuscumque.

358 1240 471 1273 Datum
503 1240 631 1280 Romae,
649 1239 732 1283 apud
757 1239 785 1272 S.
812 1239 942 1272 Mariam
964 1239 1058 1272 Maio-

315 1304 393 1335 rem,
412 1294 469 1327 sub
489 1293 605 1326 annulo
626 1293 806 1333 Piscatoris,
831 1292 881 1325 die
894 1302 973 1325 xvni
990 1292 1057 1324 iulii

316 1357 458 1388 iincxxu,
479 1346 681 1391 pontificatus
704 1345 806 1379 nostri
830 1355 911 1379 anno
936 1356 967 1378 11.

352 1410 410 1438 Dat.
432 1411 476 1438 die
498 1410 530 1437 18
549 1410 606 1437 iulii
627 1409 705 1444 1622,
727 1409 822 1445 pontif.
844 1418 889 1437 an.
911 1416 937 1436 11.

636 1553 736 1588 LXIX.

320 1633 512 1668 Subsidium
536 1637 661 1666 centum
685 1633 834 1666 millium
865 1631 1059 1665 ducatorum

364 1687 404 1720 ab
435 1687 656 1720 ecclesiasticis
691 1686 785 1730 requi
816 1686 960 1719 Galitz'ae
990 1685 1060 1727 φερέ

364 1740 521 1773 catholico
543 1750 603 1783 pro
626 1739 829 1783 fabricandis
853 1738 992 1772 navibus
1019 1737 1060 1770 ad

365 1793 580 1836 defendendas
605 1803 678 1825 oras
705 1792 892 1825 maritimas
918 1802 955 1824 eac
980 1791 1061 1832 infe-

365 1846 559 1879 stationibus
577 1846 813 1878 haereticorum
831 1849 858 1877 et
872 1845 1060 1888 piratarum

363 1899 528 1943 praestari
548 1909 640 1942 posse
661 1898 825 1942 permittit
838 1896 856 1930 ¹.

325 1979 503 2007 Charissimo
526 1980 556 2007 in
576 1979 692 2006 Christo
713 1979 775 2006 filio
794 1981 900 2005 nostr]
914 1977 1060 2011 Philippo,

457 2024 667 2058 Hispaniarum
684 2023 748 2057 reqi
765 2021 928 2056 catholico,

532 2077 688 2112 Gregorius
708 2076 787 2110 Papa
805 2076 860 2103 XV.

339 2138 517 2168 charissime
536 2139 568 2166 in
588 2139 707 2166 christo
726 2139 769 2166 fili
789 2141 903 2170 noster,
921 2138 1050 2165 salutem

435 2187 466 2212 et
486 2185 682 2218 apostolicam
701 2184 950 2211 benedictionem.

370 2254 510 2288 Eximius
519 2254 689 2287 maiestatis
698 2259 769 2287 tuae
786 2253 980 2286 orthodoxae
992 2252 1064 2284 tidei

326 2308 559 2342 conservandae
572 2314 601 2341 et
615 2307 837 2352 propagandae
850 2308 943 2347 zelus,
957 2317 993 2339 ac
1007 2306 1066 2338 sin-

327 2363 446 2406 gularis
466 2363 497 2395 in
518 2372 575 2395 nos
600 2367 629 2394 et
653 2361 863 2405 Apostolicam
882 2360 992 2393 Sedem
1011 2359 1065 2392 de-

328 2417 412 2450 votio
428 2415 449 2457 ²,
473 2416 594 2459 aliaque
618 2415 807 2459 praestantia
838 2414 950 2446 merita
975 2413 1065 2457 plane

328 2470 467 2513 exigunt,
478 2474 513 2502 ut
529 2468 668 2502 subsidia
678 2479 736 2512 pro
750 2467 891 2500 eiusdem
904 2466 988 2507 fidei,
1002 2471 1068 2499 tuo-

328 2533 462 2567 rumque
478 2532 651 2565 regnorum
675 2526 706 2554 et
729 2521 927 2554 subditorum
953 2519 991 2552 ab
1015 2520 1068 2552 ho-

366 2603 377 2629 1
399 2602 438 2630 Ex
457 2602 564 2637 Regest.
585 2601 612 2629 in
631 2601 733 2628 Secret.
754 2600 830 2627 Brev.

365 2647 384 2675 2
398 2647 468 2675 Edit.
484 2647 562 2675 Main.
579 2646 643 2682 tegit
656 2645 830 2678 devotionis;
845 2644 894 2672 sed
917 2643 983 2671 alibi
1001 2643 1069 2679 legi-

332 2696 376 2721 tur
391 2693 500 2721 devotio
515 2696 545 2721 ut
559 2700 641 2728 supra
656 2699 717 2728 pag.
735 2690 784 2719 423
799 2691 837 2726 (a.
855 2690 902 2724 r).

1082 283 1124 307 xv
1149 283 1196 306 pp.
1731 269 1793 303 715
1842 279 1890 304 An.
1907 277 1936 304 C.
1955 277 2022 305 1622

1082 330 1182 364 stibus
1200 329 1271 362 tldei
1285 328 1474 369 defensione,
1493 327 1531 359 ab
1544 326 1662 360 eisdem
1688 326 1820 359 subditis

1083 383 1144 416 tuis
1169 388 1314 426 prompte
1339 381 1460 421 oblata,
1486 385 1637 424 quantum
1665 389 1736 412 cum
1766 379 1824 411 Do-

1084 437 1169 470 mino
1194 446 1371 480 possumus,
1397 435 1590 467 adiuvemus.

1129 489 1143 532 ξ,
1168 489 1197 521 l.
1223 489 1298 522 Cum
1324 488 1437 531 itaque,
1453 487 1533 519 sicut
1550 486 1738 529 accepimus,
1756 485 1826 517 sub-
1868 497 1951 528 subdiu
1967 498 2027 523 mgni

1086 542 1141 575 diti
1158 543 1246 585 regni
1262 542 1303 576 tui
1318 542 1457 581 Galitiae,
1468 540 1750 573 animadvertentes
1764 549 1826 571 ma-
1841 524 2026 581 ffstllli'ssfg?¹<¹.'trss{3

1087 597 1228 628 iestatem
1247 601 1342 635 tuznu,
1361 594 1575 627 crescentibus
1592 594 1623 625 in
1640 593 1706 625 dies
1726 592 1824 635 magis
1841 580 1889 625 iiii}2
1904 583 2027 624 nitiildhtflj

1087 649 1118 681 in
1143 648 1221 681 mari
1245 648 1368 681 Oceano
1392 648 1566 691 piratarum
1595 646 1826 679 haereticorum
1842 631 2029 681 illinit&Lr{¹‘.,¹.¹.'-L“.'.

1088 703 1350 742 infestationibus,
1368 713 1426 745 pro
1450 701 1620 741 civitatum,
1646 700 1772 733 urbium
1797 684 2028 731 etii52¹31..⁵'¹3i2i233

1088 757 1221 790 aliorum
1240 757 1382 790 locorum
1403 755 1647 794 maritimorum,
1666 759 1828 797 portuum-
1843 738 1934 761 dmm*

1088 822 1149 855 que
1157 810 1231 843 dieti
1240 811 1330 853 regni
1341 815 1448 843 contra
1458 808 1641 842 eorumdem
1654 807 1828 851 piratarum

1089 865 1234 908 impetus,
1247 863 1458 896 infestationes
1470 867 1562 905 atque
1574 861 1767 904 direptiones
1780 860 1831 892 de-

1089 918 1239 958 fensione,
1256 916 1448 961 praesidium
1466 925 1540 948 orae
1561 914 1738 947 maritimae
1754 912 1828 945 dicti

1089 971 1179 1014 regni
1198 975 1268 1003 octo
1281 970 1412 1002 navibus
1429 967 1628 1012 gravioribus
1646 966 1830 1010 galeonibus

1090 1024 1184 1066 vulgo
1208 1022 1397 1066 nuncupatis
1420 1032 1537 1064 augere
1562 1021 1661 1061 velle3
1688 1020 1831 1052 eamdem

1090 1088 1164 1111 vero
1199 1077 1391 1110 maiestatem
1423 1082 1508 1108 tuam
1540 1086 1598 1119 pro
1632 1074 1830 1119 praemissis,

1090 1140 1212 1163 necnon
1226 1130 1388 1172 religionis
1402 1128 1573 1162 catholicae
1586 1138 1621 1160 ae
1635 1126 1831 1160 obedientiae

1091 1194 1166 1226 erga
1183 1183 1211 1216 S.
1230 1183 1263 1215 R.
1283 1183 1315 1215 E.
1338 1181 1575 1215 conservatione
1594 1181 1624 1213 in
1644 1180 1705 1213 tuis
1731 1185 1760 1212 et
1785 1190 1832 1212 ex-

1092 1237 1166 1269 teris
1186 1236 1358 1269 ditionibus
1376 1241 1405 1268 et
1422 1235 1538 1277 regnis,
1553 1234 1621 1266 aliis
1638 1233 1831 1276 gravissimis

1092 1289 1216 1322 assidue
1233 1289 1410 1332 sumptibus
1425 1288 1545 1330 urgeri,
1570 1287 1629 1330 ipsi
1654 1287 1693 1319 ob
1714 1286 1831 1329 gravia,

1092 1343 1206 1387 quibus
1223 1343 1261 1375 ab
1282 1342 1401 1375 eisdem
1426 1341 1536 1385 piratis
1557 1340 1754 1380 afficiuntur,
1780 1339 1833 1371 da-

1093 1408 1175 1438 mna,
1200 1407 1258 1440 pro
1284 1395 1482 1429 sublevandis
1507 1394 1610 1437 aliqua
1627 1393 1657 1425 in
1671 1398 1759 1437 parte
1784 1403 1835 1425 ex-

1092 1451 1198 1494 pensis
1223 1450 1261 1482 ad
1285 1450 1346 1482 hoe
1369 1447 1569 1489 necessariis,
1594 1446 1651 1480 tibi
1679 1457 1833 1479 summam

1093 1509 1219 1537 centum
1243 1503 1379 1535 millium
1403 1502 1589 1534 ducatorum
1609 1504 1752 1533 monetae
1770 1500 1835 1531 illa-

1094 1568 1164 1589 rum
1180 1556 1330 1600 partium,
1350 1555 1407 1588 sub
1421 1554 1514 1588 certis
1532 1553 1673 1587 terminis
1690 1564 1725 1585 ae
1739 1552 1834 1585 modo

1095 1614 1124 1644 et
1147 1610 1249 1643 forma
1270 1608 1466 1651 exigendam,
1484 1607 1670 1646 obtulerint;

1139 1664 1153 1707 ἓ
1177 1664 1206 1696 2.
1233 1663 1375 1705 Regnum
1396 1672 1471 1694 vero
1495 1660 1693 1704 praedictum
1725 1660 1834 1692 admo-

1095 1717 1170 1749 dum
1195 1726 1314 1760 pauper
1339 1715 1469 1754 existat,
1499 1714 1629 1757 eiusque
1653 1712 1834 1746 reddituum

1096 1770 1196 1803 maior
1213 1780 1286 1813 pars
1303 1769 1342 1801 sit
1355 1767 1651 1807 ecclesiasticorum,
1666 1766 1720 1810 qui
1741 1766 1834 1798 etiam

1096 1824 1210 1866 magna
1235 1833 1271 1855 ex
1295 1827 1383 1865 parte
1415 1821 1446 1853 in
1477 1820 1560 1853 dieto
1585 1830 1684 1863 regno
1709 1824 1780 1852 sunt
1804 1819 1835 1851 in

1097 1875 1324 1920 temporalibus
1348 1874 1489 1914 domini,
1515 1874 1556 1906 ita
1580 1878 1614 1906 ut
1637 1873 1708 1905 laici
1723 1883 1780 1916 per
1803 1884 1835 1905 se

1097 1931 1190 1970 solos,
1211 1933 1340 1973 propter
1365 1938 1476 1961 eorum
1500 1931 1729 1970 paupertatem,
1750 1937 1832 1958 sum-

1098 1994 1180 2016 mam
1199 1982 1390 2026 praedictam
1407 1981 1529 2014 solvere
1545 1990 1609 2013 non
1625 1979 1756 2023 possint,
1774 1984 1838 2011 tua-

1097 2047 1158 2080 que
1183 2036 1327 2069 maiestas
1352 2035 1443 2068 nobis
1467 2035 1544 2067 haec
1569 2033 1813 2076 significaverit:

1143 2091 1157 2134 g
1182 2090 1211 2123 3.
1236 2091 1316 2129 Nos,
1342 2089 1399 2121 etsi
1430 2098 1580 2132 personas
1611 2087 1837 2120 ecclesiasticas

1098 2143 1172 2176 dieti
1186 2142 1274 2185 regni
1291 2147 1437 2186 respectu
1451 2142 1534 2174 illius
1548 2141 1740 2184 paupertatis
1751 2140 1838 2172 valde

1099 2203 1242 2240 gravatas
1266 2207 1333 2230 esse
1354 2200 1554 2240 perspectum
1582 2196 1773 2235 habeamus,
1799 2200 1840 2227 ta-

1100 2262 1190 2291 men,
1216 2251 1289 2294 quia
1312 2261 1370 2293 pro
1394 2249 1514 2282 fabrica
1539 2252 1658 2282 tantum
1684 2246 1868 2280 dictarum*

1099 2305 1225 2337 navium
1236 2304 1461 2347 postulatur,et
1479 2302 1592 2335 mentis
1608 2312 1643 2334 ae
1660 2301 1840 2334 intentionis

1100 2364 1130 2391 et
1153 2358 1344 2391 deliberatae
1356 2356 1523 2390 voluntatis
1535 2360 1662 2388 nostrae
1679 2360 1735 2395 est,
1753 2365 1840 2398 prae-

1101 2416 1203 2444 sentes
1220 2422 1278 2454 pro
1295 2411 1354 2443 hae
1371 2410 1437 2442 vice
1455 2413 1485 2442 et
1501 2420 1558 2453 pro
1579 2409 1637 2441 hac
1657 2408 1841 2441 necessitate

1101 2465 1262 2498 dumtaxat
1285 2464 1403 2506 absque
1426 2463 1490 2495 ulla
1519 2473 1573 2506 spe
1603 2462 1841 2506 prorogationis

1103 2517 1288 2557 concedere,
1313 2527 1414 2560 neque
1439 2515 1469 2548 id
1493 2515 1633 2558 alioquin
1657 2515 1841 2554 faceremus,

1103 2581 1243 2604 summae
1267 2575 1391 2603 eentum
1417 2569 1551 2601 millium
1575 2568 1762 2601 ducatorum
1787 2568 1843 2600 hu-

1104 2624 1238 2658 iusmodi
1274 2623 1461 2657 solutionem
1493 2632 1548 2665 per
1581 2621 1720 2654 eiusdem
1752 2621 1842 2663 regni

1104 2688 1255 2723 personas
1280 2676 1515 2722 ecclesiasticas,
1531 2685 1665 2719 quarum
1685 2672 1842 2708 nihilomi-

1850 1668 1908 1692 Quod
1924 1667 1950 1687 ab
1967 1667 2034 1688 eccle-

1850 1695 1941 1715 siasticis
1971 1697 2035 1714 etiam

1850 1723 1900 1742 sutri
1918 1727 1979 1746 posse
1996 1726 2034 1746 pe-

1850 1751 1873 1768 tit
1888 1747 2006 1774 Philippus.

1937 2092 2039 2113 Concedit

1854 2120 1974 2145 Gregorius.
