2293 3231
625 388 995 472 LECTORI
1061 388 1523 472 BENEVOLO

507 562 954 615 EDITORES
1022 562 1650 615 TAURINENSES

1059 700 1101 742 S.

346 1115 693 1161 Dubitationem
720 1129 921 1168 omnem,
953 1113 991 1158 si
1016 1128 1107 1174 qua
1133 1116 1363 1174 superest,
1391 1113 1563 1174 ponito,
1590 1113 1754 1160 Lector
1777 1114 1866 1161 Be-

285 1196 435 1257 nigne.
461 1195 616 1257 Magni
644 1194 811 1256 Operis
836 1194 983 1239 nostri
1014 1193 1188 1240 Tomus
1221 1193 1535 1239 Duodecimus
1561 1210 1697 1255 quom
1731 1195 1868 1241 veluti

285 1292 308 1322 e
332 1276 522 1337 vestigio
547 1278 652 1337 post
676 1274 987 1321 Undecimum
1013 1273 1242 1319 BULLARH
1267 1276 1312 1318 et
1342 1273 1551 1319 Primum
1585 1274 1867 1322 APPENDICIS

285 1357 404 1402 intra
441 1371 639 1412 annum,
664 1355 790 1401 iuxta
814 1354 1044 1416 promissa
1068 1362 1111 1400 et
1144 1356 1297 1415 optata
1314 1391 1324 1409 ,
1359 1353 1648 1415 evulgamus,
1674 1356 1863 1417 amplis-

286 1434 451 1480 simam
477 1434 616 1480 fidem
642 1434 767 1490 facit,
793 1450 884 1496 qua
908 1433 1134 1496 propositi
1157 1433 1373 1478 firmitate
1402 1436 1562 1494 coepto
1587 1433 1863 1492 insistimus,

287 1518 458 1575 quanta
481 1515 650 1560 virium
688 1514 1054 1576 promptitudine
1080 1516 1124 1560 et
1147 1513 1379 1559 alacritate
1405 1513 1461 1558 ad
1486 1512 1599 1558 illud
1632 1514 1869 1574 perficien-

286 1593 399 1639 dum
431 1594 754 1640 allaboramus.
789 1594 979 1656 Iamque
1013 1593 1340 1640 Decimotertio
1366 1593 1632 1639 adornando
1658 1594 1870 1656 typisque

286 1675 597 1736 imprimendo
623 1691 813 1721 manum
840 1675 1153 1731 admovimus,
1179 1690 1286 1736 quo,
1313 1674 1406 1720 fere
1431 1674 1595 1730 dicam,
1614 1674 1749 1719 unius
1775 1678 1871 1720 tan-

285 1759 385 1801 tum
409 1756 518 1801 anni
543 1757 691 1818 spatio
717 1759 916 1818 quatuor
940 1755 1142 1817 ingentia
1165 1755 1401 1800 volumina
1429 1753 1704 1799 habebimus
1734 1754 1869 1800 abso-

286 1834 403 1892 luta,
437 1836 560 1882 unde
595 1836 711 1882 scias
744 1836 870 1882 haud
895 1835 1034 1881 dubie
1059 1851 1144 1880 nos
1169 1835 1409 1896 deinceps,
1445 1833 1570 1879 nulla
1604 1834 1872 1894 interposita

286 1931 436 1972 mora,
463 1916 520 1982 ad
545 1920 736 1973 metam,
764 1916 1029 1978 adspirante
1054 1915 1166 1972 Deo,
1192 1918 1536 1977 properaturos.

349 1996 655 2043 Grandiorem
689 2001 845 2043 tomus
879 1997 965 2042 iste
999 2011 1140 2058 quam
1165 1995 1447 2057 praecedens
1473 1995 1670 2040 excrevit
1694 1995 1741 2039 in
1768 2010 1869 2040 mo—

286 2076 399 2132 lem,
424 2092 574 2138 neque
604 2081 761 2123 tamen
801 2076 1119 2131 immodicam,
1146 2091 1199 2121 eo
1230 2075 1355 2136 quod
1385 2078 1533 2120 totum
1559 2074 1768 2135 Gregorii
1792 2074 1873 2119 XV

288 2155 613 2201 Pontificatum
639 2156 686 2201 in
711 2156 803 2202 duo
829 2155 1044 2202 editionis
1071 2155 1306 2201 Romanae
1330 2154 1565 2200 volumina
1603 2154 1760 2214 inique
1800 2153 1872 2198 di—

288 2239 524 2297 scerptum
558 2251 642 2281 nos
668 2235 716 2280 in
745 2251 893 2281 unum
934 2235 1148 2296 colligere
1178 2234 1434 2280 consultius
1474 2234 1786 2295 reputavimus
1813 2233 1870 2276 (1).

288 2314 413 2369 Quin
429 2319 474 2361 et
495 2315 657 2362 exinde
683 2314 949 2376 aequiorem
974 2315 1022 2360 in
1047 2313 1302 2376 partiendis
1318 2313 1632 2359 voluminibus
1649 2312 1872 2357 rationem

328 2484 371 2522 (1)
393 2483 535 2515 Continet
555 2493 662 2524 nempe
683 2484 782 2514 omnia
803 2491 880 2521 quae
901 2483 933 2512 in
955 2483 1091 2512 Romana
1110 2481 1258 2511 Mainardi
1280 2482 1408 2511 editione
1429 2481 1518 2511 habet
1539 2482 1635 2511 tomus
1661 2490 1678 2510 v
1699 2490 1767 2520 pars
1784 2490 1813 2509 xv
1835 2481 1875 2510 ab

289 2551 368 2572 anno
388 2550 427 2573 vn
447 2541 532 2573 Pauli
552 2543 580 2572 V
601 2552 694 2581 usque
715 2542 753 2572 ad
774 2550 885 2570 annum
903 2550 913 2570 1
937 2539 1075 2578 Gregorii
1092 2540 1161 2577 XV,
1183 2539 1294 2569 scilicet
1315 2540 1352 2569 ab
1373 2549 1451 2568 anno
1473 2549 1565 2569 noem
1586 2548 1678 2577 usque
1695 2538 1733 2568 ad
1750 2547 1872 2576 Moerim,

289 2601 319 2630 et
337 2600 459 2640 insuper
479 2609 556 2640 quae
575 2601 722 2631 habentur
742 2600 854 2631 ibidem
875 2599 906 2630 in
928 2601 1008 2630 tomo
1031 2608 1050 2628 v
1070 2601 1155 2637 parte
1172 2608 1201 2637 v,
1223 2608 1292 2637 pag.
1317 2599 1406 2627 1-116
1429 2597 1466 2627 ad
1486 2597 1577 2628 finem
1594 2596 1782 2636 pontificatus
1802 2595 1874 2625 Gre-

289 2658 366 2696 gorii
385 2659 447 2697 XI,
470 2668 548 2689 anno
570 2668 720 2689 Mncxxm.
