<?xml version="1.0" encoding="UTF-8"?>
<!DOCTYPE html PUBLIC "-//W3C//DTD XHTML 1.0 Transitional//EN"
    "http://www.w3.org/TR/xhtml1/DTD/xhtml1-transitional.dtd">
<html xmlns="http://www.w3.org/1999/xhtml" xml:lang="en" lang="en">
 <head>
  <title>
</title>
<meta http-equiv="Content-Type" content="text/html;charset=utf-8" />
  <meta name='ocr-system' content='tesseract 3.04.00' />
  <meta name='ocr-capabilities' content='ocr_page ocr_carea ocr_par ocr_line ocrx_word'/>
</head>
<body>
  <div class='ocr_page' id='page_1' title='image "./bullarumdiplomat12cath_0550.png"; bbox 0 0 2293 3231; ppageno 0'>
   <div class='ocr_carea' id='block_1_1' title="bbox 260 259 437 287">
    <p class='ocr_par' dir='ltr' id='par_1_1' title="bbox 260 259 437 287">
     <span class='ocr_line' id='line_1_1' title="bbox 260 259 437 287; baseline 0.011 -2"><span class='ocrx_word' id='word_1_1' title='bbox 260 261 309 286; x_wconf 77' lang='lat' dir='ltr'>An.</span> <span class='ocrx_word' id='word_1_2' title='bbox 328 261 355 286; x_wconf 80' lang='lat' dir='ltr'>C.</span> <span class='ocrx_word' id='word_1_3' title='bbox 375 259 437 287; x_wconf 75' lang='lat'>162¹</span> 
     </span>
    </p>
   </div>
   <div class='ocr_carea' id='block_1_2' title="bbox 259 424 440 561">
    <p class='ocr_par' dir='ltr' id='par_1_2' title="bbox 259 424 440 561">
     <span class='ocr_line' id='line_1_2' title="bbox 259 424 440 561; baseline 0 2670"><span class='ocrx_word' id='word_1_4' title='bbox 259 424 440 561; x_wconf 95' lang='lat' dir='ltr'> </span> 
     </span>
    </p>
   </div>
   <div class='ocr_carea' id='block_1_3' title="bbox 258 1498 443 1546">
    <p class='ocr_par' dir='ltr' id='par_1_3' title="bbox 258 1498 443 1546">
     <span class='ocr_line' id='line_1_3' title="bbox 311 1498 440 1519; baseline 0 0"><span class='ocrx_word' id='word_1_5' title='bbox 311 1498 353 1519; x_wconf 66' lang='lat' dir='ltr'>Nec</span> <span class='ocrx_word' id='word_1_6' title='bbox 369 1504 409 1519; x_wconf 74' lang='lat' dir='ltr'>nen</span> <span class='ocrx_word' id='word_1_7' title='bbox 429 1504 440 1519; x_wconf 80' lang='lat' dir='ltr'>a</span> 
     </span>
     <span class='ocr_line' id='line_1_4' title="bbox 258 1525 443 1546; baseline -0.005 0"><span class='ocrx_word' id='word_1_8' title='bbox 258 1526 374 1546; x_wconf 62' lang='lat' dir='ltr'>residentia</span> <span class='ocrx_word' id='word_1_9' title='bbox 403 1525 443 1545; x_wconf 82' lang='lat' dir='ltr'>du·</span> 
     </span>
    </p>
   </div>
   <div class='ocr_carea' id='block_1_4' title="bbox 253 1600 457 1683">
    <p class='ocr_par' dir='ltr' id='par_1_4' title="bbox 253 1600 457 1683">
     <span class='ocr_line' id='line_1_5' title="bbox 253 1600 457 1683; baseline 0 -23"><span class='ocrx_word' id='word_1_10' title='bbox 253 1600 457 1683; x_wconf 95' lang='lat' dir='ltr'>   </span> 
     </span>
    </p>
   </div>
   <div class='ocr_carea' id='block_1_5' title="bbox 336 458 1977 570">
    <p class='ocr_par' dir='ltr' id='par_1_5' title="bbox 336 458 1977 570">
     <span class='ocr_line' id='line_1_6' title="bbox 336 458 1977 515; baseline 0.004 -15"><span class='ocrx_word' id='word_1_11' title='bbox 336 458 443 503; x_wconf 64' lang='grc' dir='ltr'>’ἻῖἭῖ</span> <span class='ocrx_word' id='word_1_12' title='bbox 460 469 530 501; x_wconf 77' lang='lat' dir='ltr'>libet</span> <span class='ocrx_word' id='word_1_13' title='bbox 557 474 696 501; x_wconf 88' lang='lat' dir='ltr'>vestrum</span> <span class='ocrx_word' id='word_1_14' title='bbox 715 469 898 512; x_wconf 69' lang='lat' dir='ltr'>respective,</span> <span class='ocrx_word' id='word_1_15' title='bbox 923 475 953 502; x_wconf 91' lang='lat' dir='ltr'>ut</span> <span class='ocrx_word' id='word_1_16' title='bbox 981 459 1370 514; x_wconf 54' lang='lat' dir='ltr'>quaecumqueiantistite</span> <span class='ocrx_word' id='word_1_17' title='bbox 1395 473 1529 515; x_wconf 83' lang='lat' dir='ltr'>gratiam</span> <span class='ocrx_word' id='word_1_18' title='bbox 1560 479 1589 505; x_wconf 90' lang='lat' dir='ltr'>et</span> <span class='ocrx_word' id='word_1_19' title='bbox 1615 473 1870 506; x_wconf 81' lang='lat' dir='ltr'>communionem</span> <span class='ocrx_word' id='word_1_20' title='bbox 1895 473 1977 511; x_wconf 85' lang='lat' dir='ltr'>eius-</span> 
     </span>
     <span class='ocr_line' id='line_1_7' title="bbox 365 516 1975 570; baseline 0.004 -17"><span class='ocrx_word' id='word_1_21' title='bbox 365 519 369 530; x_wconf 72' lang='lat'>*</span> <span class='ocrx_word' id='word_1_22' title='bbox 404 516 442 555; x_wconf 57' lang='lat' dir='ltr'>‘sm&#39;</span> <span class='ocrx_word' id='word_1_23' title='bbox 458 521 520 554; x_wconf 88' lang='lat' dir='ltr'>duo</span> <span class='ocrx_word' id='word_1_24' title='bbox 544 521 707 554; x_wconf 78' lang='lat' dir='ltr'>dissimilia</span> <span class='ocrx_word' id='word_1_25' title='bbox 735 522 780 554; x_wconf 88' lang='lat' dir='ltr'>vcl</span> <span class='ocrx_word' id='word_1_26' title='bbox 806 522 961 566; x_wconf 88' lang='lat' dir='ltr'>simplicia</span> <span class='ocrx_word' id='word_1_27' title='bbox 986 522 1117 564; x_wconf 88' lang='lat' dir='ltr'>similia,</span> <span class='ocrx_word' id='word_1_28' title='bbox 1142 521 1217 556; x_wconf 72' lang='lat' dir='ltr'>suhi</span> <span class='ocrx_word' id='word_1_29' title='bbox 1234 525 1305 558; x_wconf 90' lang='lat' dir='ltr'>dem</span> <span class='ocrx_word' id='word_1_30' title='bbox 1330 525 1419 559; x_wconf 82' lang='lat' dir='ltr'>Sedis</span> <span class='ocrx_word' id='word_1_31' title='bbox 1444 526 1595 567; x_wconf 82' lang='lat' dir='ltr'>habente,</span> <span class='ocrx_word' id='word_1_32' title='bbox 1616 537 1711 570; x_wconf 89' lang='lat' dir='ltr'>quem</span> <span class='ocrx_word' id='word_1_33' title='bbox 1735 526 1889 560; x_wconf 79' lang='lat' dir='ltr'>duxeritis</span> <span class='ocrx_word' id='word_1_34' title='bbox 1916 527 1975 560; x_wconf 87' lang='lat' dir='ltr'>eli-</span> 
     </span>
    </p>
   </div>
   <div class='ocr_carea' id='block_1_6' title="bbox 460 252 2175 463">
    <p class='ocr_par' dir='ltr' id='par_1_6' title="bbox 460 252 2175 407">
     <span class='ocr_line' id='line_1_8' title="bbox 488 252 1396 288; baseline 0.003 -3"><span class='ocrx_word' id='word_1_35' title='bbox 488 252 550 285; x_wconf 55' lang='lat'>5112</span> <span class='ocrx_word' id='word_1_36' title='bbox 1039 264 1218 287; x_wconf 59' lang='lat' dir='ltr'>neemanim</span> <span class='ocrx_word' id='word_1_37' title='bbox 1242 263 1396 288; x_wconf 67' lang='lat' dir='ltr'>noumuu</span> 
     </span>
     <span class='ocr_line' id='line_1_9' title="bbox 460 309 2175 358; baseline 0.005 -17"><span class='ocrx_word' id='word_1_38' title='bbox 460 309 595 342; x_wconf 81' lang='lat' dir='ltr'>servitiis</span> <span class='ocrx_word' id='word_1_39' title='bbox 614 310 727 343; x_wconf 86' lang='lat' dir='ltr'>nostris</span> <span class='ocrx_word' id='word_1_40' title='bbox 746 310 928 343; x_wconf 86' lang='lat' dir='ltr'>insteteritis</span> <span class='ocrx_word' id='word_1_41' title='bbox 948 310 1123 346; x_wconf 75' lang='lat' dir='ltr'>dumtaxat»</span> <span class='ocrx_word' id='word_1_42' title='bbox 1140 311 1200 343; x_wconf 83' lang='lat' dir='ltr'>exi·</span> <span class='ocrx_word' id='word_1_43' title='bbox 1278 314 1293 354; x_wconf 61' lang='grc' dir='ltr'>ς’</span> <span class='ocrx_word' id='word_1_44' title='bbox 1317 311 1346 344; x_wconf 79' lang='grc'>8.</span> <span class='ocrx_word' id='word_1_45' title='bbox 1371 312 1415 344; x_wconf 84' lang='lat' dir='ltr'>Ac</span> <span class='ocrx_word' id='word_1_46' title='bbox 1440 311 1577 353; x_wconf 80' lang='lat' dir='ltr'>interim,</span> <span class='ocrx_word' id='word_1_47' title='bbox 1594 313 1642 345; x_wconf 84' lang='lat' dir='ltr'>vel</span> <span class='ocrx_word' id='word_1_48' title='bbox 1659 314 1862 357; x_wconf 88' lang='lat' dir='ltr'>postmodum</span> <span class='ocrx_word' id='word_1_49' title='bbox 1879 314 1906 348; x_wconf 87' lang='lat' dir='ltr'>si</span> <span class='ocrx_word' id='word_1_50' title='bbox 1923 324 1976 347; x_wconf 82' lang='lat' dir='ltr'>vo·</span> <span class='ocrx_word' id='word_1_51' title='bbox 2005 354 2008 357; x_wconf 37' lang='grc'>,</span> <span class='ocrx_word' id='word_1_52' title='bbox 2024 326 2124 357; x_wconf 52' lang='lat' dir='ltr'>racana</span> <span class='ocrx_word' id='word_1_53' title='bbox 2143 333 2175 358; x_wconf 68' lang='lat' dir='ltr'>rq-</span> 
     </span>
     <span class='ocr_line' id='line_1_10' title="bbox 461 353 2175 407; baseline 0.004 -12"><span class='ocrx_word' id='word_1_54' title='bbox 461 363 575 395; x_wconf 77' lang='lat' dir='ltr'>mimus</span> <span class='ocrx_word' id='word_1_55' title='bbox 600 368 627 394; x_wconf 86' lang='lat' dir='ltr'>et</span> <span class='ocrx_word' id='word_1_56' title='bbox 655 363 841 395; x_wconf 81' lang='lat' dir='ltr'>liberamus:</span> <span class='ocrx_word' id='word_1_57' title='bbox 1234 364 1365 405; x_wconf 88' lang='lat' dir='ltr'>lueritis‚</span> <span class='ocrx_word' id='word_1_58' title='bbox 1390 364 1441 398; x_wconf 88' lang='lat' dir='ltr'>hic</span> <span class='ocrx_word' id='word_1_59' title='bbox 1466 365 1496 398; x_wconf 92' lang='lat' dir='ltr'>in</span> <span class='ocrx_word' id='word_1_60' title='bbox 1521 365 1663 399; x_wconf 71' lang='lat' dir='ltr'>Romana</span> <span class='ocrx_word' id='word_1_61' title='bbox 1686 367 1791 407; x_wconf 82' lang='lat' dir='ltr'>curia,</span> <span class='ocrx_word' id='word_1_62' title='bbox 1815 367 1863 401; x_wconf 84' lang='lat' dir='ltr'>vel</span> <span class='ocrx_word' id='word_1_63' title='bbox 1888 372 1976 401; x_wconf 80' lang='lat' dir='ltr'>extra</span> <span class='ocrx_word' id='word_1_64' title='bbox 1990 353 2175 402; x_wconf 49' lang='lat' dir='ltr'>fiff‘ssffiss‘ssff</span> 
     </span>
    </p>

    <p class='ocr_par' dir='ltr' id='par_1_7' title="bbox 503 415 1977 463">
     <span class='ocr_line' id='line_1_11' title="bbox 503 415 1977 463; baseline 0.005 -16"><span class='ocrx_word' id='word_1_65' title='bbox 503 416 517 459; x_wconf 64' lang='grc' dir='ltr'><strong>ξ</strong></span> <span class='ocrx_word' id='word_1_66' title='bbox 541 416 570 448; x_wconf 75' lang='lat' dir='ltr'>ti.</span> <span class='ocrx_word' id='word_1_67' title='bbox 595 415 641 448; x_wconf 79' lang='lat' dir='ltr'>Ad</span> <span class='ocrx_word' id='word_1_68' title='bbox 666 415 742 448; x_wconf 84' lang='lat' dir='ltr'>liaec</span> <span class='ocrx_word' id='word_1_69' title='bbox 768 416 948 455; x_wconf 85' lang='lat' dir='ltr'>vobiscum,</span> <span class='ocrx_word' id='word_1_70' title='bbox 974 422 1005 449; x_wconf 88' lang='lat' dir='ltr'>et</span> <span class='ocrx_word' id='word_1_71' title='bbox 1025 427 1097 450; x_wconf 90' lang='lat' dir='ltr'>cum</span> <span class='ocrx_word' id='word_1_72' title='bbox 1125 417 1217 460; x_wconf 81' lang='lat' dir='ltr'>quo-t</span> <span class='ocrx_word' id='word_1_73' title='bbox 1234 428 1302 451; x_wconf 87' lang='lat' dir='ltr'>eam</span> <span class='ocrx_word' id='word_1_74' title='bbox 1317 445 1324 459; x_wconf 84' lang='lat'>‚</span> <span class='ocrx_word' id='word_1_75' title='bbox 1350 429 1367 451; x_wconf 90' lang='lat' dir='ltr'>a</span> <span class='ocrx_word' id='word_1_76' title='bbox 1391 429 1593 463; x_wconf 90' lang='lat' dir='ltr'>quocumque</span> <span class='ocrx_word' id='word_1_77' title='bbox 1617 419 1793 453; x_wconf 73' lang='lat' dir='ltr'>malueritis</span> <span class='ocrx_word' id='word_1_78' title='bbox 1822 421 1977 455; x_wconf 88' lang='lat' dir='ltr'>catholico</span> 
     </span>
    </p>
   </div>
   <div class='ocr_carea' id='block_1_7' title="bbox 1993 265 2173 295">
    <p class='ocr_par' dir='ltr' id='par_1_8' title="bbox 1993 265 2173 295">
     <span class='ocr_line' id='line_1_12' title="bbox 1993 265 2173 295; baseline 0.011 -2"><span class='ocrx_word' id='word_1_79' title='bbox 1993 266 2042 293; x_wconf 78' lang='lat' dir='ltr'>An.</span> <span class='ocrx_word' id='word_1_80' title='bbox 2059 265 2088 293; x_wconf 87' lang='lat' dir='ltr'>G.</span> <span class='ocrx_word' id='word_1_81' title='bbox 2107 265 2173 295; x_wconf 67' lang='lat' dir='ltr'>test</span> 
     </span>
    </p>
   </div>
   <div class='ocr_carea' id='block_1_8' title="bbox 1991 413 2179 561">
    <p class='ocr_par' dir='ltr' id='par_1_9' title="bbox 1991 413 2179 561">
     <span class='ocr_line' id='line_1_13' title="bbox 1991 413 2176 434; baseline 0.005 -7"><span class='ocrx_word' id='word_1_82' title='bbox 1991 413 2037 427; x_wconf 78' lang='lat' dir='ltr'>cros</span> <span class='ocrx_word' id='word_1_83' title='bbox 2052 413 2065 428; x_wconf 76' lang='lat' dir='ltr'>a</span> <span class='ocrx_word' id='word_1_84' title='bbox 2076 413 2176 434; x_wconf 86' lang='lat' dir='ltr'>quocum·</span> 
     </span>
     <span class='ocr_line' id='line_1_14' title="bbox 1992 434 2175 460; baseline 0.005 -7"><span class='ocrx_word' id='word_1_85' title='bbox 1992 440 2033 460; x_wconf 73' lang='lat' dir='ltr'>que</span> <span class='ocrx_word' id='word_1_86' title='bbox 2068 434 2175 455; x_wconf 68' lang='lat' dir='ltr'>catholieo</span> 
     </span>
     <span class='ocr_line' id='line_1_15' title="bbox 1992 460 2177 484; baseline 0.005 -3"><span class='ocrx_word' id='word_1_87' title='bbox 1992 460 2094 484; x_wconf 79' lang='lat' dir='ltr'>antistite.</span> <span class='ocrx_word' id='word_1_88' title='bbox 2112 461 2177 482; x_wconf 72' lang='lat' dir='ltr'>etiam</span> 
     </span>
     <span class='ocr_line' id='line_1_16' title="bbox 1993 489 2179 514; baseline 0.005 -7"><span class='ocrx_word' id='word_1_89' title='bbox 1993 490 2052 508; x_wconf 71' lang='lat' dir='ltr'>extra</span> <span class='ocrx_word' id='word_1_90' title='bbox 2083 489 2179 514; x_wconf 62' lang='lat' dir='ltr'>tempora</span> 
     </span>
     <span class='ocr_line' id='line_1_17' title="bbox 1993 513 2179 535; baseline 0.005 -2"><span class='ocrx_word' id='word_1_91' title='bbox 1993 515 2014 534; x_wconf 64' lang='lat' dir='ltr'>et</span> <span class='ocrx_word' id='word_1_92' title='bbox 2029 514 2074 534; x_wconf 76' lang='lat' dir='ltr'>sine</span> <span class='ocrx_word' id='word_1_93' title='bbox 2092 513 2179 535; x_wconf 72' lang='lat' dir='ltr'>licentia</span> 
     </span>
     <span class='ocr_line' id='line_1_18' title="bbox 1993 540 2110 561; baseline 0 0"><span class='ocrx_word' id='word_1_94' title='bbox 1993 540 2110 561; x_wconf 80' lang='lat' dir='ltr'>ordinarii.</span> 
     </span>
    </p>
   </div>
   <div class='ocr_carea' id='block_1_9' title="bbox 457 566 1980 675">
    <p class='ocr_par' dir='ltr' id='par_1_10' title="bbox 457 566 1980 675">
     <span class='ocr_line' id='line_1_19' title="bbox 457 566 1980 623; baseline 0.004 -17"><span class='ocrx_word' id='word_1_95' title='bbox 457 575 587 617; x_wconf 74' lang='lat' dir='ltr'>singulis</span> <span class='ocrx_word' id='word_1_96' title='bbox 600 575 803 609; x_wconf 88' lang='lat' dir='ltr'>tribustectis</span> <span class='ocrx_word' id='word_1_97' title='bbox 816 585 1090 620; x_wconf 86' lang='lat' dir='ltr'>quarumcumque</span> <span class='ocrx_word' id='word_1_98' title='bbox 1104 577 1199 610; x_wconf 92' lang='lat' dir='ltr'>trium</span> <span class='ocrx_word' id='word_1_99' title='bbox 1214 566 1217 603; x_wconf 67' lang='grc' dir='ltr'><strong>ἶ</strong></span> <span class='ocrx_word' id='word_1_100' title='bbox 1233 577 1383 620; x_wconf 78' lang='lat' dir='ltr'>gendum,</span> <span class='ocrx_word' id='word_1_101' title='bbox 1409 577 1448 611; x_wconf 84' lang='lat' dir='ltr'>ad</span> <span class='ocrx_word' id='word_1_102' title='bbox 1472 588 1583 612; x_wconf 87' lang='lat' dir='ltr'>omnes</span> <span class='ocrx_word' id='word_1_103' title='bbox 1607 579 1701 611; x_wconf 87' lang='lat' dir='ltr'>etiam</span> <span class='ocrx_word' id='word_1_104' title='bbox 1727 589 1834 612; x_wconf 89' lang='lat' dir='ltr'>sacros</span> <span class='ocrx_word' id='word_1_105' title='bbox 1858 584 1889 611; x_wconf 88' lang='lat' dir='ltr'>et</span> <span class='ocrx_word' id='word_1_106' title='bbox 1911 589 1980 623; x_wconf 87' lang='lat' dir='ltr'>pre·</span> 
     </span>
     <span class='ocr_line' id='line_1_20' title="bbox 457 626 1980 675; baseline 0.003 -15"><span class='ocrx_word' id='word_1_107' title='bbox 457 628 700 669; x_wconf 75' lang='lat' dir='ltr'>cathedralium,</span> <span class='ocrx_word' id='word_1_108' title='bbox 733 628 828 662; x_wconf 86' lang='lat' dir='ltr'>etiam</span> <span class='ocrx_word' id='word_1_109' title='bbox 861 630 1177 675; x_wconf 87' lang='lat' dir='ltr'>metropolitanarum</span> <span class='ocrx_word' id='word_1_110' title='bbox 1192 626 1217 672; x_wconf 70' lang='lat' dir='ltr'>,l</span> <span class='ocrx_word' id='word_1_111' title='bbox 1234 630 1410 674; x_wconf 68' lang='lat' dir='ltr'>sbyteratus</span> <span class='ocrx_word' id='word_1_112' title='bbox 1435 630 1564 664; x_wconf 84' lang='lat' dir='ltr'>ordines</span> <span class='ocrx_word' id='word_1_113' title='bbox 1587 631 1747 675; x_wconf 83' lang='lat' dir='ltr'>aliquibus</span> <span class='ocrx_word' id='word_1_114' title='bbox 1764 631 1866 665; x_wconf 87' lang='lat' dir='ltr'>tribus</span> <span class='ocrx_word' id='word_1_115' title='bbox 1881 631 1980 665; x_wconf 90' lang='lat' dir='ltr'>domi-</span> 
     </span>
    </p>
   </div>
   <div class='ocr_carea' id='block_1_10' title="bbox 375 1594 1200 1689">
    <p class='ocr_par' dir='ltr' id='par_1_11' title="bbox 375 1594 1200 1689">
     <span class='ocr_line' id='line_1_21' title="bbox 389 1594 1200 1638; baseline 0.002 -13"><span class='ocrx_word' id='word_1_116' title='bbox 389 1611 394 1619; x_wconf 85' lang='lat'>·</span> <span class='ocrx_word' id='word_1_117' title='bbox 430 1594 599 1633; x_wconf 78' lang='lat' dir='ltr'>..siasticis,</span> <span class='ocrx_word' id='word_1_118' title='bbox 625 1595 718 1627; x_wconf 81' lang='lat' dir='ltr'>etiam</span> <span class='ocrx_word' id='word_1_119' title='bbox 735 1595 868 1635; x_wconf 80' lang='lat' dir='ltr'>curatis,</span> <span class='ocrx_word' id='word_1_120' title='bbox 893 1604 956 1627; x_wconf 90' lang='lat' dir='ltr'>non</span> <span class='ocrx_word' id='word_1_121' title='bbox 982 1600 1084 1627; x_wconf 74' lang='lat' dir='ltr'>tamen</span> <span class='ocrx_word' id='word_1_122' title='bbox 1111 1604 1200 1638; x_wconf 86' lang='lat' dir='ltr'>paro-</span> 
     </span>
     <span class='ocr_line' id='line_1_22' title="bbox 375 1648 1199 1689; baseline 0.001 -9"><span class='ocrx_word' id='word_1_123' title='bbox 375 1648 634 1689; x_wconf 44' lang='lat' dir='ltr'>„ww-hiatibus,</span> <span class='ocrx_word' id='word_1_124' title='bbox 667 1659 723 1682; x_wconf 89' lang='lat' dir='ltr'>nec</span> <span class='ocrx_word' id='word_1_125' title='bbox 759 1649 876 1681; x_wconf 85' lang='lat' dir='ltr'>curatis</span> <span class='ocrx_word' id='word_1_126' title='bbox 911 1650 987 1682; x_wconf 73' lang='lat' dir='ltr'>cura</span> <span class='ocrx_word' id='word_1_127' title='bbox 1021 1649 1199 1682; x_wconf 87' lang='lat' dir='ltr'>animarum</span> 
     </span>
    </p>
   </div>
   <div class='ocr_carea' id='block_1_11' title="bbox 455 682 1217 1580">
    <p class='ocr_par' dir='ltr' id='par_1_12' title="bbox 455 682 1217 1477">
     <span class='ocr_line' id='line_1_23' title="bbox 456 682 1200 724; baseline 0.007 -11"><span class='ocrx_word' id='word_1_128' title='bbox 456 687 506 714; x_wconf 76' lang='lat' dir='ltr'>aut</span> <span class='ocrx_word' id='word_1_129' title='bbox 533 682 667 715; x_wconf 85' lang='lat' dir='ltr'>aliarum</span> <span class='ocrx_word' id='word_1_130' title='bbox 692 682 899 716; x_wconf 86' lang='lat' dir='ltr'>ecclesiarum</span> <span class='ocrx_word' id='word_1_131' title='bbox 924 683 1125 717; x_wconf 73' lang='lat' dir='ltr'>consistentia</span> <span class='ocrx_word' id='word_1_132' title='bbox 1140 711 1148 724; x_wconf 77' lang='grc'><strong>,</strong></span> <span class='ocrx_word' id='word_1_133' title='bbox 1172 696 1200 718; x_wconf 88' lang='lat' dir='ltr'>e-</span> 
     </span>
     <span class='ocr_line' id='line_1_24' title="bbox 457 735 1198 773; baseline 0.008 -6"><span class='ocrx_word' id='word_1_134' title='bbox 457 735 557 768; x_wconf 86' lang='lat' dir='ltr'>tiamsi</span> <span class='ocrx_word' id='word_1_135' title='bbox 582 745 680 769; x_wconf 91' lang='lat' dir='ltr'>unum</span> <span class='ocrx_word' id='word_1_136' title='bbox 705 746 742 769; x_wconf 80' lang='lat' dir='ltr'>ex</span> <span class='ocrx_word' id='word_1_137' title='bbox 767 736 1000 771; x_wconf 74' lang='lat' dir='ltr'>illis.omnibus</span> <span class='ocrx_word' id='word_1_138' title='bbox 1018 748 1090 770; x_wconf 86' lang='lat' dir='ltr'>eum</span> <span class='ocrx_word' id='word_1_139' title='bbox 1111 740 1198 773; x_wconf 79' lang='lat' dir='ltr'>cura.</span> 
     </span>
     <span class='ocr_line' id='line_1_25' title="bbox 456 788 1199 835; baseline 0.003 -14"><span class='ocrx_word' id='word_1_140' title='bbox 456 794 506 821; x_wconf 86' lang='lat' dir='ltr'>aut</span> <span class='ocrx_word' id='word_1_141' title='bbox 532 788 667 832; x_wconf 76' lang='lat' dir='ltr'>dignitas</span> <span class='ocrx_word' id='word_1_142' title='bbox 691 788 785 822; x_wconf 90' lang='lat' dir='ltr'>etiam</span> <span class='ocrx_word' id='word_1_143' title='bbox 817 790 935 830; x_wconf 88' lang='lat' dir='ltr'>maior,</span> <span class='ocrx_word' id='word_1_144' title='bbox 961 796 991 823; x_wconf 88' lang='lat' dir='ltr'>et</span> <span class='ocrx_word' id='word_1_145' title='bbox 1015 790 1199 835; x_wconf 86' lang='lat' dir='ltr'>principalis</span> 
     </span>
     <span class='ocr_line' id='line_1_26' title="bbox 457 826 1217 890; baseline 0.003 -16"><span class='ocrx_word' id='word_1_146' title='bbox 457 842 659 876; x_wconf 78' lang='lat' dir='ltr'>canonicatus</span> <span class='ocrx_word' id='word_1_147' title='bbox 676 848 705 876; x_wconf 89' lang='lat' dir='ltr'>et</span> <span class='ocrx_word' id='word_1_148' title='bbox 730 843 920 887; x_wconf 88' lang='lat' dir='ltr'>praebenda,</span> <span class='ocrx_word' id='word_1_149' title='bbox 934 849 1132 887; x_wconf 74' lang='lat' dir='ltr'>personatus,</span> <span class='ocrx_word' id='word_1_150' title='bbox 1150 844 1200 877; x_wconf 87' lang='lat' dir='ltr'>ad·</span> <span class='ocrx_word' id='word_1_151' title='bbox 1214 826 1217 890; x_wconf 58' lang='lat' dir='ltr'>i</span> 
     </span>
     <span class='ocr_line' id='line_1_27' title="bbox 457 895 1200 933; baseline 0.004 -6"><span class='ocrx_word' id='word_1_152' title='bbox 457 895 656 933; x_wconf 81' lang='lat' dir='ltr'>ministratio,</span> <span class='ocrx_word' id='word_1_153' title='bbox 681 896 728 929; x_wconf 86' lang='lat' dir='ltr'>vel</span> <span class='ocrx_word' id='word_1_154' title='bbox 753 896 893 930; x_wconf 85' lang='lat' dir='ltr'>officium</span> <span class='ocrx_word' id='word_1_155' title='bbox 919 897 1013 930; x_wconf 88' lang='lat' dir='ltr'>suerit</span> <span class='ocrx_word' id='word_1_156' title='bbox 1037 902 1067 930; x_wconf 88' lang='lat' dir='ltr'>et</span> <span class='ocrx_word' id='word_1_157' title='bbox 1096 897 1134 930; x_wconf 90' lang='lat' dir='ltr'>ad</span> <span class='ocrx_word' id='word_1_158' title='bbox 1158 897 1200 930; x_wconf 91' lang='lat' dir='ltr'>di-</span> 
     </span>
     <span class='ocr_line' id='line_1_28' title="bbox 456 949 1217 1000; baseline 0.004 -19"><span class='ocrx_word' id='word_1_159' title='bbox 456 949 617 991; x_wconf 67' lang='lat' dir='ltr'>gnitatem,</span> <span class='ocrx_word' id='word_1_160' title='bbox 642 955 856 993; x_wconf 86' lang='lat' dir='ltr'>personatum,</span> <span class='ocrx_word' id='word_1_161' title='bbox 882 950 1199 991; x_wconf 85' lang='lat' dir='ltr'>administrationem,</span> <span class='ocrx_word' id='word_1_162' title='bbox 1214 983 1217 1000; x_wconf 48' lang='lat'><em>4</em></span> 
     </span>
     <span class='ocr_line' id='line_1_29' title="bbox 457 1002 1217 1048; baseline 0.003 -13"><span class='ocrx_word' id='word_1_163' title='bbox 457 1002 502 1035; x_wconf 90' lang='lat' dir='ltr'>vel</span> <span class='ocrx_word' id='word_1_164' title='bbox 528 1002 666 1036; x_wconf 87' lang='lat' dir='ltr'>officium</span> <span class='ocrx_word' id='word_1_165' title='bbox 691 1003 872 1037; x_wconf 87' lang='lat' dir='ltr'>huiusmodi</span> <span class='ocrx_word' id='word_1_166' title='bbox 907 1005 1103 1037; x_wconf 81' lang='lat' dir='ltr'>consueverit</span> <span class='ocrx_word' id='word_1_167' title='bbox 1130 1002 1217 1048; x_wconf 64' lang='lat' dir='ltr'>quis!</span> 
     </span>
     <span class='ocr_line' id='line_1_30' title="bbox 455 1056 1216 1105; baseline 0.003 -17"><span class='ocrx_word' id='word_1_168' title='bbox 455 1066 512 1099; x_wconf 90' lang='lat' dir='ltr'>per</span> <span class='ocrx_word' id='word_1_169' title='bbox 537 1056 723 1090; x_wconf 85' lang='lat' dir='ltr'>electionem</span> <span class='ocrx_word' id='word_1_170' title='bbox 748 1057 876 1097; x_wconf 84' lang='lat' dir='ltr'>assumi,</span> <span class='ocrx_word' id='word_1_171' title='bbox 900 1057 992 1101; x_wconf 86' lang='lat' dir='ltr'>eique</span> <span class='ocrx_word' id='word_1_172' title='bbox 1009 1068 1085 1090; x_wconf 85' lang='lat' dir='ltr'>cura</span> <span class='ocrx_word' id='word_1_173' title='bbox 1106 1058 1216 1105; x_wconf 27' lang='lat' dir='ltr'>etiam:</span> 
     </span>
     <span class='ocr_line' id='line_1_31' title="bbox 457 1106 1216 1148; baseline 0.003 -6"><span class='ocrx_word' id='word_1_174' title='bbox 457 1109 712 1144; x_wconf 86' lang='lat' dir='ltr'>iurisdictionalis</span> <span class='ocrx_word' id='word_1_175' title='bbox 745 1110 910 1144; x_wconf 87' lang='lat' dir='ltr'>immineat</span> <span class='ocrx_word' id='word_1_176' title='bbox 941 1111 1141 1148; x_wconf 80' lang='lat' dir='ltr'>animarum.</span> <span class='ocrx_word' id='word_1_177' title='bbox 1174 1106 1216 1144; x_wconf 83' lang='lat' dir='ltr'>si¹</span> 
     </span>
     <span class='ocr_line' id='line_1_32' title="bbox 456 1163 1198 1206; baseline 0.003 -10"><span class='ocrx_word' id='word_1_178' title='bbox 456 1163 549 1197; x_wconf 83' lang='lat' dir='ltr'>alicui</span> <span class='ocrx_word' id='word_1_179' title='bbox 563 1169 703 1197; x_wconf 90' lang='lat' dir='ltr'>vestrum</span> <span class='ocrx_word' id='word_1_180' title='bbox 722 1165 798 1197; x_wconf 75' lang='lat' dir='ltr'>alias</span> <span class='ocrx_word' id='word_1_181' title='bbox 816 1165 965 1198; x_wconf 84' lang='lat' dir='ltr'>canonice</span> <span class='ocrx_word' id='word_1_182' title='bbox 986 1165 1198 1206; x_wconf 85' lang='lat' dir='ltr'>conserantur,</span> 
     </span>
     <span class='ocr_line' id='line_1_33' title="bbox 456 1217 1199 1263; baseline 0.001 -13"><span class='ocrx_word' id='word_1_183' title='bbox 456 1221 507 1251; x_wconf 82' lang='lat' dir='ltr'>aut</span> <span class='ocrx_word' id='word_1_184' title='bbox 520 1217 654 1262; x_wconf 89' lang='lat' dir='ltr'>quisquc</span> <span class='ocrx_word' id='word_1_185' title='bbox 666 1223 804 1251; x_wconf 86' lang='lat' dir='ltr'>vestrum</span> <span class='ocrx_word' id='word_1_186' title='bbox 815 1218 959 1262; x_wconf 73' lang='lat' dir='ltr'>eligatur,</span> <span class='ocrx_word' id='word_1_187' title='bbox 970 1224 1199 1263; x_wconf 79' lang='lat' dir='ltr'>praesentetur,</span> 
     </span>
     <span class='ocr_line' id='line_1_34' title="bbox 455 1271 1199 1312; baseline 0.003 -9"><span class='ocrx_word' id='word_1_188' title='bbox 455 1276 508 1303; x_wconf 87' lang='lat' dir='ltr'>aut</span> <span class='ocrx_word' id='word_1_189' title='bbox 532 1271 608 1304; x_wconf 75' lang='lat' dir='ltr'>alias</span> <span class='ocrx_word' id='word_1_190' title='bbox 632 1277 811 1305; x_wconf 83' lang='lat' dir='ltr'>assumatur</span> <span class='ocrx_word' id='word_1_191' title='bbox 827 1272 865 1305; x_wconf 87' lang='lat' dir='ltr'>ad</span> <span class='ocrx_word' id='word_1_192' title='bbox 883 1272 944 1312; x_wconf 87' lang='lat' dir='ltr'>illa,</span> <span class='ocrx_word' id='word_1_193' title='bbox 970 1277 998 1305; x_wconf 84' lang='lat' dir='ltr'>et</span> <span class='ocrx_word' id='word_1_194' title='bbox 1021 1272 1199 1306; x_wconf 78' lang='lat' dir='ltr'>instituatur</span> 
     </span>
     <span class='ocr_line' id='line_1_35' title="bbox 457 1325 1198 1370; baseline 0.003 -13"><span class='ocrx_word' id='word_1_195' title='bbox 457 1325 489 1357; x_wconf 89' lang='lat' dir='ltr'>in</span> <span class='ocrx_word' id='word_1_196' title='bbox 513 1325 568 1366; x_wconf 87' lang='lat' dir='ltr'>eis,</span> <span class='ocrx_word' id='word_1_197' title='bbox 594 1325 745 1370; x_wconf 84' lang='lat' dir='ltr'>recipere,</span> <span class='ocrx_word' id='word_1_198' title='bbox 771 1331 801 1359; x_wconf 88' lang='lat' dir='ltr'>et</span> <span class='ocrx_word' id='word_1_199' title='bbox 826 1326 998 1359; x_wconf 89' lang='lat' dir='ltr'>dummodo</span> <span class='ocrx_word' id='word_1_200' title='bbox 1024 1327 1076 1358; x_wconf 87' lang='lat' dir='ltr'>illa</span> <span class='ocrx_word' id='word_1_201' title='bbox 1093 1327 1198 1359; x_wconf 87' lang='lat' dir='ltr'>omnia</span> 
     </span>
     <span class='ocr_line' id='line_1_36' title="bbox 457 1380 1198 1423; baseline 0.004 -12"><span class='ocrx_word' id='word_1_202' title='bbox 457 1388 533 1412; x_wconf 83' lang='lat' dir='ltr'>tuno</span> <span class='ocrx_word' id='word_1_203' title='bbox 547 1380 692 1423; x_wconf 74' lang='lat' dir='ltr'>excepto)</span> <span class='ocrx_word' id='word_1_204' title='bbox 710 1380 908 1422; x_wconf 79' lang='lat' dir='ltr'>personalem</span> <span class='ocrx_word' id='word_1_205' title='bbox 920 1380 1121 1414; x_wconf 69' lang='lat' dir='ltr'>residentiam</span> <span class='ocrx_word' id='word_1_206' title='bbox 1136 1390 1198 1414; x_wconf 89' lang='lat' dir='ltr'>non</span> 
     </span>
     <span class='ocr_line' id='line_1_37' title="bbox 457 1432 1198 1477; baseline 0.001 -12"><span class='ocrx_word' id='word_1_207' title='bbox 457 1432 767 1477; x_wconf 33' lang='lat' dir='ltr'>requirantninsimul</span> <span class='ocrx_word' id='word_1_208' title='bbox 778 1433 883 1477; x_wconf 89' lang='lat' dir='ltr'>quoad</span> <span class='ocrx_word' id='word_1_209' title='bbox 897 1433 1036 1466; x_wconf 72' lang='lat' dir='ltr'>vixeritis</span> <span class='ocrx_word' id='word_1_210' title='bbox 1051 1433 1198 1473; x_wconf 87' lang='lat' dir='ltr'>retinere,</span> 
     </span>
    </p>

    <p class='ocr_par' dir='ltr' id='par_1_13' title="bbox 457 1486 1200 1580">
     <span class='ocr_line' id='line_1_38' title="bbox 501 1486 1200 1530; baseline 0 -11"><span class='ocrx_word' id='word_1_211' title='bbox 501 1489 516 1529; x_wconf 60' lang='lat' dir='ltr'>g</span> <span class='ocrx_word' id='word_1_212' title='bbox 542 1486 569 1519; x_wconf 87' lang='lat'>7.</span> <span class='ocrx_word' id='word_1_213' title='bbox 603 1487 665 1520; x_wconf 77' lang='lat' dir='ltr'>Nec</span> <span class='ocrx_word' id='word_1_214' title='bbox 698 1497 761 1520; x_wconf 90' lang='lat' dir='ltr'>non</span> <span class='ocrx_word' id='word_1_215' title='bbox 794 1487 886 1520; x_wconf 86' lang='lat' dir='ltr'>etiam</span> <span class='ocrx_word' id='word_1_216' title='bbox 902 1515 909 1524; x_wconf 77' lang='grc'>,</span> <span class='ocrx_word' id='word_1_217' title='bbox 934 1487 1083 1530; x_wconf 86' lang='lat' dir='ltr'>quamdiu</span> <span class='ocrx_word' id='word_1_218' title='bbox 1109 1486 1200 1519; x_wconf 86' lang='lat' dir='ltr'>nobis</span> 
     </span>
     <span class='ocr_line' id='line_1_39' title="bbox 457 1540 1200 1580; baseline 0.001 -8"><span class='ocrx_word' id='word_1_219' title='bbox 457 1540 661 1574; x_wconf 87' lang='lat' dir='ltr'>inservieritis</span> <span class='ocrx_word' id='word_1_220' title='bbox 694 1546 834 1580; x_wconf 88' lang='lat' dir='ltr'>tantum,</span> <span class='ocrx_word' id='word_1_221' title='bbox 860 1540 890 1573; x_wconf 90' lang='lat' dir='ltr'>in</span> <span class='ocrx_word' id='word_1_222' title='bbox 916 1540 1077 1573; x_wconf 81' lang='lat' dir='ltr'>beneficiis</span> <span class='ocrx_word' id='word_1_223' title='bbox 1102 1541 1200 1573; x_wconf 84' lang='lat' dir='ltr'>eccle-</span> 
     </span>
    </p>
   </div>
   <div class='ocr_carea' id='block_1_12' title="bbox 455 1703 1218 2443">
    <p class='ocr_par' dir='ltr' id='par_1_14' title="bbox 455 1703 1218 2443">
     <span class='ocr_line' id='line_1_40' title="bbox 456 1703 1200 1747; baseline 0 -13"><span class='ocrx_word' id='word_1_224' title='bbox 456 1703 734 1746; x_wconf 84' lang='lat' dir='ltr'>parochianorum,</span> <span class='ocrx_word' id='word_1_225' title='bbox 755 1714 811 1747; x_wconf 87' lang='lat' dir='ltr'>per</span> <span class='ocrx_word' id='word_1_226' title='bbox 829 1714 884 1737; x_wconf 89' lang='lat' dir='ltr'>vos</span> <span class='ocrx_word' id='word_1_227' title='bbox 902 1714 961 1747; x_wconf 90' lang='lat' dir='ltr'>pro</span> <span class='ocrx_word' id='word_1_228' title='bbox 978 1707 1121 1747; x_wconf 85' lang='lat' dir='ltr'>tempore</span> <span class='ocrx_word' id='word_1_229' title='bbox 1138 1712 1200 1735; x_wconf 87' lang='lat' dir='ltr'>rcs-</span> 
     </span>
     <span class='ocr_line' id='line_1_41' title="bbox 456 1756 1199 1799; baseline -0.001 -11"><span class='ocrx_word' id='word_1_230' title='bbox 456 1756 577 1799; x_wconf 86' lang='lat' dir='ltr'>pectivc</span> <span class='ocrx_word' id='word_1_231' title='bbox 601 1756 747 1796; x_wconf 86' lang='lat' dir='ltr'>obtentis,</span> <span class='ocrx_word' id='word_1_232' title='bbox 772 1757 866 1789; x_wconf 89' lang='lat' dir='ltr'>ctiam</span> <span class='ocrx_word' id='word_1_233' title='bbox 891 1757 929 1789; x_wconf 91' lang='lat' dir='ltr'>dc</span> <span class='ocrx_word' id='word_1_234' title='bbox 961 1757 1046 1797; x_wconf 88' lang='lat' dir='ltr'>iure,</span> <span class='ocrx_word' id='word_1_235' title='bbox 1072 1760 1199 1797; x_wconf 81' lang='lat' dir='ltr'>statuto,</span> 
     </span>
     <span class='ocr_line' id='line_1_42' title="bbox 456 1810 1201 1854; baseline 0.001 -12"><span class='ocrx_word' id='word_1_236' title='bbox 456 1810 648 1851; x_wconf 83' lang='lat' dir='ltr'>fundatione,</span> <span class='ocrx_word' id='word_1_237' title='bbox 674 1811 719 1842; x_wconf 86' lang='lat' dir='ltr'>vel</span> <span class='ocrx_word' id='word_1_238' title='bbox 746 1810 912 1854; x_wconf 82' lang='lat' dir='ltr'>privilegio</span> <span class='ocrx_word' id='word_1_239' title='bbox 936 1810 1135 1854; x_wconf 79' lang='lat' dir='ltr'>personalem</span> <span class='ocrx_word' id='word_1_240' title='bbox 1155 1821 1201 1843; x_wconf 88' lang='lat' dir='ltr'>rc-</span> 
     </span>
     <span class='ocr_line' id='line_1_43' title="bbox 456 1841 1218 1910; baseline 0.001 -14"><span class='ocrx_word' id='word_1_241' title='bbox 456 1863 620 1897; x_wconf 78' lang='lat' dir='ltr'>sidentiam</span> <span class='ocrx_word' id='word_1_242' title='bbox 635 1864 881 1907; x_wconf 79' lang='lat' dir='ltr'>requirentibus,</span> <span class='ocrx_word' id='word_1_243' title='bbox 897 1863 1019 1896; x_wconf 82' lang='lat' dir='ltr'>etiamsi</span> <span class='ocrx_word' id='word_1_244' title='bbox 1033 1863 1200 1906; x_wconf 80' lang='lat' dir='ltr'>dignitates</span> <span class='ocrx_word' id='word_1_245' title='bbox 1214 1841 1218 1910; x_wconf 73' lang='grc'>1</span> 
     </span>
     <span class='ocr_line' id='line_1_44' title="bbox 457 1914 1217 1961; baseline 0 -12"><span class='ocrx_word' id='word_1_246' title='bbox 457 1917 486 1949; x_wconf 83' lang='lat' dir='ltr'>in</span> <span class='ocrx_word' id='word_1_247' title='bbox 511 1916 744 1950; x_wconf 77' lang='lat' dir='ltr'>cathedralibus</span> <span class='ocrx_word' id='word_1_248' title='bbox 758 1917 850 1950; x_wconf 88' lang='lat' dir='ltr'>etiam</span> <span class='ocrx_word' id='word_1_249' title='bbox 870 1917 1121 1961; x_wconf 83' lang='lat' dir='ltr'>metropolitanis</span> <span class='ocrx_word' id='word_1_250' title='bbox 1138 1914 1217 1949; x_wconf 67' lang='lat' dir='ltr'>ma-i</span> 
     </span>
     <span class='ocr_line' id='line_1_45' title="bbox 455 1970 1198 2013; baseline 0 -10"><span class='ocrx_word' id='word_1_251' title='bbox 455 1970 557 2009; x_wconf 87' lang='lat' dir='ltr'>iores,</span> <span class='ocrx_word' id='word_1_252' title='bbox 583 1981 618 2003; x_wconf 82' lang='lat' dir='ltr'>ac</span> <span class='ocrx_word' id='word_1_253' title='bbox 643 1970 817 2013; x_wconf 82' lang='lat' dir='ltr'>collegiatis</span> <span class='ocrx_word' id='word_1_254' title='bbox 848 1970 989 2003; x_wconf 81' lang='lat' dir='ltr'>ecclesiis</span> <span class='ocrx_word' id='word_1_255' title='bbox 1018 1970 1198 2003; x_wconf 86' lang='lat' dir='ltr'>huiusmodi</span> 
     </span>
     <span class='ocr_line' id='line_1_46' title="bbox 456 2023 1199 2068; baseline 0.001 -13"><span class='ocrx_word' id='word_1_256' title='bbox 456 2023 648 2067; x_wconf 84' lang='lat' dir='ltr'>principales</span> <span class='ocrx_word' id='word_1_257' title='bbox 672 2024 797 2062; x_wconf 81' lang='lat' dir='ltr'>suerint,</span> <span class='ocrx_word' id='word_1_258' title='bbox 822 2023 1031 2068; x_wconf 85' lang='lat' dir='ltr'>personaliter</span> <span class='ocrx_word' id='word_1_259' title='bbox 1060 2023 1199 2057; x_wconf 86' lang='lat' dir='ltr'>residere</span> 
     </span>
     <span class='ocr_line' id='line_1_47' title="bbox 456 2076 1217 2120; baseline 0 -12"><span class='ocrx_word' id='word_1_260' title='bbox 456 2086 518 2109; x_wconf 93' lang='lat' dir='ltr'>non</span> <span class='ocrx_word' id='word_1_261' title='bbox 544 2076 736 2115; x_wconf 84' lang='lat' dir='ltr'>teneamini,</span> <span class='ocrx_word' id='word_1_262' title='bbox 769 2088 825 2110; x_wconf 90' lang='lat' dir='ltr'>nec</span> <span class='ocrx_word' id='word_1_263' title='bbox 855 2077 893 2109; x_wconf 89' lang='lat' dir='ltr'>ad</span> <span class='ocrx_word' id='word_1_264' title='bbox 925 2077 954 2109; x_wconf 87' lang='lat' dir='ltr'>id</span> <span class='ocrx_word' id='word_1_265' title='bbox 978 2088 1036 2120; x_wconf 84' lang='lat' dir='ltr'>per</span> <span class='ocrx_word' id='word_1_266' title='bbox 1057 2078 1217 2110; x_wconf 82' lang='lat' dir='ltr'>locorumi</span> 
     </span>
     <span class='ocr_line' id='line_1_48' title="bbox 457 2130 1198 2168; baseline -0.003 -4"><span class='ocrx_word' id='word_1_267' title='bbox 457 2130 659 2168; x_wconf 69' lang='lat' dir='ltr'>ordinarios,</span> <span class='ocrx_word' id='word_1_268' title='bbox 691 2136 741 2163; x_wconf 87' lang='lat' dir='ltr'>aut</span> <span class='ocrx_word' id='word_1_269' title='bbox 779 2131 982 2164; x_wconf 84' lang='lat' dir='ltr'>ecclesiarum</span> <span class='ocrx_word' id='word_1_270' title='bbox 1015 2130 1198 2163; x_wconf 84' lang='lat' dir='ltr'>carumdem</span> 
     </span>
     <span class='ocr_line' id='line_1_49' title="bbox 457 2184 1200 2228; baseline 0.003 -14"><span class='ocrx_word' id='word_1_271' title='bbox 457 2185 603 2228; x_wconf 73' lang='lat' dir='ltr'>capitula,</span> <span class='ocrx_word' id='word_1_272' title='bbox 621 2195 675 2217; x_wconf 85' lang='lat' dir='ltr'>scu</span> <span class='ocrx_word' id='word_1_273' title='bbox 692 2184 819 2228; x_wconf 86' lang='lat' dir='ltr'>quosvis</span> <span class='ocrx_word' id='word_1_274' title='bbox 836 2185 924 2225; x_wconf 83' lang='lat' dir='ltr'>alios,</span> <span class='ocrx_word' id='word_1_275' title='bbox 943 2184 980 2217; x_wconf 86' lang='lat' dir='ltr'>ad</span> <span class='ocrx_word' id='word_1_276' title='bbox 999 2184 1200 2217; x_wconf 89' lang='lat' dir='ltr'>residendum</span> 
     </span>
     <span class='ocr_line' id='line_1_50' title="bbox 458 2237 1200 2282; baseline 0 -13"><span class='ocrx_word' id='word_1_277' title='bbox 458 2237 584 2271; x_wconf 90' lang='lat' dir='ltr'>interim</span> <span class='ocrx_word' id='word_1_278' title='bbox 610 2238 640 2270; x_wconf 91' lang='lat' dir='ltr'>in</span> <span class='ocrx_word' id='word_1_279' title='bbox 666 2237 726 2270; x_wconf 90' lang='lat' dir='ltr'>illis</span> <span class='ocrx_word' id='word_1_280' title='bbox 758 2238 844 2271; x_wconf 87' lang='lat' dir='ltr'>inviti</span> <span class='ocrx_word' id='word_1_281' title='bbox 877 2238 1024 2282; x_wconf 87' lang='lat' dir='ltr'>compelli</span> <span class='ocrx_word' id='word_1_282' title='bbox 1056 2238 1200 2282; x_wconf 76' lang='lat' dir='ltr'>possitis,</span> 
     </span>
     <span class='ocr_line' id='line_1_51' title="bbox 458 2291 1201 2335; baseline 0.001 -12"><span class='ocrx_word' id='word_1_283' title='bbox 458 2301 630 2335; x_wconf 85' lang='lat' dir='ltr'>omnesque</span> <span class='ocrx_word' id='word_1_284' title='bbox 655 2297 683 2324; x_wconf 83' lang='lat' dir='ltr'>et</span> <span class='ocrx_word' id='word_1_285' title='bbox 709 2291 850 2335; x_wconf 75' lang='lat' dir='ltr'>singulos</span> <span class='ocrx_word' id='word_1_286' title='bbox 877 2297 1052 2325; x_wconf 79' lang='lat' dir='ltr'>vesu-orum</span> <span class='ocrx_word' id='word_1_287' title='bbox 1085 2291 1201 2324; x_wconf 87' lang='lat' dir='ltr'>beneti-</span> 
     </span>
     <span class='ocr_line' id='line_1_52' title="bbox 458 2345 1201 2386; baseline 0.001 -10"><span class='ocrx_word' id='word_1_288' title='bbox 458 2345 581 2378; x_wconf 82' lang='lat' dir='ltr'>ciorum</span> <span class='ocrx_word' id='word_1_289' title='bbox 606 2345 808 2379; x_wconf 84' lang='lat' dir='ltr'>obtentorum</span> <span class='ocrx_word' id='word_1_290' title='bbox 840 2346 977 2386; x_wconf 79' lang='lat' dir='ltr'>fructus,</span> <span class='ocrx_word' id='word_1_291' title='bbox 1002 2345 1143 2378; x_wconf 84' lang='lat' dir='ltr'>redditus</span> <span class='ocrx_word' id='word_1_292' title='bbox 1172 2351 1201 2377; x_wconf 85' lang='lat' dir='ltr'>et</span> 
     </span>
     <span class='ocr_line' id='line_1_53' title="bbox 459 2399 1201 2443; baseline 0.001 -13"><span class='ocrx_word' id='word_1_293' title='bbox 459 2403 640 2442; x_wconf 85' lang='lat' dir='ltr'>proventus,</span> <span class='ocrx_word' id='word_1_294' title='bbox 653 2399 786 2432; x_wconf 84' lang='lat' dir='ltr'>durante</span> <span class='ocrx_word' id='word_1_295' title='bbox 800 2399 927 2432; x_wconf 86' lang='lat' dir='ltr'>servitio</span> <span class='ocrx_word' id='word_1_296' title='bbox 940 2399 1112 2443; x_wconf 85' lang='lat' dir='ltr'>praedicto,</span> <span class='ocrx_word' id='word_1_297' title='bbox 1130 2410 1201 2432; x_wconf 85' lang='lat' dir='ltr'>cum</span> 
     </span>
    </p>
   </div>
   <div class='ocr_carea' id='block_1_13' title="bbox 1214 678 1217 1810">
    <p class='ocr_par' dir='ltr' id='par_1_15' title="bbox 1214 678 1217 1810">
     <span class='ocr_line' id='line_1_54' title="bbox 1214 678 1217 1810; baseline 0 0"><span class='ocrx_word' id='word_1_298' title='bbox 1214 678 1217 1810; x_wconf 95' lang='lat' dir='ltr'> </span> 
     </span>
    </p>
   </div>
   <div class='ocr_carea' id='block_1_14' title="bbox 1214 1945 1217 2077">
    <p class='ocr_par' dir='ltr' id='par_1_16' title="bbox 1214 1945 1217 2077">
     <span class='ocr_line' id='line_1_55' title="bbox 1214 1945 1217 2077; baseline 0 0"><span class='ocrx_word' id='word_1_299' title='bbox 1214 1945 1217 2077; x_wconf 95' lang='lat' dir='ltr'> </span> 
     </span>
    </p>
   </div>
   <div class='ocr_carea' id='block_1_15' title="bbox 1214 2115 1218 2313">
    <p class='ocr_par' dir='ltr' id='par_1_17' title="bbox 1214 2115 1218 2313">
     <span class='ocr_line' id='line_1_56' title="bbox 1214 2115 1218 2313; baseline 0 918"><span class='ocrx_word' id='word_1_300' title='bbox 1214 2115 1218 2313; x_wconf 95' lang='lat' dir='ltr'> </span> 
     </span>
    </p>
   </div>
   <div class='ocr_carea' id='block_1_16' title="bbox 1233 682 1980 782">
    <p class='ocr_par' dir='ltr' id='par_1_18' title="bbox 1233 682 1980 782">
     <span class='ocr_line' id='line_1_57' title="bbox 1233 682 1979 729; baseline 0.004 -14"><span class='ocrx_word' id='word_1_301' title='bbox 1233 682 1322 723; x_wconf 84' lang='lat' dir='ltr'>nicis,</span> <span class='ocrx_word' id='word_1_302' title='bbox 1340 683 1388 716; x_wconf 89' lang='lat' dir='ltr'>vel</span> <span class='ocrx_word' id='word_1_303' title='bbox 1406 683 1475 716; x_wconf 91' lang='lat' dir='ltr'>aliis</span> <span class='ocrx_word' id='word_1_304' title='bbox 1497 683 1616 717; x_wconf 75' lang='lat' dir='ltr'>festivis</span> <span class='ocrx_word' id='word_1_305' title='bbox 1641 684 1763 725; x_wconf 88' lang='lat' dir='ltr'>diebus,</span> <span class='ocrx_word' id='word_1_306' title='bbox 1779 685 1873 729; x_wconf 75' lang='lat' dir='ltr'>etiam</span> <span class='ocrx_word' id='word_1_307' title='bbox 1891 690 1979 718; x_wconf 84' lang='lat' dir='ltr'>extra</span> 
     </span>
     <span class='ocr_line' id='line_1_58' title="bbox 1235 737 1980 782; baseline 0.003 -13"><span class='ocrx_word' id='word_1_308' title='bbox 1235 742 1377 781; x_wconf 89' lang='lat' dir='ltr'>tempora</span> <span class='ocrx_word' id='word_1_309' title='bbox 1402 748 1420 770; x_wconf 90' lang='lat' dir='ltr'>a</span> <span class='ocrx_word' id='word_1_310' title='bbox 1440 737 1510 770; x_wconf 89' lang='lat' dir='ltr'>iure</span> <span class='ocrx_word' id='word_1_311' title='bbox 1530 742 1654 778; x_wconf 85' lang='lat' dir='ltr'>statuta,</span> <span class='ocrx_word' id='word_1_312' title='bbox 1672 737 1793 782; x_wconf 91' lang='lat' dir='ltr'>proprii</span> <span class='ocrx_word' id='word_1_313' title='bbox 1811 737 1980 779; x_wconf 84' lang='lat' dir='ltr'>Ordinarii,</span> 
     </span>
    </p>
   </div>
   <div class='ocr_carea' id='block_1_17' title="bbox 1214 789 1980 835">
    <p class='ocr_par' dir='ltr' id='par_1_19' title="bbox 1214 789 1980 835">
     <span class='ocr_line' id='line_1_59' title="bbox 1214 789 1980 835; baseline 0.003 -13"><span class='ocrx_word' id='word_1_314' title='bbox 1214 795 1285 823; x_wconf 71' lang='lat' dir='ltr'>1aut</span> <span class='ocrx_word' id='word_1_315' title='bbox 1312 789 1450 823; x_wconf 82' lang='lat' dir='ltr'>cuiusvis</span> <span class='ocrx_word' id='word_1_316' title='bbox 1474 791 1604 824; x_wconf 88' lang='lat' dir='ltr'>alterius</span> <span class='ocrx_word' id='word_1_317' title='bbox 1630 791 1756 824; x_wconf 76' lang='lat' dir='ltr'>licentia</span> <span class='ocrx_word' id='word_1_318' title='bbox 1773 790 1908 835; x_wconf 87' lang='lat' dir='ltr'>desuper</span> <span class='ocrx_word' id='word_1_319' title='bbox 1924 791 1980 824; x_wconf 92' lang='lat' dir='ltr'>mi-</span> 
     </span>
    </p>
   </div>
   <div class='ocr_carea' id='block_1_18' title="bbox 1233 843 1981 2442">
    <p class='ocr_par' dir='ltr' id='par_1_20' title="bbox 1233 843 1981 1097">
     <span class='ocr_line' id='line_1_60' title="bbox 1234 843 1981 887; baseline 0.003 -12"><span class='ocrx_word' id='word_1_320' title='bbox 1234 843 1318 876; x_wconf 90' lang='lat' dir='ltr'>nime</span> <span class='ocrx_word' id='word_1_321' title='bbox 1343 843 1504 887; x_wconf 74' lang='lat' dir='ltr'>requisita,</span> <span class='ocrx_word' id='word_1_322' title='bbox 1530 844 1555 877; x_wconf 91' lang='lat' dir='ltr'>si</span> <span class='ocrx_word' id='word_1_323' title='bbox 1580 844 1655 877; x_wconf 80' lang='lat' dir='ltr'>alias</span> <span class='ocrx_word' id='word_1_324' title='bbox 1680 843 1785 877; x_wconf 91' lang='lat' dir='ltr'>idonei</span> <span class='ocrx_word' id='word_1_325' title='bbox 1813 843 1852 877; x_wconf 91' lang='lat' dir='ltr'>ad</span> <span class='ocrx_word' id='word_1_326' title='bbox 1876 843 1908 877; x_wconf 90' lang='lat' dir='ltr'>id</span> <span class='ocrx_word' id='word_1_327' title='bbox 1931 854 1981 877; x_wconf 85' lang='lat' dir='ltr'>re-</span> 
     </span>
     <span class='ocr_line' id='line_1_61' title="bbox 1233 896 1978 942; baseline 0.003 -13"><span class='ocrx_word' id='word_1_328' title='bbox 1233 896 1315 940; x_wconf 84' lang='lat' dir='ltr'>perti</span> <span class='ocrx_word' id='word_1_329' title='bbox 1341 897 1486 938; x_wconf 79' lang='lat' dir='ltr'>i&#39;ueritis,</span> <span class='ocrx_word' id='word_1_330' title='bbox 1510 908 1608 942; x_wconf 85' lang='lat' dir='ltr'>super</span> <span class='ocrx_word' id='word_1_331' title='bbox 1639 908 1702 942; x_wconf 92' lang='lat' dir='ltr'>quo</span> <span class='ocrx_word' id='word_1_332' title='bbox 1734 897 1880 931; x_wconf 86' lang='lat' dir='ltr'>antistitis</span> <span class='ocrx_word' id='word_1_333' title='bbox 1904 907 1978 931; x_wconf 91' lang='lat' dir='ltr'>con-</span> 
     </span>
     <span class='ocr_line' id='line_1_62' title="bbox 1234 949 1979 995; baseline 0.003 -13"><span class='ocrx_word' id='word_1_334' title='bbox 1234 949 1397 983; x_wconf 87' lang='lat' dir='ltr'>scientiam</span> <span class='ocrx_word' id='word_1_335' title='bbox 1416 961 1596 992; x_wconf 89' lang='lat' dir='ltr'>oneramus,</span> <span class='ocrx_word' id='word_1_336' title='bbox 1613 951 1805 995; x_wconf 88' lang='lat' dir='ltr'>promoveri‚</span> <span class='ocrx_word' id='word_1_337' title='bbox 1823 955 1853 984; x_wconf 89' lang='lat' dir='ltr'>et</span> <span class='ocrx_word' id='word_1_338' title='bbox 1870 950 1902 984; x_wconf 91' lang='lat' dir='ltr'>in</span> <span class='ocrx_word' id='word_1_339' title='bbox 1916 949 1979 984; x_wconf 88' lang='lat' dir='ltr'>illis</span> 
     </span>
     <span class='ocr_line' id='line_1_63' title="bbox 1234 1004 1978 1047; baseline 0.003 -11"><span class='ocrx_word' id='word_1_340' title='bbox 1234 1004 1372 1047; x_wconf 91' lang='lat' dir='ltr'>promoti</span> <span class='ocrx_word' id='word_1_341' title='bbox 1406 1004 1499 1038; x_wconf 85' lang='lat' dir='ltr'>ctiam</span> <span class='ocrx_word' id='word_1_342' title='bbox 1525 1005 1556 1038; x_wconf 91' lang='lat' dir='ltr'>in</span> <span class='ocrx_word' id='word_1_343' title='bbox 1581 1005 1688 1038; x_wconf 86' lang='lat' dir='ltr'>altaris</span> <span class='ocrx_word' id='word_1_344' title='bbox 1717 1004 1893 1039; x_wconf 90' lang='lat' dir='ltr'>ministerio</span> <span class='ocrx_word' id='word_1_345' title='bbox 1917 1004 1978 1038; x_wconf 92' lang='lat' dir='ltr'>mi-</span> 
     </span>
     <span class='ocr_line' id='line_1_64' title="bbox 1234 1057 1379 1097; baseline 0.007 -8"><span class='ocrx_word' id='word_1_346' title='bbox 1234 1057 1379 1097; x_wconf 81' lang='lat' dir='ltr'>nistrare,</span> 
     </span>
    </p>

    <p class='ocr_par' dir='ltr' id='par_1_21' title="bbox 1233 1110 1978 1906">
     <span class='ocr_line' id='line_1_65' title="bbox 1278 1110 1978 1157; baseline 0.003 -13"><span class='ocrx_word' id='word_1_347' title='bbox 1278 1112 1293 1154; x_wconf 73' lang='lat'><strong>§</strong></span> <span class='ocrx_word' id='word_1_348' title='bbox 1307 1110 1336 1144; x_wconf 81' lang='lat'>9.</span> <span class='ocrx_word' id='word_1_349' title='bbox 1351 1111 1413 1144; x_wconf 75' lang='lat' dir='ltr'>Nec</span> <span class='ocrx_word' id='word_1_350' title='bbox 1428 1121 1502 1152; x_wconf 90' lang='lat' dir='ltr'>non,</span> <span class='ocrx_word' id='word_1_351' title='bbox 1515 1111 1638 1145; x_wconf 88' lang='lat' dir='ltr'>etiamsi</span> <span class='ocrx_word' id='word_1_352' title='bbox 1655 1112 1831 1157; x_wconf 66' lang='lat' dir='ltr'>presbyteri</span> <span class='ocrx_word' id='word_1_353' title='bbox 1844 1112 1978 1154; x_wconf 76' lang='lat' dir='ltr'>fueritis,</span> 
     </span>
     <span class='ocr_line' id='line_1_66' title="bbox 1233 1164 1978 1210; baseline 0.004 -13"><span class='ocrx_word' id='word_1_354' title='bbox 1233 1174 1269 1197; x_wconf 88' lang='lat' dir='ltr'>ac</span> <span class='ocrx_word' id='word_1_355' title='bbox 1293 1164 1462 1208; x_wconf 82' lang='lat' dir='ltr'>dignitates</span> <span class='ocrx_word' id='word_1_356' title='bbox 1478 1170 1508 1198; x_wconf 89' lang='lat' dir='ltr'>et</span> <span class='ocrx_word' id='word_1_357' title='bbox 1525 1165 1629 1199; x_wconf 83' lang='lat' dir='ltr'>officia</span> <span class='ocrx_word' id='word_1_358' title='bbox 1652 1165 1871 1207; x_wconf 88' lang='lat' dir='ltr'>obtinueritis,</span> <span class='ocrx_word' id='word_1_359' title='bbox 1891 1166 1978 1210; x_wconf 83' lang='lat' dir='ltr'>leges</span> 
     </span>
     <span class='ocr_line' id='line_1_67' title="bbox 1234 1218 1977 1263; baseline 0.003 -13"><span class='ocrx_word' id='word_1_360' title='bbox 1234 1223 1264 1251; x_wconf 89' lang='lat' dir='ltr'>et</span> <span class='ocrx_word' id='word_1_361' title='bbox 1288 1218 1357 1251; x_wconf 88' lang='lat' dir='ltr'>iura</span> <span class='ocrx_word' id='word_1_362' title='bbox 1383 1218 1486 1251; x_wconf 88' lang='lat' dir='ltr'>civilia</span> <span class='ocrx_word' id='word_1_363' title='bbox 1510 1219 1603 1252; x_wconf 85' lang='lat' dir='ltr'>etiam</span> <span class='ocrx_word' id='word_1_364' title='bbox 1634 1219 1778 1263; x_wconf 86' lang='lat' dir='ltr'>publice,</span> <span class='ocrx_word' id='word_1_365' title='bbox 1803 1219 1835 1252; x_wconf 95' lang='lat' dir='ltr'>in</span> <span class='ocrx_word' id='word_1_366' title='bbox 1860 1219 1977 1254; x_wconf 87' lang='lat' dir='ltr'>scholis</span> 
     </span>
     <span class='ocr_line' id='line_1_68' title="bbox 1233 1270 1976 1315; baseline 0.004 -12"><span class='ocrx_word' id='word_1_367' title='bbox 1233 1276 1263 1304; x_wconf 91' lang='lat' dir='ltr'>et</span> <span class='ocrx_word' id='word_1_368' title='bbox 1287 1270 1546 1304; x_wconf 81' lang='lat' dir='ltr'>universitatibus</span> <span class='ocrx_word' id='word_1_369' title='bbox 1571 1271 1747 1306; x_wconf 85' lang='lat' dir='ltr'>studiorum</span> <span class='ocrx_word' id='word_1_370' title='bbox 1780 1272 1976 1315; x_wconf 78' lang='lat' dir='ltr'>generalium</span> 
     </span>
     <span class='ocr_line' id='line_1_69' title="bbox 1233 1324 1978 1368; baseline 0.003 -11"><span class='ocrx_word' id='word_1_371' title='bbox 1233 1324 1271 1357; x_wconf 88' lang='lat' dir='ltr'>ad</span> <span class='ocrx_word' id='word_1_372' title='bbox 1284 1324 1534 1368; x_wconf 87' lang='lat' dir='ltr'>quinquennium</span> <span class='ocrx_word' id='word_1_373' title='bbox 1551 1325 1724 1366; x_wconf 78' lang='lat' dir='ltr'>dumtaxat,</span> <span class='ocrx_word' id='word_1_374' title='bbox 1738 1325 1912 1359; x_wconf 89' lang='lat' dir='ltr'>dummodo</span> <span class='ocrx_word' id='word_1_375' title='bbox 1926 1325 1978 1359; x_wconf 91' lang='lat' dir='ltr'>tri-</span> 
     </span>
     <span class='ocr_line' id='line_1_70' title="bbox 1233 1377 1976 1420; baseline 0.003 -10"><span class='ocrx_word' id='word_1_376' title='bbox 1233 1377 1390 1420; x_wconf 79' lang='lat' dir='ltr'>gesimum</span> <span class='ocrx_word' id='word_1_377' title='bbox 1415 1377 1523 1411; x_wconf 89' lang='lat' dir='ltr'>aetatis</span> <span class='ocrx_word' id='word_1_378' title='bbox 1542 1387 1658 1411; x_wconf 88' lang='lat' dir='ltr'>annum</span> <span class='ocrx_word' id='word_1_379' title='bbox 1683 1388 1745 1411; x_wconf 91' lang='lat' dir='ltr'>non</span> <span class='ocrx_word' id='word_1_380' title='bbox 1770 1378 1976 1420; x_wconf 79' lang='lat' dir='ltr'>excesseritis,</span> 
     </span>
     <span class='ocr_line' id='line_1_71' title="bbox 1233 1431 1977 1471; baseline 0.004 -8"><span class='ocrx_word' id='word_1_381' title='bbox 1233 1431 1359 1471; x_wconf 85' lang='lat' dir='ltr'>audire,</span> <span class='ocrx_word' id='word_1_382' title='bbox 1385 1436 1436 1468; x_wconf 82' lang='lat' dir='ltr'>et,</span> <span class='ocrx_word' id='word_1_383' title='bbox 1462 1431 1488 1464; x_wconf 90' lang='lat' dir='ltr'>si</span> <span class='ocrx_word' id='word_1_384' title='bbox 1512 1431 1633 1464; x_wconf 84' lang='lat' dir='ltr'>habiles</span> <span class='ocrx_word' id='word_1_385' title='bbox 1657 1437 1688 1465; x_wconf 91' lang='lat' dir='ltr'>et</span> <span class='ocrx_word' id='word_1_386' title='bbox 1711 1432 1902 1466; x_wconf 82' lang='lat' dir='ltr'>sufficientes</span> <span class='ocrx_word' id='word_1_387' title='bbox 1925 1442 1977 1466; x_wconf 83' lang='lat' dir='ltr'>re-</span> 
     </span>
     <span class='ocr_line' id='line_1_72' title="bbox 1233 1483 1977 1529; baseline 0.003 -12"><span class='ocrx_word' id='word_1_388' title='bbox 1233 1483 1313 1528; x_wconf 89' lang='lat' dir='ltr'>perti</span> <span class='ocrx_word' id='word_1_389' title='bbox 1329 1484 1460 1525; x_wconf 87' lang='lat' dir='ltr'>t&#39;ueritis,</span> <span class='ocrx_word' id='word_1_390' title='bbox 1480 1484 1573 1518; x_wconf 84' lang='lat' dir='ltr'>etiam</span> <span class='ocrx_word' id='word_1_391' title='bbox 1591 1484 1629 1517; x_wconf 89' lang='lat' dir='ltr'>ad</span> <span class='ocrx_word' id='word_1_392' title='bbox 1645 1484 1828 1519; x_wconf 84' lang='lat' dir='ltr'>doctoratus</span> <span class='ocrx_word' id='word_1_393' title='bbox 1842 1485 1977 1529; x_wconf 84' lang='lat' dir='ltr'>gradum</span> 
     </span>
     <span class='ocr_line' id='line_1_73' title="bbox 1233 1539 1978 1584; baseline 0.004 -13"><span class='ocrx_word' id='word_1_394' title='bbox 1233 1539 1265 1571; x_wconf 95' lang='lat' dir='ltr'>in</span> <span class='ocrx_word' id='word_1_395' title='bbox 1289 1539 1473 1572; x_wconf 84' lang='lat' dir='ltr'>huiusmodi</span> <span class='ocrx_word' id='word_1_396' title='bbox 1497 1540 1643 1573; x_wconf 81' lang='lat' dir='ltr'>facultate</span> <span class='ocrx_word' id='word_1_397' title='bbox 1661 1550 1716 1573; x_wconf 90' lang='lat' dir='ltr'>vos</span> <span class='ocrx_word' id='word_1_398' title='bbox 1732 1540 1915 1584; x_wconf 89' lang='lat' dir='ltr'>promoveri</span> <span class='ocrx_word' id='word_1_399' title='bbox 1936 1540 1978 1574; x_wconf 86' lang='lat' dir='ltr'>sa-</span> 
     </span>
     <span class='ocr_line' id='line_1_74' title="bbox 1234 1593 1977 1638; baseline 0.003 -12"><span class='ocrx_word' id='word_1_400' title='bbox 1234 1603 1316 1633; x_wconf 87' lang='lat' dir='ltr'>ccre,</span> <span class='ocrx_word' id='word_1_401' title='bbox 1342 1593 1470 1637; x_wconf 85' lang='lat' dir='ltr'>ipsaque</span> <span class='ocrx_word' id='word_1_402' title='bbox 1495 1593 1563 1626; x_wconf 86' lang='lat' dir='ltr'>iura</span> <span class='ocrx_word' id='word_1_403' title='bbox 1589 1593 1683 1626; x_wconf 87' lang='lat' dir='ltr'>etiam</span> <span class='ocrx_word' id='word_1_404' title='bbox 1709 1593 1833 1638; x_wconf 86' lang='lat' dir='ltr'>publice</span> <span class='ocrx_word' id='word_1_405' title='bbox 1851 1594 1977 1635; x_wconf 84' lang='lat' dir='ltr'>docere,</span> 
     </span>
     <span class='ocr_line' id='line_1_75' title="bbox 1233 1647 1976 1693; baseline 0.001 -13"><span class='ocrx_word' id='word_1_406' title='bbox 1233 1653 1326 1691; x_wconf 88' lang='lat' dir='ltr'>atquc</span> <span class='ocrx_word' id='word_1_407' title='bbox 1352 1647 1474 1688; x_wconf 89' lang='lat' dir='ltr'>iudicis,</span> <span class='ocrx_word' id='word_1_408' title='bbox 1491 1648 1634 1681; x_wconf 87' lang='lat' dir='ltr'>advocati</span> <span class='ocrx_word' id='word_1_409' title='bbox 1650 1652 1680 1682; x_wconf 86' lang='lat' dir='ltr'>et</span> <span class='ocrx_word' id='word_1_410' title='bbox 1697 1648 1915 1693; x_wconf 86' lang='lat' dir='ltr'>procuratoris</span> <span class='ocrx_word' id='word_1_411' title='bbox 1931 1649 1976 1682; x_wconf 83' lang='lat' dir='ltr'>os-</span> 
     </span>
     <span class='ocr_line' id='line_1_76' title="bbox 1233 1701 1978 1736; baseline 0.003 -2"><span class='ocrx_word' id='word_1_412' title='bbox 1233 1701 1341 1734; x_wconf 85' lang='lat' dir='ltr'>ficium</span> <span class='ocrx_word' id='word_1_413' title='bbox 1355 1701 1386 1734; x_wconf 91' lang='lat' dir='ltr'>in</span> <span class='ocrx_word' id='word_1_414' title='bbox 1398 1701 1506 1734; x_wconf 81' lang='lat' dir='ltr'>causis</span> <span class='ocrx_word' id='word_1_415' title='bbox 1521 1701 1742 1736; x_wconf 85' lang='lat' dir='ltr'>ecclesiasticis</span> <span class='ocrx_word' id='word_1_416' title='bbox 1754 1701 1899 1736; x_wconf 87' lang='lat' dir='ltr'>civilibus</span> <span class='ocrx_word' id='word_1_417' title='bbox 1914 1707 1978 1736; x_wconf 84' lang='lat' dir='ltr'>tan-</span> 
     </span>
     <span class='ocr_line' id='line_1_77' title="bbox 1233 1755 1978 1800; baseline 0.003 -12"><span class='ocrx_word' id='word_1_418' title='bbox 1233 1761 1300 1788; x_wconf 85' lang='lat' dir='ltr'>tuin</span> <span class='ocrx_word' id='word_1_419' title='bbox 1326 1766 1474 1789; x_wconf 82' lang='lat' dir='ltr'>exercere</span> <span class='ocrx_word' id='word_1_420' title='bbox 1505 1755 1604 1789; x_wconf 88' lang='lat' dir='ltr'>libere</span> <span class='ocrx_word' id='word_1_421' title='bbox 1629 1761 1657 1789; x_wconf 89' lang='lat' dir='ltr'>et</span> <span class='ocrx_word' id='word_1_422' title='bbox 1689 1756 1772 1789; x_wconf 82' lang='lat' dir='ltr'>licite</span> <span class='ocrx_word' id='word_1_423' title='bbox 1795 1756 1924 1800; x_wconf 89' lang='lat' dir='ltr'>possitis</span> <span class='ocrx_word' id='word_1_424' title='bbox 1947 1762 1978 1790; x_wconf 87' lang='lat' dir='ltr'>et</span> 
     </span>
     <span class='ocr_line' id='line_1_78' title="bbox 1234 1808 1976 1853; baseline 0.001 -12"><span class='ocrx_word' id='word_1_425' title='bbox 1234 1809 1371 1850; x_wconf 85' lang='lat' dir='ltr'>valeatis,</span> <span class='ocrx_word' id='word_1_426' title='bbox 1396 1808 1583 1842; x_wconf 85' lang='lat' dir='ltr'>auctoritate</span> <span class='ocrx_word' id='word_1_427' title='bbox 1607 1812 1637 1842; x_wconf 91' lang='lat' dir='ltr'>ct</span> <span class='ocrx_word' id='word_1_428' title='bbox 1664 1814 1773 1842; x_wconf 87' lang='lat' dir='ltr'>tenore</span> <span class='ocrx_word' id='word_1_429' title='bbox 1797 1809 1976 1853; x_wconf 89' lang='lat' dir='ltr'>praedictis,</span> 
     </span>
     <span class='ocr_line' id='line_1_79' title="bbox 1234 1862 1941 1906; baseline 0.001 -11"><span class='ocrx_word' id='word_1_430' title='bbox 1234 1862 1271 1896; x_wconf 87' lang='lat' dir='ltr'>de</span> <span class='ocrx_word' id='word_1_431' title='bbox 1296 1862 1440 1906; x_wconf 85' lang='lat' dir='ltr'>specialis</span> <span class='ocrx_word' id='word_1_432' title='bbox 1463 1862 1547 1896; x_wconf 90' lang='lat' dir='ltr'>dono</span> <span class='ocrx_word' id='word_1_433' title='bbox 1571 1862 1690 1905; x_wconf 82' lang='lat' dir='ltr'>gratiae</span> <span class='ocrx_word' id='word_1_434' title='bbox 1714 1862 1941 1906; x_wconf 87' lang='lat' dir='ltr'>dispensamus.</span> 
     </span>
    </p>

    <p class='ocr_par' dir='ltr' id='par_1_22' title="bbox 1233 1915 1978 2442">
     <span class='ocr_line' id='line_1_80' title="bbox 1278 1915 1978 1959; baseline 0.001 -11"><span class='ocrx_word' id='word_1_435' title='bbox 1278 1918 1293 1958; x_wconf 56' lang='grc' dir='ltr'>ᾗ</span> <span class='ocrx_word' id='word_1_436' title='bbox 1316 1915 1368 1948; x_wconf 71' lang='grc'>10.</span> <span class='ocrx_word' id='word_1_437' title='bbox 1401 1915 1506 1948; x_wconf 85' lang='lat' dir='ltr'>Liceat</span> <span class='ocrx_word' id='word_1_438' title='bbox 1529 1926 1655 1959; x_wconf 88' lang='lat' dir='ltr'>quoque</span> <span class='ocrx_word' id='word_1_439' title='bbox 1681 1915 1770 1948; x_wconf 89' lang='lat' dir='ltr'>vobis</span> <span class='ocrx_word' id='word_1_440' title='bbox 1793 1920 1824 1948; x_wconf 92' lang='lat' dir='ltr'>et</span> <span class='ocrx_word' id='word_1_441' title='bbox 1848 1915 1978 1950; x_wconf 84' lang='lat' dir='ltr'>cuilibet</span> 
     </span>
     <span class='ocr_line' id='line_1_81' title="bbox 1235 1968 1976 2013; baseline 0.003 -11"><span class='ocrx_word' id='word_1_442' title='bbox 1235 1975 1372 2002; x_wconf 86' lang='lat' dir='ltr'>vestrum</span> <span class='ocrx_word' id='word_1_443' title='bbox 1386 1969 1523 2013; x_wconf 88' lang='lat' dir='ltr'>aliquem</span> <span class='ocrx_word' id='word_1_444' title='bbox 1539 1969 1687 2002; x_wconf 88' lang='lat' dir='ltr'>idoneum</span> <span class='ocrx_word' id='word_1_445' title='bbox 1706 1974 1735 2002; x_wconf 88' lang='lat' dir='ltr'>et</span> <span class='ocrx_word' id='word_1_446' title='bbox 1751 1969 1790 2001; x_wconf 89' lang='lat' dir='ltr'>ab</span> <span class='ocrx_word' id='word_1_447' title='bbox 1809 1968 1976 2004; x_wconf 84' lang='lat' dir='ltr'>Ordinario</span> 
     </span>
     <span class='ocr_line' id='line_1_82' title="bbox 1233 2023 1976 2068; baseline 0.003 -13"><span class='ocrx_word' id='word_1_448' title='bbox 1233 2023 1444 2067; x_wconf 82' lang='lat' dir='ltr'>approbatum</span> <span class='ocrx_word' id='word_1_449' title='bbox 1482 2023 1701 2068; x_wconf 58' lang='lat' dir='ltr'>presbyterum</span> <span class='ocrx_word' id='word_1_450' title='bbox 1727 2023 1904 2057; x_wconf 83' lang='lat' dir='ltr'>secularem</span> <span class='ocrx_word' id='word_1_451' title='bbox 1927 2024 1976 2057; x_wconf 85' lang='lat' dir='ltr'>vel</span> 
     </span>
     <span class='ocr_line' id='line_1_83' title="bbox 1234 2076 1976 2119; baseline 0.003 -10"><span class='ocrx_word' id='word_1_452' title='bbox 1234 2077 1371 2109; x_wconf 82' lang='lat' dir='ltr'>cuiusvis</span> <span class='ocrx_word' id='word_1_453' title='bbox 1406 2076 1531 2110; x_wconf 86' lang='lat' dir='ltr'>Ordinis</span> <span class='ocrx_word' id='word_1_454' title='bbox 1562 2076 1741 2119; x_wconf 77' lang='lat' dir='ltr'>regularem</span> <span class='ocrx_word' id='word_1_455' title='bbox 1770 2076 1800 2110; x_wconf 93' lang='lat' dir='ltr'>in</span> <span class='ocrx_word' id='word_1_456' title='bbox 1836 2082 1976 2111; x_wconf 84' lang='lat' dir='ltr'>vestrum</span> 
     </span>
     <span class='ocr_line' id='line_1_84' title="bbox 1234 2130 1977 2174; baseline 0.003 -11"><span class='ocrx_word' id='word_1_457' title='bbox 1234 2130 1351 2173; x_wconf 64' lang='lat' dir='ltr'>eligere</span> <span class='ocrx_word' id='word_1_458' title='bbox 1372 2131 1596 2170; x_wconf 86' lang='lat' dir='ltr'>consessorem,</span> <span class='ocrx_word' id='word_1_459' title='bbox 1621 2130 1675 2174; x_wconf 89' lang='lat' dir='ltr'>qui</span> <span class='ocrx_word' id='word_1_460' title='bbox 1699 2130 1763 2165; x_wconf 76' lang='lat' dir='ltr'>vita</span> <span class='ocrx_word' id='word_1_461' title='bbox 1779 2130 1846 2164; x_wconf 86' lang='lat' dir='ltr'>eius</span> <span class='ocrx_word' id='word_1_462' title='bbox 1862 2131 1977 2165; x_wconf 84' lang='lat' dir='ltr'>comite</span> 
     </span>
     <span class='ocr_line' id='line_1_85' title="bbox 1235 2184 1978 2228; baseline 0.003 -12"><span class='ocrx_word' id='word_1_463' title='bbox 1235 2194 1289 2217; x_wconf 87' lang='lat' dir='ltr'>vos</span> <span class='ocrx_word' id='word_1_464' title='bbox 1309 2189 1338 2216; x_wconf 82' lang='lat' dir='ltr'>et</span> <span class='ocrx_word' id='word_1_465' title='bbox 1363 2184 1536 2228; x_wconf 84' lang='lat' dir='ltr'>quemlibet</span> <span class='ocrx_word' id='word_1_466' title='bbox 1560 2189 1700 2217; x_wconf 87' lang='lat' dir='ltr'>vestrum</span> <span class='ocrx_word' id='word_1_467' title='bbox 1716 2194 1734 2216; x_wconf 91' lang='lat' dir='ltr'>a</span> <span class='ocrx_word' id='word_1_468' title='bbox 1750 2184 1911 2228; x_wconf 86' lang='lat' dir='ltr'>quibusvis</span> <span class='ocrx_word' id='word_1_469' title='bbox 1927 2194 1978 2218; x_wconf 87' lang='lat' dir='ltr'>ex-</span> 
     </span>
     <span class='ocr_line' id='line_1_86' title="bbox 1235 2237 1977 2281; baseline 0.003 -11"><span class='ocrx_word' id='word_1_470' title='bbox 1235 2237 1541 2279; x_wconf 79' lang='lat' dir='ltr'>communicationis,</span> <span class='ocrx_word' id='word_1_471' title='bbox 1566 2237 1781 2281; x_wconf 87' lang='lat' dir='ltr'>suspensionis</span> <span class='ocrx_word' id='word_1_472' title='bbox 1797 2243 1827 2271; x_wconf 88' lang='lat' dir='ltr'>et</span> <span class='ocrx_word' id='word_1_473' title='bbox 1851 2238 1977 2272; x_wconf 87' lang='lat' dir='ltr'>interdi-</span> 
     </span>
     <span class='ocr_line' id='line_1_87' title="bbox 1235 2290 1977 2335; baseline 0 -11"><span class='ocrx_word' id='word_1_474' title='bbox 1235 2291 1287 2332; x_wconf 86' lang='lat' dir='ltr'>cti,</span> <span class='ocrx_word' id='word_1_475' title='bbox 1312 2291 1444 2335; x_wconf 86' lang='lat' dir='ltr'>aliisque</span> <span class='ocrx_word' id='word_1_476' title='bbox 1470 2290 1689 2324; x_wconf 84' lang='lat' dir='ltr'>ecclesiasticis</span> <span class='ocrx_word' id='word_1_477' title='bbox 1713 2291 1884 2330; x_wconf 82' lang='lat' dir='ltr'>sententiis,</span> <span class='ocrx_word' id='word_1_478' title='bbox 1908 2301 1977 2324; x_wconf 90' lang='lat' dir='ltr'>cen-</span> 
     </span>
     <span class='ocr_line' id='line_1_88' title="bbox 1236 2343 1975 2388; baseline 0 -11"><span class='ocrx_word' id='word_1_479' title='bbox 1236 2344 1329 2384; x_wconf 88' lang='lat' dir='ltr'>suris,</span> <span class='ocrx_word' id='word_1_480' title='bbox 1353 2350 1383 2377; x_wconf 89' lang='lat' dir='ltr'>et</span> <span class='ocrx_word' id='word_1_481' title='bbox 1414 2343 1541 2388; x_wconf 84' lang='lat' dir='ltr'>poenis,</span> <span class='ocrx_word' id='word_1_482' title='bbox 1566 2354 1583 2376; x_wconf 88' lang='lat' dir='ltr'>a</span> <span class='ocrx_word' id='word_1_483' title='bbox 1608 2343 1677 2376; x_wconf 91' lang='lat' dir='ltr'>iure</span> <span class='ocrx_word' id='word_1_484' title='bbox 1702 2343 1748 2377; x_wconf 83' lang='lat' dir='ltr'>vel</span> <span class='ocrx_word' id='word_1_485' title='bbox 1773 2343 1812 2376; x_wconf 85' lang='lat' dir='ltr'>ab</span> <span class='ocrx_word' id='word_1_486' title='bbox 1836 2343 1975 2385; x_wconf 87' lang='lat' dir='ltr'>homine,</span> 
     </span>
     <span class='ocr_line' id='line_1_89' title="bbox 1235 2395 1976 2442; baseline 0 -12"><span class='ocrx_word' id='word_1_487' title='bbox 1235 2397 1344 2442; x_wconf 87' lang='lat' dir='ltr'>quavis</span> <span class='ocrx_word' id='word_1_488' title='bbox 1357 2397 1522 2431; x_wconf 86' lang='lat' dir='ltr'>occasione</span> <span class='ocrx_word' id='word_1_489' title='bbox 1536 2397 1582 2429; x_wconf 83' lang='lat' dir='ltr'>vel</span> <span class='ocrx_word' id='word_1_490' title='bbox 1596 2398 1690 2429; x_wconf 79' lang='lat' dir='ltr'>causa</span> <span class='ocrx_word' id='word_1_491' title='bbox 1707 2395 1787 2437; x_wconf 87' lang='lat' dir='ltr'>latis,</span> <span class='ocrx_word' id='word_1_492' title='bbox 1804 2401 1834 2428; x_wconf 87' lang='lat' dir='ltr'>et</span> <span class='ocrx_word' id='word_1_493' title='bbox 1850 2407 1908 2440; x_wconf 90' lang='lat' dir='ltr'>per</span> <span class='ocrx_word' id='word_1_494' title='bbox 1920 2407 1976 2430; x_wconf 88' lang='lat' dir='ltr'>vos</span> 
     </span>
    </p>
   </div>
   <div class='ocr_carea' id='block_1_19' title="bbox 1991 1123 2179 1388">
    <p class='ocr_par' dir='ltr' id='par_1_23' title="bbox 1991 1123 2179 1388">
     <span class='ocr_line' id='line_1_90' title="bbox 2019 1123 2178 1146; baseline 0 0"><span class='ocrx_word' id='word_1_495' title='bbox 2019 1123 2125 1146; x_wconf 74' lang='lat' dir='ltr'>indultum</span> <span class='ocrx_word' id='word_1_496' title='bbox 2139 1129 2178 1146; x_wconf 73' lang='lat' dir='ltr'>au-</span> 
     </span>
     <span class='ocr_line' id='line_1_91' title="bbox 1993 1150 2179 1178; baseline 0 -6"><span class='ocrx_word' id='word_1_497' title='bbox 1993 1150 2064 1172; x_wconf 80' lang='lat' dir='ltr'>diendi</span> <span class='ocrx_word' id='word_1_498' title='bbox 2083 1151 2142 1178; x_wconf 65' lang='lat' dir='ltr'>loge·</span> <span class='ocrx_word' id='word_1_499' title='bbox 2156 1152 2179 1172; x_wconf 74' lang='grc' dir='ltr'>οι</span> 
     </span>
     <span class='ocr_line' id='line_1_92' title="bbox 1993 1177 2178 1203; baseline 0 -4"><span class='ocrx_word' id='word_1_500' title='bbox 1993 1183 2030 1199; x_wconf 72' lang='lat' dir='ltr'>eas</span> <span class='ocrx_word' id='word_1_501' title='bbox 2070 1177 2178 1203; x_wconf 75' lang='lat' dir='ltr'>docendi.</span> 
     </span>
     <span class='ocr_line' id='line_1_93' title="bbox 1991 1204 2178 1229; baseline 0.005 -4"><span class='ocrx_word' id='word_1_502' title='bbox 1991 1209 2074 1226; x_wconf 77' lang='lat' dir='ltr'>necnon</span> <span class='ocrx_word' id='word_1_503' title='bbox 2093 1204 2178 1229; x_wconf 74' lang='lat' dir='ltr'>indicis,</span> 
     </span>
     <span class='ocr_line' id='line_1_94' title="bbox 1992 1231 2179 1258; baseline -0.005 -5"><span class='ocrx_word' id='word_1_504' title='bbox 1992 1231 2094 1253; x_wconf 71' lang='lat' dir='ltr'>advocati</span> <span class='ocrx_word' id='word_1_505' title='bbox 2101 1233 2123 1252; x_wconf 75' lang='lat' dir='ltr'>et</span> <span class='ocrx_word' id='word_1_506' title='bbox 2129 1235 2179 1258; x_wconf 83' lang='lat' dir='ltr'>pro-</span> 
     </span>
     <span class='ocr_line' id='line_1_95' title="bbox 1991 1257 2178 1279; baseline -0.005 0"><span class='ocrx_word' id='word_1_507' title='bbox 1991 1257 2096 1279; x_wconf 71' lang='lat' dir='ltr'>curatoris</span> <span class='ocrx_word' id='word_1_508' title='bbox 2132 1257 2178 1278; x_wconf 79' lang='lat' dir='ltr'>offi-</span> 
     </span>
     <span class='ocr_line' id='line_1_96' title="bbox 1991 1284 2178 1306; baseline -0.005 -1"><span class='ocrx_word' id='word_1_509' title='bbox 1991 1285 2047 1306; x_wconf 84' lang='lat' dir='ltr'>cium</span> <span class='ocrx_word' id='word_1_510' title='bbox 2071 1284 2092 1305; x_wconf 86' lang='lat' dir='ltr'>in</span> <span class='ocrx_word' id='word_1_511' title='bbox 2107 1284 2178 1306; x_wconf 72' lang='lat' dir='ltr'>causis</span> 
     </span>
     <span class='ocr_line' id='line_1_97' title="bbox 1992 1310 2179 1332; baseline 0.005 -1"><span class='ocrx_word' id='word_1_512' title='bbox 1992 1310 2144 1332; x_wconf 77' lang='lat' dir='ltr'>ecclesiasticis</span> <span class='ocrx_word' id='word_1_513' title='bbox 2156 1312 2179 1332; x_wconf 82' lang='lat' dir='ltr'>et.</span> 
     </span>
     <span class='ocr_line' id='line_1_98' title="bbox 1992 1337 2178 1359; baseline 0 -1"><span class='ocrx_word' id='word_1_514' title='bbox 1992 1337 2091 1359; x_wconf 68' lang='lat' dir='ltr'>etv-itibus</span> <span class='ocrx_word' id='word_1_515' title='bbox 2132 1339 2178 1358; x_wconf 82' lang='lat' dir='ltr'>tan-</span> 
     </span>
     <span class='ocr_line' id='line_1_99' title="bbox 1991 1365 2176 1388; baseline 0 -2"><span class='ocrx_word' id='word_1_516' title='bbox 1991 1368 2036 1388; x_wconf 80' lang='lat' dir='ltr'>tum</span> <span class='ocrx_word' id='word_1_517' title='bbox 2055 1365 2176 1387; x_wconf 77' lang='lat' dir='ltr'>exercendi.</span> 
     </span>
    </p>
   </div>
   <div class='ocr_carea' id='block_1_20' title="bbox 1991 1925 2177 2108">
    <p class='ocr_par' dir='ltr' id='par_1_24' title="bbox 1991 1925 2177 2108">
     <span class='ocr_line' id='line_1_100' title="bbox 2025 1925 2176 1948; baseline 0.013 -2"><span class='ocrx_word' id='word_1_518' title='bbox 2025 1925 2124 1948; x_wconf 74' lang='lat' dir='ltr'>Licentia</span> <span class='ocrx_word' id='word_1_519' title='bbox 2139 1925 2176 1948; x_wconf 72' lang='lat' dir='ltr'>oti·</span> 
     </span>
     <span class='ocr_line' id='line_1_101' title="bbox 1991 1952 2177 2000; baseline 0.005 -27"><span class='ocrx_word' id='word_1_520' title='bbox 1991 1952 2111 2000; x_wconf 50' lang='lat' dir='ltr'>feudi-sibi</span> <span class='ocrx_word' id='word_1_521' title='bbox 2127 1957 2177 1974; x_wconf 74' lang='lat' dir='ltr'>cou-</span> 
     </span>
     <span class='ocr_line' id='line_1_102' title="bbox 1999 1984 2176 2000; baseline 0 0"><span class='ocrx_word' id='word_1_522' title='bbox 1999 1984 2103 2000; x_wconf 77' lang='lat' dir='ltr'>essanum</span> <span class='ocrx_word' id='word_1_523' title='bbox 2128 1985 2176 2000; x_wconf 78' lang='lat' dir='ltr'>oum</span> 
     </span>
     <span class='ocr_line' id='line_1_103' title="bbox 1991 2005 2176 2062; baseline 0 -9"><span class='ocrx_word' id='word_1_524' title='bbox 1991 2005 2130 2062; x_wconf 46' lang='lat' dir='ltr'>§.raetis</span> <span class='ocrx_word' id='word_1_525' title='bbox 2139 2011 2176 2054; x_wconf 61' lang='lat'>21⁰2</span> 
     </span>
     <span class='ocr_line' id='line_1_104' title="bbox 1991 2059 2176 2108; baseline 0 -28"><span class='ocrx_word' id='word_1_526' title='bbox 1991 2064 2097 2108; x_wconf 54' lang='grc' dir='ltr'>ξέἕὲῗειε</span> <span class='ocrx_word' id='word_1_527' title='bbox 2106 2059 2176 2081; x_wconf 70' lang='lat' dir='ltr'>absol-</span> 
     </span>
    </p>
   </div>
   <div class='ocr_carea' id='block_1_21' title="bbox 1216 2344 1219 2471">
    <p class='ocr_par' dir='ltr' id='par_1_25' title="bbox 1216 2344 1219 2471">
     <span class='ocr_line' id='line_1_105' title="bbox 1216 2344 1219 2471; baseline 0 760"><span class='ocrx_word' id='word_1_528' title='bbox 1216 2344 1219 2471; x_wconf 95' lang='lat' dir='ltr'> </span> 
     </span>
    </p>
   </div>
   <div class='ocr_carea' id='block_1_22' title="bbox 459 2449 1976 2711">
    <p class='ocr_par' dir='ltr' id='par_1_26' title="bbox 459 2449 1976 2711">
     <span class='ocr_line' id='line_1_106' title="bbox 459 2449 1975 2499; baseline 0.001 -16"><span class='ocrx_word' id='word_1_529' title='bbox 459 2455 495 2485; x_wconf 66' lang='lat' dir='ltr'>eti</span> <span class='ocrx_word' id='word_1_530' title='bbox 513 2453 691 2496; x_wconf 82' lang='lat' dir='ltr'>integritate</span> <span class='ocrx_word' id='word_1_531' title='bbox 709 2452 998 2496; x_wconf 85' lang='lat' dir='ltr'>(distributionibus</span> <span class='ocrx_word' id='word_1_532' title='bbox 1012 2453 1202 2497; x_wconf 82' lang='lat' dir='ltr'>quotidianis</span> <span class='ocrx_word' id='word_1_533' title='bbox 1216 2474 1219 2499; x_wconf 61' lang='grc' dir='ltr'>ι</span> <span class='ocrx_word' id='word_1_534' title='bbox 1235 2451 1379 2492; x_wconf 85' lang='lat' dir='ltr'>incursis,</span> <span class='ocrx_word' id='word_1_535' title='bbox 1403 2455 1435 2484; x_wconf 90' lang='lat' dir='ltr'>et</span> <span class='ocrx_word' id='word_1_536' title='bbox 1458 2450 1572 2494; x_wconf 89' lang='lat' dir='ltr'>quibus</span> <span class='ocrx_word' id='word_1_537' title='bbox 1603 2460 1657 2483; x_wconf 88' lang='lat' dir='ltr'>vos</span> <span class='ocrx_word' id='word_1_538' title='bbox 1685 2449 1778 2482; x_wconf 86' lang='lat' dir='ltr'>ctiam</span> <span class='ocrx_word' id='word_1_539' title='bbox 1803 2450 1975 2493; x_wconf 72' lang='lat' dir='ltr'>apostolica</span> 
     </span>
     <span class='ocr_line' id='line_1_107' title="bbox 459 2502 1975 2551; baseline -0.001 -14"><span class='ocrx_word' id='word_1_540' title='bbox 459 2506 617 2539; x_wconf 78' lang='lat' dir='ltr'>dumtaxat</span> <span class='ocrx_word' id='word_1_541' title='bbox 644 2507 797 2550; x_wconf 77' lang='lat' dir='ltr'>exceptis)</span> <span class='ocrx_word' id='word_1_542' title='bbox 822 2518 893 2540; x_wconf 90' lang='lat' dir='ltr'>cum</span> <span class='ocrx_word' id='word_1_543' title='bbox 918 2518 979 2551; x_wconf 88' lang='lat' dir='ltr'>qua</span> <span class='ocrx_word' id='word_1_544' title='bbox 1009 2507 1079 2540; x_wconf 87' lang='lat' dir='ltr'>illos</span> <span class='ocrx_word' id='word_1_545' title='bbox 1104 2506 1203 2551; x_wconf 83' lang='lat' dir='ltr'>perci·</span> <span class='ocrx_word' id='word_1_546' title='bbox 1235 2504 1420 2537; x_wconf 87' lang='lat' dir='ltr'>auctoritate</span> <span class='ocrx_word' id='word_1_547' title='bbox 1454 2503 1616 2547; x_wconf 88' lang='lat' dir='ltr'>illaqueari</span> <span class='ocrx_word' id='word_1_548' title='bbox 1641 2502 1825 2546; x_wconf 77' lang='lat' dir='ltr'>contigerit,</span> <span class='ocrx_word' id='word_1_549' title='bbox 1852 2503 1975 2536; x_wconf 85' lang='lat' dir='ltr'>etiamsi</span> 
     </span>
     <span class='ocr_line' id='line_1_108' title="bbox 459 2556 1975 2601; baseline 0 -11"><span class='ocrx_word' id='word_1_550' title='bbox 459 2559 585 2601; x_wconf 81' lang='lat' dir='ltr'>pcretis,</span> <span class='ocrx_word' id='word_1_551' title='bbox 610 2560 634 2592; x_wconf 87' lang='lat' dir='ltr'>si</span> <span class='ocrx_word' id='word_1_552' title='bbox 661 2560 691 2592; x_wconf 91' lang='lat' dir='ltr'>in</span> <span class='ocrx_word' id='word_1_553' title='bbox 717 2560 835 2593; x_wconf 87' lang='lat' dir='ltr'>eisdem</span> <span class='ocrx_word' id='word_1_554' title='bbox 860 2560 1012 2601; x_wconf 87' lang='lat' dir='ltr'>ecclesiis,</span> <span class='ocrx_word' id='word_1_555' title='bbox 1030 2560 1094 2593; x_wconf 85' lang='lat' dir='ltr'>sive</span> <span class='ocrx_word' id='word_1_556' title='bbox 1112 2560 1201 2601; x_wconf 85' lang='lat' dir='ltr'>locis,</span> <span class='ocrx_word' id='word_1_557' title='bbox 1235 2557 1391 2591; x_wconf 82' lang='lat' dir='ltr'>absolutio</span> <span class='ocrx_word' id='word_1_558' title='bbox 1423 2556 1514 2590; x_wconf 88' lang='lat' dir='ltr'>nobis</span> <span class='ocrx_word' id='word_1_559' title='bbox 1538 2561 1569 2589; x_wconf 85' lang='lat' dir='ltr'>et</span> <span class='ocrx_word' id='word_1_560' title='bbox 1599 2556 1835 2589; x_wconf 86' lang='lat' dir='ltr'>successoribus</span> <span class='ocrx_word' id='word_1_561' title='bbox 1859 2557 1975 2590; x_wconf 88' lang='lat' dir='ltr'>nostris</span> 
     </span>
     <span class='ocr_line' id='line_1_109' title="bbox 461 2610 1976 2658; baseline 0.001 -15"><span class='ocrx_word' id='word_1_562' title='bbox 461 2613 666 2654; x_wconf 82' lang='lat' dir='ltr'>personaliter</span> <span class='ocrx_word' id='word_1_563' title='bbox 684 2613 873 2656; x_wconf 82' lang='lat' dir='ltr'>resideretis,</span> <span class='ocrx_word' id='word_1_564' title='bbox 888 2614 1200 2658; x_wconf 82' lang='lat' dir='ltr'>percipere,exigere</span> <span class='ocrx_word' id='word_1_565' title='bbox 1237 2612 1385 2646; x_wconf 85' lang='lat' dir='ltr'>Romanis</span> <span class='ocrx_word' id='word_1_566' title='bbox 1401 2610 1605 2645; x_wconf 79' lang='lat' dir='ltr'>Pontificibus</span> <span class='ocrx_word' id='word_1_567' title='bbox 1617 2620 1676 2655; x_wconf 90' lang='lat' dir='ltr'>pro</span> <span class='ocrx_word' id='word_1_568' title='bbox 1690 2616 1832 2655; x_wconf 88' lang='lat' dir='ltr'>tempore</span> <span class='ocrx_word' id='word_1_569' title='bbox 1844 2611 1976 2644; x_wconf 78' lang='lat' dir='ltr'>existen-</span> 
     </span>
     <span class='ocr_line' id='line_1_110' title="bbox 462 2664 1975 2711; baseline 0.001 -14"><span class='ocrx_word' id='word_1_570' title='bbox 462 2668 492 2697; x_wconf 88' lang='lat' dir='ltr'>et</span> <span class='ocrx_word' id='word_1_571' title='bbox 518 2665 631 2705; x_wconf 67' lang='lat' dir='ltr'>levare,</span> <span class='ocrx_word' id='word_1_572' title='bbox 1238 2665 1320 2702; x_wconf 83' lang='lat' dir='ltr'>tibus</span> <span class='ocrx_word' id='word_1_573' title='bbox 1343 2665 1521 2711; x_wconf 85' lang='lat' dir='ltr'>specialiter</span> <span class='ocrx_word' id='word_1_574' title='bbox 1538 2665 1586 2698; x_wconf 87' lang='lat' dir='ltr'>vel</span> <span class='ocrx_word' id='word_1_575' title='bbox 1602 2664 1793 2709; x_wconf 81' lang='lat' dir='ltr'>generaliter</span> <span class='ocrx_word' id='word_1_576' title='bbox 1816 2670 1975 2700; x_wconf 77' lang='lat' dir='ltr'>reservata</span> 
     </span>
    </p>
   </div>
   <div class='ocr_carea' id='block_1_23' title="bbox 2236 0 2293 3231">
    <p class='ocr_par' dir='ltr' id='par_1_27' title="bbox 2236 0 2293 3231">
     <span class='ocr_line' id='line_1_111' title="bbox 2236 0 2293 3231; baseline 0 0"><span class='ocrx_word' id='word_1_577' title='bbox 2236 0 2293 3231; x_wconf 95' lang='lat' dir='ltr'> </span> 
     </span>
    </p>
   </div>
  </div>
 </body>
</html>
