2293 3231
66 275 116 304 An.
130 275 159 304 C.
180 275 248 303 ¹623

98 1715 216 1738 eim-utu.

860 273 1037 297 GREGomth
1061 273 1103 297 XV
1127 273 1174 297 PF,

261 322 345 356 rium
370 321 609 366 approbandae,
634 331 728 365 quam
756 331 813 355 nos
838 331 873 354 ex
898 331 1001 361 nunc,

263 381 358 420 prout
375 386 409 408 ex
428 380 510 415 tunc,
528 380 693 418 postquam
716 385 772 418 per
789 378 816 408 te
833 374 1002 413 nominata,

264 435 294 462 et
318 440 335 462 a
360 440 416 462 suo
440 428 606 462 Ordinario
630 428 800 471 approbata
825 427 928 467 suerit,
956 427 1004 459 dc-

265 487 412 526 putamus
436 487 465 514 et
495 482 708 525 approbamus
733 481 847 524 (quac,
872 480 1004 512 durante

267 534 407 569 absentia
431 534 505 566 dicti
530 533 758 576 archiepiscopi
778 543 794 565 a
812 533 897 565 curia
919 543 1005 576 prae-

266 587 359 627 dicta,
378 586 409 618 in
429 586 590 629 quibusvis
611 586 804 625 civitatibus,
829 585 951 628 oppidis
975 590 1005 617 et

265 639 352 679 locis,
369 639 400 671 in
417 638 530 681 quibus
542 643 581 678 te,
592 643 736 682 tuamque
751 638 870 670 curiam
885 637 1003 680 regiam

265 702 323 736 pro
349 697 489 735 tempore
515 691 651 724 residere
676 690 857 733 contigerit,
882 689 1004 723 omnia¹

267 750 297 778 et
316 745 439 787 singula
457 744 526 784 alia,
543 754 621 787 quae
639 743 865 786 archiepiscopi
889 749 920 775 et
943 743 1006 786 epi-

267 798 353 841 scopi
378 808 414 830 ac
438 797 488 830 alii
518 797 659 830 locorum
687 796 843 829 Ordinarii
868 796 899 828 in
923 795 1007 829 dioe—

268 851 393 884 cesibus
417 850 481 883 suis
501 850 539 882 de
556 851 624 882 iure
641 850 687 882 vel
709 848 934 882 consuetudine
953 854 1006 881 aut

267 903 343 936 alias
368 903 604 946 quomodolibet
616 903 718 935 facere
735 907 765 934 et
778 912 923 934 exercere
936 911 1006 934 con-

268 961 436 989 sueverunt
460 957 552 999 (citra
575 961 676 988 tamen
702 955 883 988 exercitium
907 955 1007 998 ponti-

266 1009 405 1043 ficalium
430 1014 460 1042 et
484 1009 629 1042 ordinum
649 1019 684 1041 ac
701 1008 927 1041 beneficiorum
945 1008 1006 1041 col-

267 1063 429 1106 lationem)
439 1073 586 1095 exercere
596 1063 695 1094 libere
705 1068 733 1094 et
744 1062 835 1101 licite,
846 1072 986 1104 quaeque
996 1060 1006 1078 ²

267 1117 416 1150 omnibus
444 1121 474 1148 et
504 1116 635 1157 singulis
667 1116 797 1157 gratiis,
826 1115 1006 1154 favoribus,

266 1168 520 1212 praeeminentiis
545 1173 574 1199 et
598 1168 741 1207 indultis,
770 1168 884 1210 quibus
908 1168 1008 1200 dictus

266 1220 535 1264 archiepiscopus,
560 1221 634 1253 dum
655 1221 686 1252 in
707 1223 757 1252 tua
775 1221 861 1253 curia
882 1222 1007 1261 residet,

268 1275 389 1308 ratione
403 1274 475 1307 dicti
490 1274 584 1307 officii
602 1275 775 1318 cappellani
794 1275 922 1308 maioris
936 1286 1009 1318 gau-

268 1328 329 1369 det,
340 1328 456 1361 fruitur
470 1332 499 1362 et
513 1328 619 1368 utitur,
633 1339 668 1361 ac
682 1329 829 1371 gaudere,
843 1328 887 1361 uti
901 1334 931 1361 et
946 1329 1007 1362 frui

269 1381 506 1425 quomodolibet
529 1385 651 1425 potest,
677 1381 832 1424 gaudere,
856 1381 922 1422 uti,
946 1382 1006 1415 srui

266 1435 366 1479 possit
381 1439 412 1467 et
427 1435 526 1467 valeat
539 1434 752 1478 parisormiter
768 1439 797 1468 et
812 1445 910 1478 aeque
927 1435 1009 1478 prin-

268 1488 433 1532 cipaliter),
452 1498 487 1521 ac
506 1488 558 1520 tibi
578 1498 744 1532 personam
761 1488 940 1521 huiusmodi
957 1499 1009 1522 no-

268 1541 409 1574 minandi
423 1547 452 1574 et
464 1541 598 1584 eligendi
616 1541 739 1585 plenam
754 1545 784 1575 et
796 1541 1007 1574 omnimodam

269 1594 460 1636 facultatem,
485 1595 655 1639 apostolica
679 1595 876 1635 auctoritate,
901 1599 1009 1629 tenore

269 1648 501 1692 praesentium,
522 1648 723 1681 concedimus
746 1653 777 1680 et
800 1648 1008 1690 indulgemus.

314 1700 394 1745 5110.
413 1701 594 1734 praesentes
609 1712 733 1745 quoque
751 1701 869 1734 litteras
886 1702 924 1734 de
941 1702 1010 1734 sub-

269 1755 421 1799 reptionis
448 1755 496 1788 vel
524 1755 717 1799 obreptionis
740 1755 814 1788 vitio
839 1760 891 1787 aut
915 1755 1010 1787 inten-

270 1808 364 1842 tionis
394 1813 520 1841 nostrae
551 1809 599 1841 vel
630 1809 779 1852 quopiam
803 1808 864 1841 alio
888 1808 1009 1841 defectu

269 1863 382 1903 notari,
396 1862 575 1906 impugnari
592 1862 639 1895 vel
656 1862 818 1895 invalidari
832 1862 1009 1895 nullatenus

270 1926 374 1960 posse,
391 1916 444 1949 sed
462 1916 530 1948 illas
543 1915 659 1948 validas
677 1920 706 1948 et
717 1915 857 1948 efficaces
867 1915 1008 1956 existere,

271 1978 408 2012 suosque
426 1969 583 2013 plenarios
597 1974 627 2001 et
643 1969 782 2012 integros
802 1968 930 2001 effectus
947 1979 1011 2001 sor-

271 2021 323 2054 tiri
349 2026 379 2054 et
402 2022 544 2056 obtinere
568 2023 703 2062 debere;
737 2022 864 2066 sicque,
896 2028 925 2055 et
948 2032 1010 2055 non

272 2075 372 2115 aliter,
389 2086 446 2119 per
462 2086 678 2119 quoscumque
702 2076 820 2108 iudices
836 2075 943 2119 quavis
959 2086 1011 2108 au-

273 2128 415 2161 ctoritate
432 2128 608 2170 fungentes,
621 2128 713 2161 etiam
726 2128 831 2172 palatii
850 2128 1010 2171 apostolici

273 2181 446 2221 auditores,
470 2191 506 2213 ac
530 2186 652 2214 sanctae
677 2182 834 2214 Romanae
855 2181 1011 2213 Ecclesiae

274 2234 447 2267 cardinales
472 2234 607 2277 (sublata
627 2235 671 2268 eis
695 2240 726 2268 et
749 2245 858 2267 eorum
885 2234 1012 2267 cuilibet

275 2287 384 2331 quavis
403 2287 493 2320 aliter
511 2287 667 2320 iudicandi
684 2293 714 2320 et
730 2287 955 2331 interpretandi
973 2287 1013 2320 sa-

275 2342 389 2374 cultate
413 2346 443 2374 et
467 2341 663 2384 auctoritate)
682 2341 813 2373 iudicari
834 2345 864 2372 et
887 2340 1011 2373 definiri

274 2395 398 2435 debere,
415 2405 450 2427 ac
467 2394 591 2427 irritum
608 2399 638 2427 et
655 2395 754 2434 inane,
775 2394 799 2427 si
817 2405 906 2427 secus
919 2404 1013 2437 super

273 2449 322 2482 his
339 2459 356 2481 a
369 2458 536 2492 quoquam,
550 2447 657 2491 quavis
673 2447 866 2487 auctoritate,
880 2447 1013 2480 scienter

274 2502 322 2535 vel
339 2502 532 2545 ignoranter,
553 2501 720 2544 contigerit
739 2501 893 2541 attentari,
910 2500 1014 2534 decer-

275 2555 388 2588 nimus.

312 2627 323 2653 1
341 2626 449 2662 Absque
462 2626 567 2654 ratione
577 2626 619 2654 ed.
632 2626 710 2653 Μαίη.
723 2626 741 2653 l.
753 2626 908 2661 omniaque
919 2624 1011 2661 (R.·r.).

311 2670 328 2698 2
340 2670 411 2698 Edit.
427 2671 504 2699 Main.
520 2672 584 2707 legit
598 2672 727 2707 quodque
743 2675 780 2707 (R.
795 2674 844 2705 T.).

358 2725 436 2752 Bun.
455 2726 532 2754 Rom.
551 2741 586 2746 —
608 2726 668 2753 Vol.
683 2725 748 2753 ΧΠ.
874 2724 926 2753 103

1080 321 1095 363 ἓ
1119 320 1169 353 ll.
1194 319 1346 359 Quocirca
1371 317 1601 351 venerabilibus
1626 317 1773 349 fratribus

1037 373 1218 415 chobiensi
1243 377 1272 405 et
1297 371 1445 404 Abulensi
1472 370 1647 414 episcopis,
1672 381 1707 402 ac
1731 370 1775 402 di-

1037 428 1117 459 lccto
1152 427 1217 459 lilio
1256 431 1363 458 nostro
1400 430 1429 457 et
1462 424 1549 457 Sedis
1580 424 1775 467 Apostolicae

1039 479 1069 511 in
1094 479 1199 521 regnis
1224 478 1440 522 Hispaniarum
1468 477 1593 517 nuncio,
1611 488 1666 519 per
1687 487 1776 520 prae-

1039 536 1139 565 sentes
1164 531 1388 564 committimus
1412 535 1443 563 et
1473 530 1678 569 mandamus,
1703 540 1777 572 qua-

1040 588 1127 617 tenus
1141 584 1208 627 ipsi,
1223 584 1270 616 vel
1285 584 1357 623 duo,
1369 589 1421 616 aut
1437 593 1517 615 unus
1530 593 1649 621 eorum,
1663 593 1719 625 per
1732 592 1775 621 se,

1039 638 1085 670 vel
1110 638 1226 678 alium,
1251 648 1304 670 seu
1335 637 1429 676 alim,
1454 636 1575 679 quoties
1600 646 1656 678 pro
1690 639 1776 678 parte

1039 690 1208 723 maiestatis
1226 695 1294 722 tuae
1311 700 1365 722 seu
1384 688 1515 721 alicuius
1532 698 1566 719 ex
1585 686 1777 730 cappellanis

1039 743 1086 775 vel
1119 743 1298 775 cantoribus
1323 747 1353 775 et
1384 740 1579 774 scholaribus
1610 739 1777 783 praedictis

1039 795 1154 827 suerint
1178 794 1338 838 requisiti,
1362 793 1544 826 solemniter
1564 791 1776 835 publicantes,

1041 848 1159 891 tibique
1183 853 1213 880 et
1240 848 1299 880 illis
1323 847 1354 879 in
1379 845 1560 890 praemissis
1577 845 1710 877 efficacis
1727 844 1778 876 de-

1039 901 1188 934 fensionis
1208 900 1366 944 praesidio
1388 899 1574 937 assistentes,
1593 897 1704 929 laniant
1727 908 1778 930 au-

1039 955 1183 988 ctoritate
1206 957 1312 987 nostra
1333 953 1525 986 maiestatem
1551 958 1634 984 tuam
1653 963 1688 983 ac
1708 962 1778 995 cap-

1040 1009 1180 1052 pellanos
1199 1008 1247 1040 vel
1265 1012 1408 1040 cantores
1429 1012 1458 1039 et
1477 1006 1636 1038 scholares
1657 1004 1778 1047 praedi-

1041 1068 1106 1095 ctos
1120 1062 1363 1105 praemissorum
1382 1061 1523 1094 omnium
1538 1065 1568 1092 et
1581 1059 1777 1102 singulorum

1041 1115 1152 1148 effectu
1176 1115 1304 1158 pacifice
1320 1114 1381 1146 frui
1403 1119 1432 1146 et
1456 1113 1603 1156 gaudere3
1628 1123 1690 1145 non
1711 1123 1779 1156 per-

1043 1168 1199 1200 mittentes
1221 1168 1413 1200 maiestatem
1430 1172 1515 1198 tuam
1533 1172 1585 1198 aut
1601 1166 1669 1198 illos
1686 1166 1778 1198 desu-

1042 1232 1099 1264 per
1130 1231 1147 1253 a
1178 1231 1337 1264 quoquam
1372 1219 1607 1263 quomodolibet
1643 1219 1779 1251 indebite

1042 1274 1218 1312 molestari;
1244 1273 1490 1306 contradictores
1513 1273 1669 1316 quoslibet
1689 1278 1715 1304 et
1736 1283 1781 1304 re-

1041 1328 1138 1360 belles
1151 1338 1208 1371 per
1219 1337 1366 1360 censuras
1376 1332 1530 1369 etpoenas
1545 1325 1778 1366 ecclesiasticas,

1042 1382 1164 1424 aliaque
1182 1386 1360 1424 opportuna
1384 1380 1461 1412 iuris
1481 1385 1510 1412 et
1534 1380 1606 1412 facti
1631 1379 1779 1418 remedia,

1042 1435 1248 1478 appellatione
1271 1433 1456 1477 postposita,
1481 1432 1720 1476 compescendo,
1739 1433 1781 1464 in-

1042 1494 1150 1521 vocato
1175 1488 1267 1521 etiam
1292 1487 1330 1520 ad
1355 1487 1424 1527 hoc,
1446 1487 1472 1519 si
1496 1497 1575 1530 opus
1603 1487 1705 1526 suerit,
1730 1497 1781 1519 au-

1042 1541 1117 1574 xilio
1141 1540 1263 1573 brachii
1289 1539 1448 1572 secularis.

1086 1594 1100 1637 §
1122 1593 1172 1626 12.
1198 1594 1266 1626 Non
1291 1592 1488 1625 obstantibus
1512 1591 1609 1624 felicis
1633 1591 1780 1624 recorda-

1042 1647 1134 1680 tionis
1158 1646 1305 1680 Bonisacii
1329 1647 1429 1689 Papae
1449 1646 1513 1678 VIII
1530 1645 1780 1689 praedecessoris

1042 1701 1151 1741 nostri,
1176 1710 1236 1743 qua
1261 1705 1397 1739 cavetur,
1423 1709 1462 1732 ne
1486 1699 1555 1742 quis
1580 1704 1667 1731 extra
1692 1709 1780 1731 suam

1042 1754 1198 1787 civitatem
1223 1753 1270 1785 vel
1294 1751 1462 1785 dioecesim
1478 1751 1538 1784 nisi
1564 1751 1594 1783 in
1619 1751 1712 1783 certis
1730 1761 1782 1784 ex-

1043 1807 1139 1851 ceptis
1150 1806 1286 1846 casibus,
1300 1811 1330 1838 et
1345 1805 1450 1838 inillis
1462 1805 1544 1837 ultra
1553 1815 1648 1836 unam
1665 1804 1781 1837 dietam

1043 1871 1060 1893 a
1076 1861 1138 1893 fine
1151 1870 1224 1892 suae
1237 1858 1389 1891 dioecesis
1406 1858 1444 1891 ad
1458 1857 1608 1890 iudicium
1623 1863 1780 1897 evocetur,

1043 1920 1073 1947 et
1096 1913 1134 1946 de
1158 1913 1278 1945 duabus
1302 1911 1393 1945 dietis
1423 1912 1455 1944 in
1485 1911 1617 1944 concilio
1642 1911 1781 1954 generali

1043 1967 1144 2007 editis,
1168 1965 1339 1999 dummodo
1365 1965 1447 1997 ultra
1471 1969 1534 1996 tres
1554 1963 1651 1996 dietas
1670 1963 1781 2007 aliquis

1043 2019 1227 2053 auctoritate
1252 2018 1464 2062 praesentIum
1489 2017 1528 2049 ad
1552 2017 1701 2049 iudicium
1718 2027 1782 2049 non

1044 2074 1201 2113 trahatur,
1226 2083 1262 2105 ac
1286 2071 1354 2104 aliis
1378 2070 1654 2104 constitutionibus
1681 2075 1711 2102 et
1734 2081 1783 2103 or·

1044 2125 1254 2159 dinationibus
1279 2125 1468 2168 apostolicis,
1482 2134 1603 2156 necnon
1619 2123 1781 2166 quibusvis

1045 2179 1165 2213 statutis
1191 2184 1219 2211 et
1245 2177 1545 2216 consuetudInibus,
1573 2177 1665 2209 etiam
1697 2175 1782 2207 iura-

1046 2238 1160 2272 mento,
1172 2231 1409 2265 confirmatione
1422 2230 1602 2274 apostolica,
1614 2230 1659 2261 vel
1674 2229 1782 2272 quavis

1045 2285 1192 2318 firmitate
1206 2285 1266 2318 alia
1280 2284 1446 2323 roboratis,
1459 2282 1631 2326 privilegiis
1647 2292 1782 2325 quoque,

1045 2339 1173 2372 indultis
1187 2343 1216 2371 et
1229 2338 1341 2371 litteris
1355 2336 1536 2381 apostolicis
1548 2347 1605 2379 per
1618 2346 1784 2379 quoscum-

1045 2403 1105 2436 que
1129 2393 1286 2425 Romanos
1310 2390 1476 2424 Pontifices
1495 2389 1586 2422 etiam
1604 2388 1783 2432 praedeces-

1046 2457 1133 2480 sores
1156 2450 1298 2486 nostros,
1322 2455 1358 2477 ac
1374 2454 1431 2477 nos
1456 2449 1485 2476 et
1510 2443 1623 2476 dictam
1649 2442 1758 2475 Sedcm
1775 2470 1782 2483 ,

1046 2501 1138 2533 etiam
1163 2510 1221 2543 per
1244 2498 1325 2531 viam
1350 2497 1505 2541 generalis
1521 2496 1609 2540 legis,
1623 2506 1658 2529 ac
1677 2496 1783 2528 statuti

1046 2552 1213 2597 perpetui,
1238 2562 1273 2585 ac
1297 2557 1384 2585 motu
1409 2549 1561 2594 proprio,
1583 2553 1613 2582 et
1637 2559 1673 2581 ex
1698 2550 1783 2582 certa

1789 269 1837 294 An.
1855 268 1882 295 C.
1906 269 1973 297 ¹623

1829 333 1972 358 Emanium

1790 360 1876 379 liujusi'v
1892 360 1973 379 (hiult-

1790 387 1875 406 tutit=iti=
1919 386 1973 407 dcii·

1790 417 1886 440 glutitur.

1809 1602 1922 1631 Dema-atio
1932 1608 1980 1623 con-

1797 1631 1917 1650 [rariorum.

1045 2607 1183 2647 scientia,
1207 2606 1307 2649 deque
1331 2603 1520 2648 apostolicae
1537 2602 1698 2646 potestatis
1716 2602 1783 2645 ple·
1820 2616 1823 2619 ¹

1044 2660 1196 2702 nitudine‚
1209 2659 1301 2693 etiam
1315 2669 1387 2692 cum
1400 2656 1560 2703 quibusvis
1575 2655 1781 2696 irritantibus,
