2293 3231
550 298 612 333 876

507 361 615 395 LXXI.
652 359 742 401 Quod
773 359 804 392 in
830 356 1193 390 excommunicationem
1218 358 1248 387 et

592 422 741 447 censuras
754 411 985 445 ecclesiasticas
1000 419 1059 442 nou
1075 411 1247 450 incurrant,

595 469 647 511 qui
663 468 826 506 Irumcuta,
848 469 878 498 et
897 464 975 497 alias
996 463 1177 497 huiusmodi
1194 472 1248 496 an-

597 530 696 554 nonae
720 521 856 564 speeies,
883 522 972 552 extra
997 518 1119 551 Statum
1139 516 1249 550 ecele—

596 575 757 607 siasticum
789 574 884 606 certis
924 573 955 605 In
984 570 1113 605 casibus
1144 573 1248 604 extra-

595 627 682 668 hunt,
709 627 783 659 717.

508 680 626 714 LXXII.
643 680 844 713 Confirmatio
865 683 895 713 et
912 679 1074 722 ampliatio
1098 678 1249 711 constitu-

596 734 687 767 tionis
711 732 882 766 Clementis
904 731 970 765 VIII
992 733 1077 765 circa
1094 740 1249 764 novorum

595 791 809 820 conventuum
834 786 1039 829 Regularium
1060 786 1249 827 erectiones,

598 840 671 873 719.

510 893 634 926 LXXIII.
653 892 826 937 Privilegia
852 897 882 926 et
906 892 1027 926 indulta
1053 892 1252 937 patriarcba-

595 957 675 989 rum,
701 947 1013 990 archiepiscoporum
1032 950 1064 980 et
1084 947 1252 991 episcopo-

597 1012 667 1035 rum
685 1003 715 1035 in
731 1000 876 1045 cappella
896 1001 1078 1035 sanctitatis
1102 1010 1178 1035 suae
1203 1010 1252 1035 as-

599 1057 788 1097 sistenIIum,
815 1054 889 1088 720.

510 1108 638 1143 LXXIV.
647 1109 848 1142 Confirmatio
859 1107 1101 1152 privilegiorum
1110 1109 1252 1142 omnium

598 1167 629 1197 et
654 1162 857 1205 indultorum,
876 1167 937 1196 tam
958 1172 1016 1206 per
1036 1163 1121 1196 viam
1142 1166 1253 1196 exten-

596 1218 703 1258 sionis,
725 1225 820 1261 quam
845 1215 924 1250 alias
949 1224 1191 1257 concessorum,
1216 1224 1253 1248 ac

598 1271 842 1305 communicatio
862 1270 1060 1313 singularum
1080 1270 1253 1313 gratiarum

596 1328 659 1357 tam
676 1323 889 1368 spiritualium
907 1333 1002 1367 quam
1019 1321 1251 1367 temporalium,

597 1376 714 1421 qulbus
738 1378 1005 1421 congregationes
1036 1375 1251 1417 Cassinensis‚

596 1434 627 1464 et
660 1432 886 1464 canonicorum
922 1429 1119 1473 regularium
1152 1431 1253 1463 sancti

597 1483 769 1518 Salvatoris
805 1483 1014 1517 Bononiensis
1047 1484 1195 1518 fruuntur
1224 1487 1253 1517 ct

596 1537 755 1581 gaudent,
784 1538 1025 1581 congregationi
1048 1537 1254 1571 Lateranensi

599 1592 822 1624 canonicorum
849 1590 1046 1634 regularium
1070 1590 1202 1625 Ordinis
1222 1591 1252 1624 S.

600 1644 779 1687 Augustini,
806 1644 879 1678 727.

511 1697 627 1730 LXXV.
652 1698 855 1731 Confirmatio
887 1701 920 1732 et
948 1697 1109 1742 ampliatio
1137 1699 1255 1732 consti—

601 1753 728 1785 tutionis
751 1751 798 1785 Pii
823 1750 875 1794 lV,
901 1751 1006 1785 editae
1023 1755 1132 1786 contra
1147 1761 1254 1785 sacer-

600 1805 689 1837 dotes
714 1807 744 1838 in
769 1805 1022 1839 confessionibus
1041 1809 1255 1840 sacramenta--

600 1857 682 1891 libus
708 1860 909 1902 poenitentes
941 1859 981 1892 ad
1009 1860 1113 1903 turpia
1137 1858 1254 1893 sollici-

602 1915 713 1954 tantes,
740 1913 813 1946 729.

515 1964 644 1998 LXXVI.
670 1965 827 2000 lndultum
854 1966 1099 2010 Congregationi
1125 1967 1256 2001 fratrum

602 2018 794 2053 lesuatorum
815 2020 846 2053 S.
867 2020 1064 2064 Hieronymi,
1081 2023 1115 2054 ut
1134 2029 1152 2054 a
1172 2020 1256 2054 loco-

603 2083 672 2105 rum
697 2072 875 2107 OrdinariiS
900 2073 1066 2118 approbati
1084 2075 1203 2118 possint
1224 2075 1255 2107 iu

604 2126 837 2168 parochialibus
854 2127 999 2160 ecclesiis
1019 2127 1184 2161 domorum
1207 2137 1257 2161 re-

604 2179 759 2221 gularium
776 2181 874 2223 ipsius
890 2180 1154 2224 Congregationis
1167 2181 1255 2214 dum-

603 2235 688 2265 taxat
733 2232 997 2276 parochianorum
1040 2234 1257 2268 cont'esstoues

605 2285 726 2327 audIre,
752 2287 826 2319 730.

519 2337 663 2371 LXXVII.
677 2338 878 2373 Confirmatio
891 2340 1056 2374 dlvisIOniS
1070 2342 1256 2384 proviticiac

604 2393 703 2425 sancti
728 2393 895 2434 Augustini
913 2394 1045 2428 fratrum
1063 2394 1259 2428 Recollecto-

606 2455 676 2478 rum
700 2445 969 2480 Discalccatorum
989 2446 1120 2482 OrdIniS
1138 2448 1260 2482 Eremi-

607 2501 707 2531 tarum
724 2500 824 2532 sancti
843 2499 1011 2543 Augustini
1033 2500 1258 2544 Hispaniarum

607 2551 637 2583 in
663 2556 798 2595 quatuor
822 2554 1012 2595 provincias,
1038 2563 1075 2587 ac
1095 2554 1260 2588 electi0nis

608 2605 715 2637 vicarii
728 2605 870 2647 generali
884 2606 1168 2651 nonnullarumque
1184 2618 1259 2642 con-

607 2657 800 2691 stitutionum
825 2668 882 2701 per
905 2659 1006 2693 dictos
1030 2660 1142 2695 I'ratres
1160 2662 1193 2695 Iu
1209 2670 1261 2696 ea-

608 2709 705 2753 pitulo
730 2711 891 2756 laetarum,
917 2712 990 2748 731.

1097 298 1274 326 nmmum
1296 298 1449 325 nou-mvn

1299 352 1466 387 LXXVIII.
1490 353 1670 388 Declaratio
1687 357 1719 388 et
1738 353 1924 399 approbatio
1945 356 2044 400 priri-

1388 407 1546 451 Iegiorum
1570 409 1684 442 notarii
1709 407 2046 444 Archiconfraternita-

1389 463 1428 494 tis
1459 461 1622 496 charitatis
1647 461 1687 496 de
1717 461 1802 496 Urbe
1831 464 1918 496 eirca
1945 465 2048 496 trans-

1388 516 1555 549 missiones
1579 517 1869 550 commtssariorum
1894 517 1925 550 in
1942 517 2048 550 causis

1390 572 1480 602 extra
1521 568 1640 603 Urbem
1661 597 1668 611 ‚
1708 578 1745 603 ac
1791 570 2048 613 registrationem

1390 624 1676 667 compositionum,
1721 622 1970 666 liberationum,
2011 632 2049 657 ac

1389 685 1663 721 quarumcumque
1693 678 1869 719 gratiarum
1903 686 1922 711 a
1956 685 2048 711 sacra

1389 729 1539 764 Consulta
1563 739 1797 773 concessarum,
1823 730 1899 765 738.

1302 781 1433 817 LXXIX.
1463 783 1662 818 Confirmatio
1694 783 1890 818 fundationis
1921 783 2049 828 collegii

1392 837 1561 881 AngIIcani
1587 839 1618 871 in
1651 839 1780 872 civitate
1804 837 2049 883 Ulyssiponensi

1392 901 1449 935 pro
1474 890 1610 926 alumnis
1635 891 1757 935 AnglIs,
1784 891 1859 925 740.

1304 943 1420 978 LXXX.
1453 943 1612 979 Extiiictio
1643 954 1739 979 curae
1772 946 1952 979 ammarum
1982 954 2045 990 pa-

1393 998 1543 1032 rochialis
1567 998 1724 1033 ecclesiae
1748 999 1850 1032 sancti
1868 997 1992 1033 Nicolai
2017 999 2050 1032 in

1393 1052 1515 1095 Agone,
1541 1052 1752 1097 eiusdemque
1776 1051 1946 1096 applicatio
1963 1060 2051 1096 paro-

1394 1105 1551 1139 chialibus
1577 1107 1724 1140 eeclesiis
1749 1107 1995 1148 circumvicinis,
2013 1114 2051 1140 ac

1394 1161 1494 1204 ipsius
1519 1159 1676 1194 eeclesiae
1701 1169 1773 1193 cum
1793 1159 1936 1194 Cameris
1952 1163 2052 1194 recto-

1393 1212 1514 1247 ralibus
1531 1217 1562 1247 et
1580 1215 1729 1247 universa
1746 1212 1961 1257 suppellectili
1977 1222 2052 1247 con-

1393 1268 1496 1301 cessio
1510 1267 1766 1302 Coiifraternitati
1779 1266 1839 1301 suh
1849 1268 2051 1301 invocatione

1394 1321 1442 1355 Ss.
1475 1321 1596 1354 Nicotai
1633 1325 1663 1355 et
1691 1321 1882 1355 Catharinae
1913 1322 2050 1355 nationis

1394 1374 1681 1419 Lothariugiorum,
1707 1375 1781 1409 741.

1306 1428 1443 1462 LXXXI.
1479 1428 1691 1462 Committitur
1726 1429 1843 1462 nuncio
1877 1427 2051 1473 apostolico

1394 1481 1538 1526 Neapoli,
1556 1486 1587 1516 et
1605 1482 1888 1526 vieegubernatori
1913 1483 2052 1517 civitatis

1394 1535 1650 1578 Beneventanae,
1661 1534 2054 1580 utprocedantcontrabo-

1395 1600 1508 1625 norum
1518 1590 1700 1624 detentores
1710 1590 1894 1624 monasterii
1904 1588 2052 1623 abbatiae

1393 1648 1596 1688 nuncupatae
1619 1647 1749 1677 sanctae
1774 1643 1893 1677 Mariae
1921 1642 1962 1677 de
1977 1642 2053 1676 Fer-

1394 1707 1474 1740 rara,
1485 1699 1586 1732 sancti
1596 1697 1761 1731 Benedicti
1774 1696 1825 1731 vel
1842 1696 1974 1730 alterius
1991 1694 2053 1731 Or-

1394 1752 1487 1793 dinis,
1500 1751 1755 1793 Beneventanae,
1775 1750 1827 1784 vel
1843 1749 2051 1791 Theanensis‚

1395 1809 1449 1840 aut
1472 1805 1590 1839 nullius
1614 1805 1782 1847 dioecesis
1807 1804 1882 1838 746.

1306 1859 1455 1893 LXXXII.
1472 1860 1676 1893 Confirmatio
1696 1859 1899 1893 decretorum
1926 1867 1945 1892 a
1975 1867 2054 1902 rege

1396 1913 1552 1947 catholico
1576 1913 1712 1947 latorum
1731 1913 1817 1946 circa
1833 1910 2054 1945 exclusionem

1396 1971 1610 2001 mercatorum
1641 1969 1672 2000 et
1702 1965 1837 2000 aliorum
1872 1963 1912 1999 ab
1942 1963 2054 1998 habitu

1395 2020 1582 2054 militiarum
1606 2019 1646 2054 de
1672 2020 1807 2064 Spatlia,
1833 2018 1999 2053 Calatrava
2023 2021 2055 2052 et

1398 2074 1584 2116 Alcantara,
1611 2074 1684 2108 747.

1310 2128 1468 2162 LXXXIII.
1490 2127 1620 2162 Clerieis
1643 2126 1845 2172 regularibus
1868 2126 2052 2161 Scholarum

1398 2181 1525 2215 Piarum
1547 2182 1628 2215 sacta
1645 2182 1890 2215 communicatio
1911 2181 2055 2214 omnIum

1398 2236 1658 2279 exeinpuonum‚
1683 2235 1879 2269 indultorum
1903 2237 1934 2268 et
1957 2234 2056 2278 privi-

1398 2289 1554 2332 legiorum
1587 2288 1846 2334 quibuscumque
1877 2286 2054 2323 OrdInibus

1398 2342 1671 2384 lllendicantIum,
1704 2350 1881 2386 eorumque
1915 2341 1994 2374 locis
2024 2343 2057 2374 et

1397 2397 1542 2439 personis
1563 2393 1804 2440 quomodolibet
1826 2402 2054 2428 concessorum

1400 2452 1432 2482 et
1456 2447 1754 2490 concedendorum,
1780 2448 1855 2481 749.

1311 2500 1473 2535 LXXXIV.
1487 2500 1710 2536 cathedralem
1723 2500 1893 2535 ecclesiam
1902 2499 2056 2533 Parisien-

1399 2564 1467 2588 sem
1501 2556 1534 2588 in
1565 2554 1842 2599 metropolitanam
1867 2553 1983 2596 erigit,
2009 2553 2057 2586 ei-

1400 2608 1537 2652 demque
1562 2609 1779 2651 suffraganeas
1802 2608 1952 2650 assignat,
1977 2606 2052 2640 750.

1313 2660 1464 2695 LXXXV.
1488 2661 1569 2706 Regi
1593 2661 1748 2696 catholico
1773 2660 1904 2695 facultas
1932 2668 2053 2694 conce-

1400 2716 1484 2753 ditur
1505 2719 1621 2753 statuta
1634 2715 1819 2752 militiarum
1833 2714 1873 2752 de
1889 2713 2057 2753 calatrava
