2293 3231
75 295 124 322 Αιι.
146 294 175 321 (1.
194 293 259 322 1612

927 291 1045 317 PAULt's
1066 292 1084 316 V
1105 292 1151 316 PP-

274 340 398 375 termini
417 340 447 373 in
465 339 581 373 iudicio
598 340 744 384 suseepti,
758 349 857 383 usque
871 339 909 372 ad
927 346 1013 373 scuta

273 393 381 427 decem
392 419 400 434 ,
418 392 511 425 iulius
529 402 618 425 unus.

317 446 368 481 47.
385 447 432 480 Ab
451 446 521 480 inde
539 457 637 491 usque
653 446 692 479 ad
709 452 795 479 scuta
812 446 1014 490 vigintiquin-

272 512 351 545 que,
368 501 526 534 hononeni
547 501 807 545 vigintiquinque.

317 552 368 586 48.
394 555 441 587 Ab
469 554 540 587 inde
565 564 663 598 usque
690 554 728 587 ad
751 558 837 586 scuta
861 553 1015 597 quinqua-

272 607 372 650 ginta,
393 607 459 640 iulii
476 607 622 651 quinque.

317 659 368 693 49.
386 660 433 693 Ab
451 660 522 693 inde
538 669 637 704 usque
654 659 692 692 ad
712 664 837 693 eentum
849 686 856 699 ,
875 658 1015 691 bonone-

272 712 304 746 ni
321 712 518 756 septuaginta
535 713 682 756 quinque.

319 765 370 799 50.
388 765 434 799 Ab
454 765 525 798 inde
543 775 637 809 supra
654 775 752 808 usque
775 764 813 797 ad
835 774 1017 808 quamcum-

273 829 334 864 que
354 829 527 860 summam,
546 823 668 853 scutum
686 829 793 851 unum.

318 872 369 905 51.
384 873 444 906 Pro
458 871 519 905 fide
532 871 595 904 litis
608 871 804 915 pendendae,
818 869 912 904 iulius
925 880 1014 903 unus.

317 925 370 959 52.
385 926 445 959 Pro
458 925 520 959 fide
534 925 701 958 cuiuslibet
713 929 810 965 aetus,
821 924 915 957 iulius
924 933 1014 956 unus.

317 978 368 1013 53.
384 980 444 1013 Pro
463 978 670 1023 productione
686 988 958 1022 quorumcumque
972 977 1018 1010 iu-

273 1032 355 1066 rium
367 1059 374 1073 ‚
392 1032 550 1066 bononeni
570 1032 641 1065 duo.

317 1085 368 1118 54.
389 1085 450 1119 Pro
472 1095 672 1129 quacumque
698 1083 895 1117 restitutione
921 1083 1015 1116 cedu-

272 1139 375 1172 larum
388 1138 596 1183 privatarum,
611 1138 904 1174 instrumentorum,
922 1137 1016 1169 libro-

272 1202 359 1233 rum,
375 1202 411 1224 ac-
436 1191 570 1224 aliarum
591 1201 864 1235 quarumcumque
881 1190 1015 1234 scriptu-

272 1255 382 1279 rarum
407 1256 479 1278 cum
504 1245 687 1278 dimissione
711 1244 830 1288 copiae,
855 1255 954 1287 usque
978 1244 1016 1276 ad

272 1309 429 1332 summam
453 1303 615 1333 scutorum
640 1298 902 1342 vigintiquinque,
919 1299 1018 1331 bono-

272 1353 344 1387 neni
368 1353 563 1397 quindecim3

317 1406 369 1440 55.
394 1407 440 1440 Ab
462 1407 532 1440 inde
548 1416 643 1450 supra
659 1416 757 1450 usque
774 1406 813 1439 ad
830 1417 1016 1450 quamcum-

272 1470 334 1504 que
350 1470 515 1500 summam,
531 1460 689 1493 bononeni
709 1459 968 1503 vigintiquinque.

317 1512 369 1547 56.
395 1513 425 1547 Si
451 1513 542 1557 copia
566 1513 659 1546 suerit
683 1513 850 1555 excessiva,
876 1514 1015 1548 solvatur

272 1567 404 1600 arbitrio
422 1566 542 1600 iudicis.

316 1620 368 1655 57.
386 1621 446 1654 Pro
462 1620 667 1665 responsione
685 1631 780 1665 super
793 1621 943 1662 articulis,
956 1633 1014 1665 pro

272 1675 414 1720 quolibet
437 1675 569 1710 articulo
589 1675 707 1709 omisso
728 1675 902 1719 repetidvo,
920 1676 1016 1709 bono—

271 1738 371 1763 nenus
396 1739 485 1762 unus.

317 1781 368 1816 58.
394 1782 454 1815 Pro
474 1782 617 1815 examine
635 1782 760 1817 testium
786 1782 851 1815 sine
874 1783 1014 1816 articulis

272 1840 304 1868 et
324 1835 587 1879 interrogatoriis,
604 1846 704 1879 usque
721 1835 759 1868 ad
782 1845 1014 1879 quamcumque

273 1899 445 1929 summam,
466 1888 624 1922 bononeni
642 1894 759 1933 septem
778 1900 850 1922 cum
872 1889 1012 1923 dimidio.

316 1941 368 1976 59.
400 1942 477 1977 Cum
507 1942 646 1976 articulis
679 1947 709 1975 et
742 1943 992 1986 interrogatoriis
1005 1972 1012 1985 ‚

271 2007 371 2040 usque
393 1996 433 2029 ad
456 2006 612 2030 summam
633 2002 795 2030 scutorum
816 1997 941 2039 decem,
959 1999 1014 2031 bo-

271 2049 387 2082 noneni
411 2049 612 2092 quindecim;

316 2100 367 2135 60.
388 2102 434 2135 Ab
455 2101 527 2135 inde
543 2112 638 2146 supra
657 2113 756 2146 usque
776 2103 814 2135 ad
831 2114 1013 2148 quamcum-

271 2166 332 2200 que
348 2165 521 2196 summam,
544 2155 703 2188 bononeni
727 2155 997 2202 vigintiquinque:

316 2207 368 2241 611.
393 2208 431 2241 Et
447 2208 472 2241 si
493 2208 616 2242 articuli
633 2214 663 2241 et
686 2209 928 2253 interrogatoria
946 2212 1012 2245 sue-

270 2261 336 2295 rint
350 2262 518 2302 excessim,
535 2262 675 2295 solvatur
691 2263 824 2296 arbitrio
842 2264 962 2297 iudicis.

315 2314 366 2348 69..
392 2315 452 2348 Pro
473 2315 600 2349 decreto
623 2316 845 2360 publicationis
868 2319 1011 2359 testium,

271 2368 429 2402 bononeni
446 2368 518 2402 duo.
566 2414 569 2415 ⁷

315 2421 366 2455 63.
385 2422 445 2456 Pro
461 2422 560 2467 copiis
576 2422 780 2467 depositionis
795 2423 931 2465 testium,
949 2425 1011 2458 sol-

271 2480 361 2509 vatur
377 2481 473 2520 prout
488 2477 519 2509 in
536 2477 688 2510 examine.

314 2528 366 2562 64.
389 2529 450 2563 Pro
474 2531 707 2574 recognitione,
725 2532 788 2564 sive
805 2532 946 2565 examine
964 2543 1012 2565 su-

269 2593 328 2626 per
350 2583 565 2626 recognitione
589 2590 797 2625 tesserarum,
821 2591 849 2618 et
879 2586 1011 2618 aliarum

271 2636 518 2680 scripturarum,
539 2638 603 2671 sive
627 2639 761 2680 ituium,
787 2639 852 2673 sine
876 2639 1012 2673 interro-

271 2689 416 2732 gationis,
435 2689 593 2724 bononeni
610 2696 694 2733 tres;

1698 281 1750 313 151

1091 339 1141 373 65.
1167 339 1242 373 Cum
1269 339 1529 382 interrogatoriis.
1548 338 1686 371 solvatur
1703 338 1786 371 arbi-

1048 393 1108 424 trio
1128 392 1247 425 iudicis.

1092 446 1142 476 titi.
1163 446 1222 478 Pro
1239 445 1457 478 informatione
1480 444 1572 477 iudici
1593 443 1732 477 facienda
1758 444 1788 476 in

1048 500 1140 529 causa
1166 498 1392 541 cuiuscumque
1417 508 1566 538 summae,
1582 497 1668 530 nihil.

1092 551 1142 583 (27.
1170 551 1229 584 Pro
1259 553 1330 584 nota
1363 552 1547 592 sententiae,
1577 562 1631 583 scu
1662 550 1789 583 decreto

1048 603 1208 636 definitivo
1222 604 1349 636 servatis
1363 604 1534 641 servandis.
1544 605 1683 637 solvatur
1695 609 1787 648 prout

1049 668 1143 700 supra
1165 658 1195 689 in
1213 658 1358 689 mandato
1379 658 1487 699 vigore
1504 657 1640 690 termini.

1093 709 1143 742 68.
1168 710 1226 743 Pro
1251 710 1397 743 mandato
1415 711 1544 743 servatis
1561 710 1722 743 servandis
1739 720 1789 744 re-

1048 763 1160 803 laxato,
1175 764 1313 795 solvatur
1327 763 1470 796 similiter
1487 768 1578 807 prout
1597 763 1626 796 in
1643 763 1790 797 mandato

1050 815 1157 858 vigore
1174 816 1309 849 termini.

1093 868 1144 901 00.
1164 869 1223 902 Pro
1240 880 1438 914 quacumque
1460 870 1669 914 appellatione
1694 870 1789 902 inter-

1048 922 1166 965 posita,
1192 923 1288 955 verbo
1313 923 1361 955 vel
1386 923 1415 955 in
1442 923 1576 967 scriptis,
1600 923 1693 956 ctiam
1718 934 1789 956 cum

1049 975 1255 1019 productione
1281 976 1408 1009 cedulae
1433 976 1665 1020 appellationis,
1690 977 1789 1011 bono-

1048 1029 1119 1061 ncni
1145 1030 1216 1062 duo.

1093 1082 1143 1115 70.
1160 1083 1218 1116 Pro
1236 1083 1383 1117 mandato
1399 1083 1437 1116 de
1454 1083 1634 1117 evacuando
1660 1083 1790 1116 servatis

1049 1136 1226 1177 servandis,
1244 1137 1309 1169 iulii
1327 1137 1399 1170 duo.

1094 1190 1144 1222 71.
1160 1190 1219 1223 Pro
1233 1191 1379 1223 mandato
1393 1190 1430 1223 de
1444 1190 1665 1234 consignandis
1682 1190 1793 1235 pigno-

1049 1243 1137 1276 ribus
1154 1244 1349 1277 mandatario
1362 1245 1400 1276 ad
1413 1245 1559 1277 effectum
1578 1244 1791 1284 subhastandi,

1049 1303 1075 1330 ct
1096 1298 1133 1331 de
1149 1299 1374 1339 subliastando,
1394 1299 1553 1331 bononeni
1570 1304 1643 1331 tres.

1095 1352 1144 1385 72.
1165 1353 1224 1385 Pro
1242 1352 1389 1386 mandato
1406 1353 1444 1385 de
1461 1352 1674 1394 deliberando,
1691 1353 1791 1386 bono-

1048 1407 1119 1440 neni
1137 1413 1255 1452 septeni
1273 1418 1344 1441 cuni
1362 1408 1502 1441 dimidio.

1093 1461 1142 1494 73.
1161 1462 1220 1494 Pro
1238 1462 1384 1495 mandato
1408 1462 1515 1505 vigore
1539 1462 1740 1505 obligationis
1760 1461 1790 1494 in

1048 1516 1150 1548 forma
1165 1526 1317 1555 camerae,
1335 1527 1433 1559 usque
1447 1516 1485 1548 ad
1501 1521 1589 1548 scuta
1605 1515 1724 1556 decem,
1738 1516 1792 1548 bo-

1049 1569 1163 1602 noneni
1196 1570 1398 1613 quindeci1u;

1094 1622 1143 1655 74.
1166 1623 1268 1667 Usque
1286 1623 1323 1656 ad
1342 1623 1480 1666 triginta,
1497 1622 1563 1655 iulii
1582 1627 1661 1661 tres3

1094 1676 1142 1709 75.
1169 1678 1193 1709 A
1219 1677 1345 1720 triginta
1370 1686 1472 1721 usque
1492 1677 1530 1710 ad
1554 1677 1790 1721 quinquaginta,

1049 1729 1115 1762 iulii
1139 1730 1296 1774 quinque:

1095 1784 1145 1816 76.
1171 1786 1194 1817 Λ
1219 1785 1443 1828 quinquaginta
1469 1796 1568 1829 usque
1592 1784 1628 1818 ad
1654 1788 1789 1825 centum,

1049 1841 1171 1870 scutum
1198 1848 1313 1873 unum:

1094 1892 1142 1924 77.
1170 1892 1215 1925 Ab
1236 1892 1305 1923 inde
1323 1903 1415 1936 supra
1435 1904 1532 1936 usque
1550 1893 1587 1926 ad
1604 1904 1789 1937 quamcum—

1048 1956 1108 1989 que
1126 1956 1292 1986 summam,
1312 1951 1399 1979 scuta
1415 1947 1486 1979 duo.

1093 1997 1142 2031 78.
1170 1999 1229 2031 Pro
1255 1999 1488 2032 subhastatione
1516 2010 1789 2045 quorumcumque

1047 2052 1216 2095 pignorum
1232 2080 1238 2093 ‚
1262 2053 1350 2085 nihil.

1093 2106 1142 2138 70.
1169 2107 1228 2139 Pro
1253 2107 1358 2149 rogitu
1383 2108 1557 2151 adeptionis
1580 2108 1788 2151 possessionis

1047 2159 1176 2201 barcae,
1210 2172 1264 2194 seu
1292 2161 1389 2204 partis
1419 2160 1519 2201 illius,
1549 2161 1706 2194 bononeni
1743 2162 1787 2194 vi-

1047 2213 1273 2257 gintiquinque.

1091 2266 1142 2299 80.
1168 2267 1228 2299 Pro
1254 2267 1357 2310 rogitu
1382 2267 1556 2311 adeptionis
1582 2268 1787 2311 possessionis

1046 2319 1158 2352 domus
1181 2330 1236 2353 seu
1262 2321 1369 2353 vincae
1395 2321 1423 2353 in
1450 2321 1544 2361 Urbe,
1569 2321 1726 2354 bononeni
1746 2321 1786 2353 vi-

1045 2373 1264 2417 gintiquinque
1278 2385 1285 2413 ;

1090 2426 1140 2459 81.
1167 2427 1261 2459 Extra
1285 2427 1417 2467 Urbem,
1444 2427 1509 2459 iulii
1535 2427 1682 2471 quinque.

1090 2480 1140 2513 82.
1167 2480 1227 2513 Pro
1248 2480 1441 2513 confectione
1460 2480 1635 2521 inventarii,
1652 2482 1715 2516 sive
1735 2482 1786 2516 de-

1046 2533 1224 2576 scriptionis
1240 2534 1396 2566 bonorum
1420 2539 1506 2567 extra
1524 2535 1680 2577 officium,
1699 2536 1786 2570 simi-

1046 2587 1116 2618 liter
1132 2586 1197 2618 iulii
1215 2587 1362 2629 quinque.

1090 2639 1140 2672 83.
1155 2640 1215 2672 Pro
1233 2640 1417 2683 repetitione
1435 2640 1717 2675 instrumentorum
1735 2653 1785 2676 ro-

1046 2697 1190 2738 gatorum
1209 2694 1239 2726 in
1253 2694 1367 2735 officio,
1380 2705 1479 2739 usque
1493 2696 1531 2728 ad
1547 2706 1703 2729 summam
1717 2707 1784 2731 scu—

1804 289 1852 316 Αη.
1870 289 1899 318 Γ..
1919 289 1985 316 1612
