2293 3231
67 275 118 306 An.
139 274 167 304 C.
184 273 247 304 ¹⁶2¹

870 269 1047 296 damnatus
1071 270 1114 295 XV
1137 271 1185 295 PP.

265 320 297 354 in
320 318 490 353 unionibus
515 319 695 353 commissio
713 319 803 353 fieret
827 319 864 352 ad
890 325 1005 363 partes,

266 373 382 407 vocatis
394 383 529 416 quorum
548 373 687 413 interest,
702 378 732 406 et
749 373 830 405 idem
850 373 1006 405 voluimus
1022 391 1024 415 3

265 426 427 460 observari
453 427 482 459 in
509 427 748 460 confirmatione
773 426 924 459 unionum
945 427 1006 459 iam

265 479 432 523 factarum)
453 480 600 524 praefatis
624 480 731 513 loanni
756 480 1006 523 archiepiscopo,

266 533 468 574 doctoribus,
494 533 653 576 magistris
678 537 707 566 et
731 532 943 573 scholaribus,
968 542 1006 564 ne

266 586 387 619 litterae
419 586 494 620 Sixti
534 586 786 629 praedecessoris
826 585 1006 617 huiusmodi

267 638 496 671 frustrarentur
513 638 625 671 effectu
640 638 659 679 ¹,
675 638 841 682 providere
858 637 1007 678 volentes,

269 691 415 735 ipsosque
435 691 582 724 Ioannem
603 691 887 735 archiepiscopum,
904 690 1009 724 docto-

268 755 327 787 res,
342 744 511 788 magistros
524 750 554 777 et
568 744 727 778 scholares
741 744 814 777 dicti
832 743 925 776 studii
938 744 960 776 T
963 754 1008 776 re-

266 797 409 838 virensis,
435 802 464 830 et
489 808 601 831 eorum
623 798 763 840 singulos
787 808 803 830 a
831 796 1007 841 quibusque

266 851 613 892 excommunicationis,
639 850 852 894 suspensionis
870 855 900 882 et
915 850 1008 882 inter-

266 903 357 945 dicti,
382 905 512 948 aliisqne
543 904 761 937 ecclesiasticis
793 903 953 936 sententiis
978 909 1008 935 et

266 957 385 1001 poenis,
402 968 420 990 a
445 957 513 991 iure
539 957 587 990 vel
613 958 651 990 ab
676 957 814 998 homine,
829 957 937 1000 quavis
957 967 1008 990 oc-

267 1010 392 1044 casione
423 1011 469 1043 vel
503 1012 596 1044 causa
617 1010 704 1051 latis,
734 1011 759 1043 si
791 1010 907 1054 quibus
934 1021 1009 1054 quo-

266 1063 438 1097 modolibet
460 1063 600 1096 innodati
625 1063 773 1104 existunt,
798 1063 836 1096 ad
861 1063 1006 1096 effectum

265 1117 479 1162 praesentium
496 1116 656 1150 dumtaxat
673 1117 940 1161 consequendum,
955 1118 1006 1149 ha-

266 1181 337 1204 rum
363 1170 443 1204 serie
469 1170 665 1204 absolventes
697 1176 727 1203 et
757 1171 916 1204 absolutos
941 1171 1007 1204 sore

267 1230 444 1266 censentes,
469 1235 505 1258 ac
534 1225 749 1268 singulorum,
774 1230 837 1257 tam
862 1225 1007 1269 priorum

267 1290 361 1324 quam
374 1279 596 1323 posteriorum,
611 1279 863 1320 canonicatuum,
878 1286 908 1312 et
920 1290 1009 1323 prae-

268 1332 461 1373 bendarum,
486 1336 515 1366 ct
544 1332 773 1376 parochialium
803 1333 1008 1366 ecclesiarum

267 1385 501 1430 praedictorum
518 1385 687 1427 fructuum,
702 1385 880 1419 reddituum
895 1389 924 1420 et
940 1397 1010 1430 pro-

269 1444 417 1473 ventuum
431 1450 522 1473 veros
530 1449 649 1473 annuos
660 1439 781 1472 valores
792 1440 1009 1483 praesentibus

269 1504 327 1538 pro
345 1493 500 1537 expressis
517 1493 679 1536 habentes,
697 1493 1009 1538 luiiusmodisuppli-

269 1547 444 1581 cationibus
458 1546 606 1587 inclinati,
624 1547 779 1587 volumus,
793 1551 823 1581 et
839 1548 1009 1591 apostoliea

269 1600 453 1633 auctoritate
471 1600 683 1641 concedimus,
698 1600 782 1643 quod
795 1601 917 1634 litterae
934 1601 1011 1635 Sixti

268 1654 521 1699 praedecessoris
555 1653 752 1695 huiusmodi,
786 1659 816 1687 et
844 1665 1010 1698 processus

267 1707 367 1741 habiti
391 1717 449 1752 per
473 1707 598 1740 easdem
623 1707 751 1749 litteras,
768 1718 825 1741 nec
850 1718 911 1741 non
936 1709 1010 1741 unio

269 1766 299 1794 et
322 1760 455 1794 annexio
480 1766 509 1794 et
534 1761 748 1805 incorporatio
772 1761 960 1806 praedictae,
982 1768 1011 1795 et

269 1813 341 1847 inde
358 1818 489 1858 sequuta
503 1825 730 1858 quaecumque,
748 1825 764 1847 a
781 1815 852 1848 data
868 1826 1012 1859 praesen-

269 1868 347 1901 tium
373 1868 504 1910 valeant,
522 1868 711 1912 plenamque
737 1869 862 1902 roboris
878 1869 1011 1902 firmita-

269 1926 333 1954 tem
358 1921 520 1955 obtineant
550 1922 582 1955 in
602 1922 748 1955 omnibus
773 1928 803 1955 et
825 1934 882 1967 per
906 1923 1012 1957 omnia

272 1974 415 2018 (perinde
439 1985 475 2008 ac
499 1975 525 2008 si
550 1975 668 2008 eisdem
692 1975 803 2010 litteris
827 1976 900 2009 dicti
925 1987 1014 2020 prae-

272 2027 457 2068 decessoris,
482 2028 566 2072 quod
584 2028 666 2062 dicta
683 2029 813 2062 ccclesia
830 2029 868 2062 de
885 2029 1013 2063 Dieden-

272 2080 377 2114 hosfen
395 2090 458 2114 non
474 2081 668 2114 Trevirensis
680 2109 687 2122 ,
704 2083 768 2115 imo
792 2082 877 2126 quod
901 2084 1013 2116 Meten-

273 2133 314 2166 sis
336 2133 489 2167 dioecesis
517 2134 695 2178 praedictae
724 2141 800 2176 erat,
829 2146 1012 2179 expressum

273 2187 405 2232 suisset);
416 2198 474 2221 nec
489 2197 552 2221 non
564 2188 740 2232 praedictas
751 2194 781 2221 et
791 2189 928 2232 singulas
938 2190 1011 2224 dicti

273 2241 392 2275 Nicolai
415 2241 668 2285 praedecessoris
693 2242 822 2284 litteras,
847 2253 883 2275 ac
908 2244 1013 2277 omnia

274 2298 303 2330 et
320 2294 443 2338 singula
463 2295 494 2327 in
511 2295 554 2328 eis
572 2299 727 2335 contenta,
741 2297 925 2330 auctoritate
941 2308 1014 2341 apo—

274 2349 384 2382 stolica
408 2349 559 2393 praefata,
585 2354 692 2382 tenore
718 2350 901 2383 earumdem
920 2361 1012 2394 prae-

274 2402 426 2443 sentium,
451 2402 662 2446 approbamus
692 2406 721 2436 et
750 2402 955 2444 innovamus,
978 2414 1013 2437 ac

273 2460 444 2500 perpetuae
460 2455 618 2489 firmitatis
636 2455 735 2489 robur
752 2455 894 2489 obtinere
911 2456 1015 2490 decer-

274 2509 378 2543 nimus
389 2508 409 2550 ²;
427 2519 485 2543 nec
502 2519 566 2543 non
583 2509 742 2550 unionem,
763 2510 968 2543 annexionem
985 2516 1015 2544 et

275 2562 560 2608 incorporationem
585 2564 771 2608 praedictas,
796 2564 899 2609 quoad
920 2575 956 2598 ca
983 2565 1014 2598 in

310 2634 324 2662 1
340 2633 411 2663 Edit.
426 2634 505 2664 Main.
521 2635 586 2671 legit
598 2636 728 2671 effectum
743 2636 785 2670 (a.
801 2636 849 2671 τ.).

310 2679 327 2706 2
341 2678 411 2707 Edit.
428 2679 506 2707 Main.
523 2679 588 2716 legit
602 2680 779 2709 decrevimus
793 2682 830 2716 (a.
847 2681 896 2716 τ.)-

354 2732 434 2765 W-
453 2733 537 2764 Rom,
553 2740 588 2755 Φ
604 2734 666 2764 Vol.
680 2733 746 2765 XII.

927 2733 960 2761 72

1040 320 1154 363 quibus
1171 318 1310 353 nondum
1329 317 1475 352 effectum
1500 316 1627 351 sortitae
1643 316 1780 357 suerunt,

1040 374 1189 406 adversus
1221 373 1319 405 dietas
1345 371 1619 415 revocatoriasquo
1643 371 1726 415 ipsas
1749 370 1781 403 in

1040 437 1122 467 eum,
1141 426 1171 458 in
1196 437 1258 469 quo
1283 430 1381 466 erant,
1402 429 1516 457 statum
1534 423 1674 468 plenarie
1694 423 1782 456 resti-

1042 479 1158 512 tuimus
1183 483 1210 512 et
1237 479 1521 521 1·eintegramus,et
1542 477 1617 509 alias
1633 476 1782 509 revalida-

1042 543 1120 572 mus,
1135 543 1169 566 ac
1184 543 1255 565 cuin
1274 532 1420 565 omnibus
1437 536 1467 563 et
1483 530 1615 574 singulis
1627 530 1658 562 in
1671 529 1782 564 litteris

1040 585 1291 629 praedecessoris
1316 585 1393 618 Sixti
1419 583 1599 617 huiusmodi
1630 582 1783 616 contentis

1042 639 1189 672 clausulis
1213 638 1250 671 de
1275 648 1357 671 novo
1382 637 1603 677 concedimus;
1628 646 1685 669 nec
1709 645 1782 676 non,

1041 702 1098 735 pro
1125 691 1264 724 uberiori
1290 691 1470 731 doctorum,
1495 690 1784 733 magistrorumque

1041 744 1275 788 praedictorum
1300 744 1537 785 sustentatione,
1560 743 1599 776 ad
1623 752 1721 775 unum
1746 752 1783 775 ex

1042 797 1277 831 canonicatibus
1294 803 1321 830 et
1344 807 1437 830 unam
1463 807 1499 830 ex
1520 795 1708 840 praebendis
1724 794 1785 827 sin-

1041 851 1187 893 gularum
1213 851 1310 883 sancti
1327 850 1447 883 Paulini
1472 854 1559 883 extra
1584 859 1693 882 muros
1711 848 1785 881 Tre-

1042 903 1173 936 virensis
1204 903 1236 935 in
1264 903 1447 947 Lvmburgh
1479 901 1650 942 dioecesis,
1674 900 1784 935 beatae

1041 956 1156 989 Mariae
1182 956 1213 988 in
1236 956 1374 989 Wesalia
1399 956 1430 988 in
1455 954 1639 988 Wetzssavia
1662 954 1695 987 in
1713 954 1784 988 Car-

1041 1009 1133 1050 dona,
1150 1009 1182 1042 in
1202 1009 1407 1052 Lonngiono,
1432 1014 1462 1042 et
1486 1008 1517 1040 in
1541 1007 1658 1049 Ivodio,
1683 1007 1784 1041 dictae

1041 1062 1236 1095 Trevirensis
1256 1062 1408 1095 dioecesis
1429 1060 1656 1095 ecclesiarum¹
1677 1060 1783 1105 primo

1043 1115 1208 1156 vacaturis,
1229 1116 1414 1149 auctoritate
1439 1115 1611 1159 apostolica
1628 1119 1658 1148 et
1674 1119 1784 1148 tenore

1041 1169 1250 1214 praedictis-²,
1282 1169 1478 1202 extendimus
1511 1173 1541 1202 et
1573 1168 1783 1213 ampliamus;

1042 1224 1084 1256 ita
1101 1224 1185 1267 quod
1204 1223 1296 1256 liceat
1316 1223 1431 1257 rectori
1452 1223 1553 1256 dictae
1572 1222 1784 1255 universitatis

1042 1277 1251 1321 singulorum,
1268 1282 1331 1310 tam
1352 1277 1496 1321 priorum
1513 1287 1608 1321 quam
1632 1276 1785 1320 posterio-

1042 1342 1131 1372 rum,
1157 1331 1397 1364 canonicatuum
1417 1336 1447 1363 et
1471 1330 1725 1374 praebendarum
1749 1341 1785 1364 ac

1041 1386 1270 1430 parochialium
1303 1385 1508 1418 ecclesiarum
1538 1384 1784 1429 praedictorum,

1043 1451 1116 1473 cum
1140 1440 1211 1473 illos
1242 1445 1273 1472 et
1306 1439 1373 1472 illas
1405 1439 1500 1472 simul
1531 1439 1579 1471 vel
1611 1438 1786 1472 successive

1043 1493 1150 1537 (etiam
1176 1493 1208 1526 in
1232 1494 1337 1537 aliquo
1362 1504 1399 1526 ex
1429 1492 1590 1526 mensibus
1616 1492 1785 1526 ordinariis

1043 1548 1247 1582 collatoribus
1263 1559 1320 1592 per
1333 1548 1572 1581 constitutiones
1585 1552 1719 1588 nostras,
1736 1547 1785 1580 vel

1043 1601 1252 1641 alternativas,
1267 1607 1320 1634 aut
1337 1601 1527 1635 concordata
1539 1601 1719 1645 principum
1735 1611 1787 1634 na-

1045 1655 1137 1689 tionis
1153 1655 1369 1695 Germanicae,
1379 1666 1435 1688 seu
1443 1655 1570 1699 quaevis
1587 1654 1648 1687 alia
1663 1654 1787 1699 privile-

1044 1709 1095 1752 gia
1112 1715 1141 1742 et
1157 1709 1278 1742 indulta
1297 1709 1468 1752 apostolica
1487 1708 1657 1751 concessis)
1675 1718 1787 1741 vacare

1045 1762 1222 1806 contigerit,
1239 1772 1295 1806 per
1309 1772 1351 1803 se,
1365 1762 1413 1795 vel
1427 1761 1533 1802 alium,
1548 1772 1603 1794 seu
1616 1761 1704 1802 alios,
1721 1772 1788 1795 cor-

1045 1816 1186 1859 poralem
1204 1815 1436 1859 possessionem
1454 1815 1583 1859 propria
1601 1815 1787 1848 auctoritate

1044 1869 1143 1901 libere
1168 1868 1417 1913 apprehendere,
1435 1879 1470 1901 ac
1488 1868 1578 1902 dictis
1602 1868 1788 1912 parochiali·

1044 1923 1103 1955 bus
1120 1922 1260 1955 ecclesiis
1281 1922 1374 1955 unitis
1399 1933 1455 1966 per
1481 1921 1624 1962 vicarios,
1642 1932 1698 1966 per
1715 1932 1787 1955 eum

1046 1976 1083 2009 ad
1114 1976 1180 2009 eius
1205 1981 1315 2009 nutum
1340 1975 1503 2020 ponendos
1528 1981 1558 2008 et
1581 1975 1788 2016 amovendos,

1046 2030 1209 2070 deserviri,
1227 2040 1262 2062 ac
1279 2029 1460 2063 doctoribus
1477 2034 1507 2062 et
1524 2029 1683 2072 magistris
1700 2040 1789 2074 prae-

1046 2083 1137 2117 dictis
1162 2083 1199 2116 de
1224 2083 1349 2116 illarum
1373 2082 1538 2123 fructibus,
1558 2082 1735 2116 redditibus
1759 2088 1789 2116 et

1046 2137 1260 2181 proventibus,
1271 2137 1354 2170 iuxta
1364 2136 1495 2180 praefati
1508 2136 1632 2170 loannis
1645 2136 1788 2170 moderni

1046 2190 1277 2234 archiepiscopi
1301 2190 1494 2223 Trevirensis
1518 2189 1682 2234 providam
1703 2189 1788 2223 ordi-

1046 2245 1204 2278 nationem
1229 2244 1365 2288 desuper
1388 2243 1578 2284 saciendam,
1604 2243 1788 2288 responderi

1047 2298 1165 2338 sacere;
1189 2308 1246 2331 nee
1277 2308 1340 2331 non
1371 2298 1526 2330 dictarum
1551 2296 1789 2340 collegiatarum

1048 2351 1252 2384 eeclesiarum
1278 2351 1413 2395 capitula
1437 2351 1476 2383 de
1504 2350 1650 2384 omnibus
1676 2355 1705 2383 et
1727 2350 1790 2383 sin-

1048 2404 1129 2447 gulis
1154 2405 1318 2445 fructibus,
1336 2404 1510 2438 redditibus
1534 2408 1564 2437 et
1586 2404 1790 2448 proventibus

1049 2458 1290 2491 canonicatuum
1307 2463 1336 2490 et
1357 2457 1610 2502 praebendarum
1628 2457 1790 2491 unitonum

1048 2511 1227 2544 huiusmodi
1264 2511 1481 2555 (quotidianis
1516 2510 1789 2545 distributionibus

1084 2593 1094 2618 1
1119 2591 1265 2627 Perperam
1284 2592 1350 2618 edit.
1367 2591 1449 2619 Main.
1466 2591 1532 2627 legit
1553 2591 1679 2619 ecclesiis
1694 2592 1730 2627 (n.
1740 2591 1789 2626 ¹12).

1082 2636 1098 2663 2
1114 2635 1232 2665 Pessime
1256 2644 1363 2672 quoque
1387 2636 1424 2664 ibi
1446 2636 1543 2673 legitur
1563 2636 1789 2672 praedictarum
1823 2670 1828 2672 ⁷

1048 2682 1084 2717 (a.
1101 2681 1149 2716 r.).

1685 258 1749 294 569
1794 268 1847 296 An.
1864 266 1894 296 c.
1912 266 1977 295 4021
