2293 3231
214 291 261 317 An.
278 291 307 317 c.
327 290 392 318 ¹6¹5
438 280 502 315 :33⁰

414 339 616 383 postmodum
633 338 670 370 ad
692 338 758 370 cius
780 337 862 369 tilios
879 343 910 369 et
928 335 1153 369 descendentes

415 391 571 425 masculos
597 390 753 433 legitimos
785 396 812 421 et
844 389 1001 422 naturales
1027 388 1058 421 in
1083 398 1154 432 per-

415 450 553 489 petuum,
571 442 681 477 ordine
698 442 976 487 primogeniturae,
1001 447 1034 474 ut
1060 451 1155 485 supra

415 497 532 530 dietum
558 500 603 530 est
635 496 672 528 de
704 494 966 528 descendentibus
991 494 1155 534 masculis,

416 555 548 589 servato,
574 552 689 593 spectet
714 553 743 581 et
767 547 931 592 pertineat:
954 548 978 581 si
995 558 1069 580 vero
1086 558 1157 581 eon-

418 603 540 646 tigerit,
565 602 678 636 lineam
704 601 910 634 masculinam
944 612 980 633 ex
1012 600 1157 634 foeminis

417 666 453 688 ex
470 655 553 689 dicto
577 654 680 688 Marco
698 654 832 687 Antonio
850 653 1090 687 descudeutibus
1107 664 1158 699 pe-

419 708 500 741 nitus
525 707 673 751 extingui,
691 708 737 740 vel
760 717 822 740 non
839 713 956 748 extare,
973 712 1046 740 tnnc
1074 712 1103 740 et
1121 717 1158 740 eo

419 772 492 794 casu
517 761 671 794 foeminae
702 771 738 793 ex
771 760 896 793 filiabus
929 761 976 793 vel
1006 760 1074 793 aliis
1099 759 1154 792 ‹le-

420 813 641 847 scendentibus
665 814 811 847 foeminis
828 824 865 847 ex
882 813 964 847 dicto
983 814 1085 846 Marco
1102 814 1159 846 An-

421 867 505 899 tonio
530 865 773 907 descendentes,
799 866 908 900 ordine
934 865 1160 911 primogenitu-

422 930 484 961 rae,
510 925 543 952 ut
566 919 605 953 de
630 920 777 954 masculis
802 919 919 953 dictum
945 925 1010 960 est,
1036 930 1161 964 semper

421 979 555 1014 servato,
571 973 609 1007 ad
625 973 743 1007 dictum
761 974 807 1006 ius
822 979 1015 1018 patronatus,
1029 979 1056 1006 et
1071 984 1161 1018 prae-

1005 288 1182 312 anLAntt'M
1210 287 1362 311 ROMAM‘M

1188 334 1395 378 mogenitum,
1413 339 1440 366 et
1460 333 1667 377 praeferendo
1685 334 1798 368 lineam
1813 334 1930 379 primo-

1188 386 1285 430 geniti
1316 386 1416 420 lineae
1447 385 1694 430 secundogeniti,
1719 392 1749 420 et
1773 386 1930 420 masculos

1189 451 1224 472 ex
1250 439 1398 473 masculis
1422 438 1646 472 descendentes
1674 439 1753 472 natis
1770 450 1806 472 ex
1824 437 1931 472 foemi-

1190 492 1256 532 nis,
1282 502 1316 524 ac
1352 491 1509 524 masculos
1533 502 1569 524 ex
1599 491 1743 525 foeminis
1767 491 1842 536 ipsis
1866 491 1930 524 foe-

1191 544 1293 583 minis,
1319 549 1413 589 atque
1438 543 1513 576 alias
1539 543 1568 576 in
1586 543 1734 578 omnibus
1751 548 1779 577 et
1798 553 1854 588 per
1868 553 1932 578 om-

1191 598 1252 638 nia,
1266 603 1357 642 prout
1373 597 1403 630 in
1420 597 1501 630 linea
1519 597 1657 631 filiorum
1675 596 1931 630 descendentium

1191 662 1208 683 a
1234 650 1318 685 dieto
1340 651 1444 684 Marco
1469 650 1604 684 Antonio
1621 649 1800 684 ordinatum
1817 656 1873 684 est:
1891 649 1932 684 ita

1192 705 1275 749 quod
1295 705 1341 737 ius
1357 710 1542 749 patronatus
1556 710 1582 738 et
1598 703 1861 750 praesentandiac
1873 713 1933 737 res-

1193 758 1314 802 pective
1339 757 1520 803 deputandi,
1544 758 1680 802 eligendi
1698 763 1725 791 et
1751 756 1932 791 nominandi

1193 811 1385 851 huiusmodi,
1410 811 1448 844 ad
1473 821 1570 844 unum
1595 811 1696 844 solum
1718 821 1933 844 successorem

1195 865 1223 897 in
1249 864 1395 906 solidum,
1420 870 1449 897 et
1473 869 1541 908 post
1568 864 1656 897 illum
1681 863 1719 897 ad
1740 863 1836 897 alium
1856 873 1935 897 sem-

1195 928 1251 962 per
1275 917 1428 958 deveniat,
1446 917 1563 962 absque
1581 928 1619 951 co
1632 917 1716 962 quod
1731 917 1813 952 inter
1828 918 1935 963 plures

1195 982 1393 1005 successores
1417 971 1513 1004 (lividi
1533 971 1641 1016 possit,

1944 285 1993 312 An.
2009 286 2038 312 C.
2060 286 2126 315 16¹5

423 1027 575 1068 sentandi‚
593 1032 623 1061 et
639 1028 813 1073 respective
830 1027 1010 1072 deputandi,
1026 1027 1160 1071 eligendi

422 1086 452 1113 et
476 1080 659 1115 nominandi
689 1080 873 1114 succedant:
899 1080 1063 1114 deficiente
1089 1091 1162 1114 vero

424 1133 454 1167 in
479 1138 580 1168 totum
606 1134 686 1167 linea
712 1139 776 1167 tam
801 1134 974 1168 masculina
992 1145 1085 1178 quam
1103 1134 1164 1168 soc-

424 1187 508 1220 mina
525 1197 562 1221 ex
580 1187 664 1222 dicto
680 1187 784 1221 Marco
798 1187 932 1222 Antonio
946 1187 1164 1227 descendente,

1240 1025 1255 1069 ἓ
1271 1025 1322 1059 51.
1339 1025 1552 1059 institutiones
1564 1030 1617 1058 aut
1630 1025 1812 1059 collationes
1824 1030 1855 1059 et
1867 1036 1936 1070 pro·
1964 1037 2136 1064 parona-pm·

1198 1079 1331 1113 visiones
1356 1088 1575 1123 personarum,
1593 1083 1625 1112 ut
1646 1078 1833 1123 praefertur,
1850 1088 1868 1112 a
1884 1088 1937 1123 pa·
1950 1066 2136 1120 ἱῖῗιῖῗῖωῐῖοῗῗῖ

1197 1139 1289 1167 trono
1313 1145 1372 1179 pro
1396 1139 1539 1179 tempore
1563 1139 1853 1179 praesentatarum,
1885 1134 1933 1168 vi-
1951 1119 2138 1191 ἓῖἓξῗίξῖιὲῗῖἓὶ

1198 1187 1309 1222 delicet
1334 1188 1436 1233 quoad
1461 1188 1636 1233 prioratum
1665 1199 1722 1234 per
1745 1188 1936 1222 cardinalem
1951 1172 2138 1250 Ξῖἰοιῗξῖῗξΐξέξ

424 1240 471 1275 vel
496 1240 549 1274 illa
573 1251 637 1275 non
656 1241 825 1282 existente,
855 1241 902 1274 ius
927 1246 1111 1286 patronatus
1135 1248 1165 1276 et

425 1293 657 1340 praesentandi,
671 1304 707 1327 ac
720 1294 893 1338 respective
919 1294 1098 1339 deputandi,
1115 1295 1167 1328 eli-

427 1347 521 1392 gendi
545 1351 575 1382 et
599 1346 780 1381 nominandi
811 1347 1003 1388 huiusmodi,
1028 1352 1167 1382 transeat

427 1400 465 1435 ad
489 1399 685 1446 praedictum
702 1400 915 1442 Franciscum,
936 1400 1065 1446 eiusque
1086 1401 1168 1436 filios

429 1459 459 1492 et
475 1453 699 1488 descendentes
716 1455 884 1495 masculos,
901 1454 938 1487 de
956 1454 1168 1498 primogenito

429 1509 461 1542 in
484 1507 742 1553 primogenitum,
767 1517 803 1541 ac
827 1508 871 1541 eis
895 1507 1114 1541 deficientibus
1131 1508 1169 1542 ad

430 1561 592 1603 foeminas,
617 1566 650 1594 ut
670 1571 766 1606 supra
790 1560 908 1594 dictum
926 1566 971 1594 est
988 1560 1026 1594 de
1043 1561 1170 1594 deseen-

430 1614 576 1648 dentibus
599 1614 673 1648 dicti
697 1613 791 1648 Marci
815 1613 956 1648 Antonii:
982 1619 1011 1647 et
1033 1614 1170 1656 tandem,

431 1679 466 1702 ex
493 1668 562 1713 ipso
586 1667 754 1702 Francisco
771 1667 1034 1702 descendentibus
1051 1679 1172 1702 mascu-

430 1722 468 1757 lis
489 1728 518 1756 et
541 1722 687 1756 foeminis
711 1721 930 1756 deficientibus
954 1722 1002 1755 vel
1026 1732 1090 1756 non
1107 1722 1170 1756 exi-

432 1775 583 1813 stentibus
598 1803 605 1817 ,
630 1775 668 1809 ad
693 1775 891 1820 praedictum
916 1775 1057 1810 Curtium
1088 1775 1168 1809 Bur-

431 1829 576 1874 ghesium
600 1835 744 1864 nostrum
770 1828 942 1862 secundum
968 1839 1095 1863 carnem
1119 1829 1173 1863 hu-

432 1882 568 1917 iusmodi
593 1882 874 1926 consanguineum,
887 1887 917 1915 et
929 1888 1000 1927 post
1016 1893 1088 1916 eum
1105 1882 1173 1916 eius

432 1936 690 1982 primogenitum,
705 1942 735 1970 et
759 1936 844 1976 alias,
869 1936 964 1971 modo
988 1936 1191 1982 praemiss0,;

434 1989 473 2024 de
497 1989 711 2036 primogenito
735 1989 765 2022 in
790 1989 1054 2034 primogenitum,
1078 1991 1191 2038 prout]

433 2043 472 2080 de
488 2042 572 2078 dicto
587 2043 692 2077 Marco
708 2043 842 2076 Antonio
863 2053 957 2087 supra
981 2043 1098 2077 dictum
1116 2050 1173 2083 est,
1188 2040 1190 2072 ἶ

434 2098 526 2132 etiam
540 2096 643 2141 quoad
660 2097 811 2130 foeminas
824 2096 936 2129 exinde
949 2095 1173 2130 descendentes
1188 2131 1190 2145 Ι

434 2152 465 2186 in
480 2151 646 2186 infinitum:
667 2150 885 2184 deficientibus
901 2156 1004 2184 autem
1025 2148 1191 2197 omnibus}

434 2211 463 2239 ct
488 2204 619 2250 singulis
650 2204 797 2238 masculis
821 2209 851 2237 et
875 2205 1018 2238 foeminis
1049 2202 1190 2239 descen-f

434 2259 581 2294 dentibus
612 2269 629 2291 a
658 2258 762 2302 Marco
795 2257 928 2292 Antonio
952 2264 982 2291 et
1005 2251 1191 2292 Francisco'

434 2324 469 2349 ac
485 2312 593 2348 Curtio
613 2311 790 2357 praedietis,
810 2317 882 2345 tunc
900 2311 1046 2346 succedat
1071 2313 1101 2346 in
1126 2313 1172 2346 ius

434 2371 627 2411 patronatus,
645 2370 675 2398 et
699 2365 918 2409 praesentandi
940 2375 976 2399 ac
1001 2367 1190 2410 respective

435 2418 625 2465 deputandi,
649 2417 784 2463 eligendi
809 2423 839 2451 et
863 2418 1044 2452 nominandi
1070 2420 1173 2453 liuius-

436 2472 532 2513 modi,
549 2473 602 2517 qui
619 2472 710 2508 nobis
729 2471 821 2506 fuerit
838 2472 869 2505 in
890 2472 971 2505 linea
989 2473 1172 2514 masculina,

436 2529 465 2559 et
481 2528 517 2559 ea
531 2524 694 2560 deficiente
707 2525 738 2559 in
752 2525 919 2560 foeminina
934 2526 1086 2570 sanguine
1103 2538 1174 2571 pro-

435 2578 559 2620 ximior,
584 2584 706 2614 servato
726 2589 852 2623 semper
876 2579 907 2612 in
931 2579 1079 2614 omnibus
1100 2580 1174 2614 casi-

436 2630 494 2665 bus
525 2631 712 2676 supradietis
743 2632 852 2668 ordine
884 2633 1172 2678 primogeniturae,

437 2685 627 2723 transeundo
643 2686 759 2724 scilicet
775 2686 813 2721 dc
829 2687 1041 2733 primogenito
1059 2686 1096 2721 ad
1113 2687 1174 2732 pri-

1198 1246 1410 1285 protectorem
1429 1247 1459 1275 et
1476 1252 1531 1275 seu
1547 1242 1640 1276 ctiam
1656 1242 1761 1287 ipsum
1779 1242 1937 1287 priorem,
1952 1249 2056 1272 conferre-

1199 1299 1293 1338 prout
1319 1294 1377 1338 ipsi
1403 1301 1536 1339 patrono
1562 1296 1663 1340 magis
1687 1295 1852 1343 placuerit,
1868 1295 1938 1330 fieri

1200 1347 1354 1388 debeant,
1379 1347 1403 1381 si
1436 1358 1509 1381 vero
1539 1359 1598 1393 pro
1630 1353 1775 1393 tempore
1805 1348 1940 1383 existens

1201 1406 1353 1445 patronus
1377 1401 1535 1446 prioratus
1556 1405 1585 1437 et
1602 1402 1870 1448 cappellaniarum
1887 1403 1942 1437 hu·

1202 1454 1338 1488 iusmodi
1363 1454 1394 1487 in
1419 1454 1570 1498 dignitate
1594 1455 1807 1489 ecclesiastica
1831 1455 1945 1490 consti-

1203 1512 1287 1542 tutus
1311 1513 1403 1549 esset,
1427 1513 1501 1542 tunc
1526 1507 1592 1554 ipse
1617 1512 1769 1558 patronus
1786 1508 1816 1543 in
1834 1508 1942 1544 huius-

1204 1559 1288 1594 modi
1313 1560 1465 1605 dignitate
1494 1562 1682 1596 constitutus
1714 1572 1777 1596 non
1801 1566 1945 1597 teneatur

1205 1619 1429 1659 praesentare,
1454 1615 1506 1649 sed
1531 1615 1708 1660 prioratum
1733 1626 1769 1651 ac
1793 1615 1946 1663 cappella-

1204 1669 1271 1702 nias
1297 1680 1331 1702 ac
1355 1679 1464 1703 eorum
1483 1669 1633 1713 singulas,
1649 1669 1946 1715 quomodocumque

1205 1728 1235 1755 et
1253 1723 1516 1769 quandocumque
1533 1728 1688 1764 vacantes,
1705 1728 1740 1756 ut
1758 1723 1945 1770 praefertur,

1205 1775 1301 1820 pleno
1322 1775 1390 1809 iure
1407 1786 1441 1810 ac
1462 1775 1581 1811 eisdem
1606 1775 1701 1810 modo
1717 1781 1748 1811 et
1764 1776 1877 1817 forma,
1894 1786 1947 1810 au-

1206 1829 1350 1864 ctoritate
1374 1829 1489 1874 quibus
1513 1829 1596 1863 dicto
1628 1829 1765 1877 Scipioni
1797 1829 1946 1864 cardinali

1206 1883 1435 1916 reservavimus
1460 1888 1488 1916 et
1513 1883 1738 1925 concessimus,
1760 1883 1879 1929 absque
1895 1884 1947 1919 ali-

1207 1937 1295 1971 cuius
1320 1937 1572 1982 praesentatione
1597 1937 1751 1978 conferre,
1778 1943 1806 1971 ct
1832 1937 1870 1972 de
1885 1937 1947 1977 iltis

1207 1990 1298 2023 etiam
1324 1990 1491 2037 providere
1508 2001 1543 2024 ac
1561 1990 1738 2035 disponere,
1756 1997 1786 2026 et
1802 1991 1946 2038 provisos

1207 2044 1237 2076 in
1259 2044 1490 2087 possessionem
1517 2043 1696 2086 immittere,
1713 2044 1874 2087 inducere,
1888 2055 1946 2090 po·

1206 2107 1281 2130 nere
1306 2102 1334 2130 et
1360 2096 1530 2137 difendere,
1554 2097 1655 2132 libere
1672 2103 1702 2132 et
1717 2097 1802 2131 licite
1821 2098 1945 2143 possit),

1207 2156 1292 2184 motu
1317 2156 1345 2184 et
1371 2161 1409 2185 ex
1434 2152 1519 2184 certa
1552 2150 1681 2185 scientia
1696 2177 1704 2192 ,
1729 2157 1759 2186 et
1782 2151 1944 2196 potestatis

1206 2203 1400 2248 plenitudine
1424 2204 1580 2238 similibus
1601 2204 1709 2238 itidem
1727 2210 1882 2250 perpetuo
1899 2215 1944 2239 re-

1206 2269 1377 2300 servamus,
1400 2258 1602 2292 concedimus
1626 2263 1656 2291 ct
1678 2258 1884 2303 assignamus.

1250 2313 1265 2357 ξ
1289 2313 1339 2346 55.
1365 2311 1540 2353 Praeterea,
1564 2322 1622 2358 pro
1646 2312 1761 2357 potiori
1790 2311 1944 2357 Scipionis
1970 2319 2143 2351 Novarstorm-

1958 2347 1988 2368 tio
2019 2347 2071 2368 ium

2072 2349 2144 2374 patro·

1206 2366 1383 2407 cardinalis,
1408 2365 1502 2403 Marci
1526 2365 1660 2407 Antonii,
1684 2365 1882 2410 aliorumque
1905 2366 1943 2400 ad
1958 2375 2020 2394 natus
2035 2372 2062 2394 -d
2076 2373 2143 2395 ubun-

1958 2399 2078 2422 dantiorom
2093 2405 2143 2422 un·

1207 2420 1271 2454 ius¹
1289 2424 1489 2464 patronatus,
1514 2429 1570 2453 nec
1592 2428 1655 2452 non
1672 2419 1901 2464 praesentandi,
1914 2425 1945 2454 et
1958 2426 2044 2449 thot-m·

1206 2473 1381 2518 respective
1408 2471 1594 2517 deputandi,
1623 2470 1758 2516 eligendi
1786 2477 1816 2505 et
1842 2473 1944 2506 nomi-

1206 2527 1310 2568 nandi,
1335 2526 1533 2570 aliorumque
1556 2524 1789 2570 praedictorum
1807 2535 1946 2560 reserva·

1207 2581 1324 2614 tionem
1349 2585 1379 2613 et
1403 2578 1640 2614 concessionem
1671 2589 1728 2623 per
1751 2588 1809 2614 nos
1831 2579 1944 2615 factam

1207 2631 1443 2678 quomodolibet
1468 2637 1672 2673 vocatorum,
1695 2632 1816 2666 cautela
1840 2638 1871 2666 et
1894 2642 1944 2667 se-

1246 2697 1254 2724 t
1278 2694 1422 2723 Videt-etur
1435 2692 1580 2730 legendum
1595 2693 1671 2722 iuris
1688 2694 1723 2730 (n.
1739 2694 1788 2727 τ.>.
