2293 3231
555 268 618 303 832
1102 269 1277 294 musanus!
1303 268 1454 294 nomam

509 330 719 373 (Iongregatin
746 330 855 371 Aquae
879 323 995 358 Paulae
1021 332 1036 356 a
1064 322 1159 356 Panlo
1184 321 1267 366 Papa
1293 321 1318 354 V
1343 323 1502 364 instituta,
1529 321 1590 356 187
1615 322 1641 355 b.
1668 322 1759 364 Quae
1783 322 1845 358 siut
1877 323 1950 358 eius
1968 322 2047 358 iuris

600 384 694 417 dictio
719 386 746 414 cl
775 379 955 419 l'ilCttllales,
984 377 1045 411 188
1070 388 1088 409 (ι
1114 380 1143 409 el
1168 386 1229 419 seq.

512 437 720 481 Congrugatio
746 432 1006 467 Caelestiiiorum.
1043 429 1118 463 l'ide
1141 427 1404 462 Caelestiuorum.

512 490 719 534 (longi-egatio
744 488 968 521 canonicorum
986 483 1180 527 regularium
1199 481 1463 525 Lateranentium,
1489 483 1552 517 727
1571 483 1599 517 b.
1620 483 1745 519 Fruitur
1761 483 1949 529 privilegiis,
1966 493 2049 530 quae

599 541 843 585 congregationi
869 539 1050 573 Cassincnsi
1076 545 1094 570 a
1118 536 1267 571 Romanis
1292 535 1496 579 pontificibus
1521 546 1675 572 concessa
1699 541 1783 580 sunt,
1808 537 1872 572 728
1889 548 1909 571 a
1926 541 1958 572 et
1978 538 2005 572 b.

512 598 720 641 congregatio
745 595 932 628 clericorum
957 591 1149 625 secularium
1174 589 1287 624 beatae
1312 589 1430 623 Mariae
1454 590 1573 625 Romae
1591 595 1708 633 erecta,
1729 591 1792 626 243
1813 591 1839 624 b.
1865 591 1900 625 Ei
1925 590 2051 625 deman-

600 651 670 684 data
701 658 776 682 cura
809 649 932 691 piarum
955 644 1152 686 scholarum,
1179 642 1255 676 ibid.
1280 641 1439 687 Discipuli
1473 645 1572 687 gratis
1597 644 1783 687 erudiendi,
1808 643 1887 678 ibid.
1910 643 2052 688 Congre-

599 705 683 747 gatio
708 703 813 736 Matris
842 701 901 734 Dei
932 698 1162 742 nuncupanda,
1190 697 1251 730 244
1276 707 1305 730 a.
1337 695 1375 731 Ei
1400 697 1587 732 conceditur
1610 697 1747 732 eeclesia
1775 697 1805 731 S.
1830 697 2050 740 Pantaleonis,

602 756 664 790 2³66
689 756 715 789 b.
741 756 830 799 Opus
855 752 1033 787 scholarum
1052 753 1175 795 piarum
1201 751 1229 783 ci
1255 751 1457 784 commissum
1477 754 1654 794 revocatur,
1677 751 1740 785 383
1758 750 1784 784 b.

512 811 719 854 thingregatio
744 808 873 842 Paulina
898 806 1079 850 Pauperum
1103 804 1209 838 Matris
1235 803 1293 837 Dei
1318 803 1505 838 Scliolarum
1524 804 1653 840 Piarum
1670 805 1844 839 instituitur
1861 813 1879 838 a
1898 804 1995 839 Paulo
2012 803 2049 847 V,

603 863 665 897 383
692 863 717 895 b.
743 861 822 895 Cum
848 859 948 895 tribus
969 860 1050 893 votis
1075 856 1284 901 simplicibus,
1310 856 1387 891 ibid.
1413 857 1615 893 Submittitur
1639 859 1790 902 regimini
1815 858 1944 902 Iosephi
1965 857 2054 893 Cala-

602 917 704 957 santii,
730 915 792 948 384
818 924 848 947 a.
876 913 912 947 Ei
937 912 1030 946 datur
1059 910 1192 945 facultas
1223 911 1464 945 constitutiones
1494 921 1551 956 pro
1582 913 1631 946 sui
1656 913 1814 956 regimine
1845 911 2052 954 efformandi,

603 970 664 1003 384
691 969 718 1001 b.
743 967 953 1010 Congrcgatio
970 965 1159 999 clericorum
1184 963 1379 1008 regularium
1402 964 1510 999 Matris
1526 965 1585 1000 Dei
1613 965 1800 1000 scholarum
1823 965 1961 999 Piarum.
1982 965 2055 999 Tria

605 1027 674 1056 vota
705 1021 857 1055 solemnia
882 1021 914 1054 in
939 1028 977 1053 ea
1001 1019 1152 1063 professis
1177 1017 1345 1052 emittendi
1369 1017 1442 1052 data
1470 1019 1618 1061 facultas,
1652 1019 1714 1053 627
1747 1019 1774 1052 b.
1806 1018 2054 1053 Constitutiones

605 1078 696 1110 huius
718 1074 974 1118 congregationIs
1003 1072 1205 1106 confirmavit
1224 1071 1398 1115 Gregorius
1423 1072 1486 1115 XV,
1513 1073 1573 1106 651
1601 1083 1630 1106 a.
1656 1072 1721 1107 Sub
1747 1072 1948 1117 praefectura
1972 1071 2056 1106 Iose-

605 1131 658 1174 phi
682 1138 700 1163 a
725 1128 821 1162 Matre
846 1128 906 1162 Dei
929 1127 969 1161 ad
994 1127 1190 1160 novennium
1215 1126 1426 1167 constituitur,
1453 1126 1514 1159 687
1537 1137 1566 1160 a.
1591 1126 1763 1170 Privilegia
1783 1124 1941 1161 Ordinum
1958 1126 2055 1160 etiam

606 1183 853 1217 mendicantium
871 1181 916 1216 illi
933 1189 1094 1223 concessa,
1111 1179 1175 1213 749
1193 1190 1222 1212 α.
1247 1178 1392 1214 Ecclesia
1416 1180 1446 1213 S.
1472 1179 1673 1214 Pantaleonis
1697 1189 1716 1214 a
1740 1179 1978 1224 paroehialitate
1995 1179 2055 1223 pri-

606 1242 705 1279 vatur,
731 1242 761 1272 et
785 1238 831 1271 sic
856 1235 957 1270 libera
982 1235 1027 1270 illi
1052 1234 1196 1276 traditur,
1221 1233 1285 1267 792
1311 1233 1341 1266 b.

519 1294 726 1336 tlongrcgatio
759 1291 954 1325 Clericorum
984 1289 1193 1334 Regularium
1223 1289 1324 1322 sancti
1348 1288 1438 1323 Pauli
1468 1287 1642 1331 Decollati,
1669 1289 1732 1322 298
1757 1287 1783 1321 b.
1815 1287 1906 1329 Quae
1937 1287 2058 1321 servari

605 1346 741 1380 debcant
767 1347 797 1380 in
824 1346 1008 1390 receptione
1032 1345 1240 1385 novitiorum,
1267 1342 1346 1376 ibid.

518 1403 727 1446 Congregauo
751 1402 791 1436 de
816 1400 1025 1446 Propaganda
1049 1398 1127 1433 Fide
1158 1407 1175 1432 a
1207 1396 1360 1441 Gregorio
1393 1395 1445 1429 XV
1469 1396 1621 1430 instituta.
1648 1396 1708 1429 691
1736 1395 1761 1428 b.
1788 1394 1878 1436 Quae
1901 1395 1964 1429 sint
1988 1395 2058 1428 eius

607 1455 781 1496 facultates,
807 1454 871 1488 792
893 1455 920 1487 b.
938 1454 1058 1488 Annuli
1081 1450 1271 1486 cardinalitii
1298 1449 1403 1484 cidem
1428 1449 1631 1492 addicuntur,
1656 1449 1719 1483 693
1745 1448 1771 1482 b.
1796 1448 1845 1482 Ab
1869 1446 2060 1482 officialibus

610 1510 766 1543 Romanae
784 1508 898 1542 Curiae
914 1508 1012 1551 gratis
1029 1508 1059 1540 ei
1096 1506 1272 1549 scripturae
1289 1513 1399 1537 omncs
1416 1503 1497 1537 tradi
1514 1502 1650 1545 debent,
1668 1503 1731 1537 767
1750 1513 1779 1536 α.
1806 1502 1887 1537 Loca
1903 1503 2058 1537 montium

608 1565 809 1597 cameralium
836 1562 876 1596 ad
901 1571 972 1596 eam
996 1560 1172 1605 spectantia
1197 1558 1312 1593 redimi
1336 1560 1511 1602 nequeunt,
1537 1557 1602 1591 818
1627 1556 1653 1591 b.

521 1618 730 1661 congregatio
755 1617 886 1650 fratrum
911 1615 1036 1649 loannis
1059 1614 1135 1654 Dei,
1160 1612 1232 1646 vide
1256 1612 1382 1646 Ioannis
1406 1610 1478 1645 Dei.

523 1672 731 1714 Congregatio
756 1670 983 1704 monachorum
1007 1668 1288 1712 Sylvestrinorum,
1318 1664 1388 1699 ride
1413 1663 1693 1709 Sylvestrinorum.

521 1725 729 1768 congregatio
754 1724 891 1759 Orator-ii
916 1723 987 1757 Iesu
1012 1722 1128 1756 Christi
1153 1722 1185 1755 iu
1210 1730 1308 1763 regno
1333 1718 1507 1753 Galliarum
1532 1721 1656 1761 erecta,
1681 1717 1744 1752 ⁶205
1761 1727 1791 1750 a.
1817 1716 1918 1758 Quale
1935 1717 1975 1752 sit
1991 1717 2060 1751 eius

609 1779 806 1812 institutum.
834 1778 895 1811 ’266
921 1777 947 1810 b.
973 1776 1145 1819 Privilegia
1170 1777 1199 1809 ei
1224 1783 1392 1816 concessa,
1420 1773 1481 1806 (207
1507 1783 1527 1805 a
1551 1776 1579 1805 ec
1603 1772 1628 1805 b.
1650 1771 1737 1806 Illius
1762 1772 1942 1816 praeposito
1966 1779 2062 1815 gene-

611 1831 667 1864 rali
693 1833 859 1865 connnissa
882 1840 957 1865 cura
981 1829 1165 1864 monialium
1183 1828 1426 1863 Carmelitarum
1445 1826 1714 1861 Discaleeataram
1732 1827 1764 1860 in
1780 1835 1880 1869 reguo
1896 1824 2060 1866 Franciae,

612 1886 673 1918 505
700 1896 718 1917 (ι
744 1889 773 1919 cl
798 1884 827 1917 b.

524 1940 732 1983 (longi-egatio
756 1938 895 1973 Oratorii
926 1938 1041 1973 Romae
1073 1946 1091 1971 a
1119 1940 1229 1972 sancto
1253 1936 1401 1980 Philippo
1425 1934 1520 1968 Nerio
1545 1935 1707 1976 instituta,
1733 1933 1774 1966 58
1799 1931 1824 1966 b.
1857 1931 1947 1966 Aliae
1972 1930 2060 1966 Con-

612 1994 811 2035 gregatioucs
836 1991 894 2025 sub
919 1991 1032 2025 eodem
1057 1990 1147 2026 titulo
1171 2000 1234 2024 non
1259 1989 1433 2034 erigendae
1464 1989 1534 2022 sine
1558 1987 1688 2021 licentia
1712 1985 1976 2030 Congregationis
2000 1985 2063 2020 Ro—

614 2054 725 2079 manae
751 2046 791 2078 58
817 2056 844 2078 a.
877 2044 1124 2079 Constitutioncs
1149 2043 1209 2078 sibi
1234 2044 1392 2084 efformat,
1410 2042 1450 2076 37
1476 2053 1506 2075 a.
1530 2041 1580 2093 De
1602 2041 1737 2075 oratorio
1763 2044 1794 2074 et
1817 2040 1968 2081 oratione,
1985 2038 2062 2073 ibid.

614 2098 659 2131 De
692 2097 826 2132 ccclesia
859 2102 889 2132 ct
925 2098 1041 2132 divinis
1073 2099 1202 2140 officiis,
1229 2098 1270 2131 38
1295 2108 1323 2130 a.
1349 2096 1395 2131 De
1432 2095 1636 2130 familiarium
1661 2103 1844 2129 sermonum
1867 2103 1927 2127 usu
1952 2093 1984 2127 in
2009 2101 2061 2126 ec-

615 2152 712 2186 clesia
736 2157 766 2186 ct
790 2154 821 2186 iu
846 2154 990 2194 oratorio,
1020 2153 1060 2186 39
1094 2152 1121 2185 b.
1146 2151 1191 2185 De
1214 2155 1296 2186 statu
1321 2154 1475 2195 perpetuo
1501 2149 1768 2194 congregationis,
1794 2147 1835 2181 40
1852 2146 1878 2180 b.
1902 2145 1949 2180 De
1973 2154 2062 2190 prae-

615 2207 706 2249 positi
731 2209 761 2239 et
793 2209 927 2251 quatuor
957 2205 1217 2249 presbytororum
1250 2204 1505 2249 deputandorum
1537 2203 1694 2236 electione
1725 2205 1756 2236 et
1785 2209 1939 2242 munere,
1964 2199 2003 2233 41
2032 2199 2061 2232 b.

616 2259 659 2291 De
685 2259 888 2292 admittendis
923 2260 953 2292 in
991 2261 1289 2302 congregationem,
1323 2267 1363 2291 ex
1389 2266 1492 2302 eaque
1517 2255 1700 2298 eliciendis,
1727 2255 1767 2289 44
1792 2265 1822 2288 a.
1845 2252 1892 2287 De
1916 2255 2063 2297 tyronum

617 2314 828 2348 institutione.
855 2314 894 2347 45
925 2313 951 2346 b.
973 2312 1019 2346 De
1051 2315 1167 2346 vestitu
1205 2316 1235 2346 et
1271 2310 1504 2346 consuetudine
1539 2309 1705 2351 familiari,
1731 2309 1772 2342 49
1799 2318 1829 2341 α.
1853 2305 1900 2340 De
1926 2305 2063 2340 triclinio

616 2371 645 2400 et
671 2376 778 2399 mensa
803 2368 978 2408 communi,
1005 2367 1045 2400 50
1070 2366 1096 2399 b.
1121 2366 1167 2400 De
1195 2366 1330 2400 lectione
1359 2367 1391 2399 iu
1415 2373 1542 2406 mensa,
1569 2364 1607 2396 51
1628 2362 1654 2396 b.
1679 2363 1742 2396 Res
1762 2360 1879 2396 dubiae
1896 2361 1927 2393 in
1949 2358 2063 2393 eadem

619 2419 856 2462 proponendae,
883 2419 923 2453 :52
949 2419 974 2452 b.
1007 2419 1258 2453 Exercitationes
1289 2418 1403 2452 diebus
1435 2418 1622 2458 (lominiciS,
1653 2416 1694 2449 55
1720 2426 1750 2448 ιι.
1775 2412 1966 2449 Huiusmodi
1990 2421 2065 2445 con·

617 2475 796 2507 stitutioncs
820 2473 934 2507 Paulus
960 2473 983 2506 V
1008 2472 1178 2518 approbat,
1201 2474 1240 2506 57
1259 2483 1287 2506 τι.
1305 2472 1368 2514 Qui
1390 2471 1467 2506 alias
1492 2470 1602 2505 domos
1626 2468 1686 2504 sub
1703 2468 1817 2502 eodem
1840 2465 1930 2501 titulo
1947 2465 2065 2499 Romae

619 2526 698 2568 erigi
723 2527 835 2559 iterum
861 2530 963 2567 vetat,
990 2527 1052 2560 18⁵.)
1067 2526 1093 2559 b.
1116 2526 1197 2560 lluic-
1221 2525 1462 2570 congregationi
1487 2525 1645 2558 concessit
1661 2521 1831 2556 ecclesiam
1849 2523 1976 2554 sauctae
1993 2517 2066 2554 Cae-

619 2578 708 2611 ciliae
734 2580 764 2612 in
790 2583 895 2613 moute
921 2580 1054 2614 lordauo
1079 2580 1118 2614 de
1144 2579 1226 2614 Urbe
1252 2579 1425 2622 Gregorius
1451 2577 1520 2620 XV,
1547 2577 1609 2611 607
1635 2575 1662 2609 b.

533 2629 741 2672 Congregatio
779 2631 1035 2675 presbyterorum
1071 2633 1177 2666 Mau-is
1209 2631 1269 2666 Dei
1300 2632 1403 2666 Lucae
1435 2634 1566 2673 erecta,
1599 2629 1662 2663 608
1693 2638 1722 2662 α.
1762 2625 1907 2661 Ecclesia
1937 2628 2066 2659 sanctae

622 2681 736 2718 Mariae
772 2685 802 2718 iu
828 2685 953 2719 l'orticu
977 2686 1018 2720 de
1045 2685 1125 2720 L'rbe
1150 2688 1180 2721 ei
1204 2693 1372 2728 concessa,
1399 2684 1475 2719 ibid.
1507 2683 1556 2719 Ad
1580 2685 1696 2718 statum
1719 2679 1884 2724 religionis
1913 2687 1986 2713 cum
2010 2678 2065 2713 tri-
