2293 3231
572 293 635 328 862

611 352 799 394 vilegiorum
825 347 1049 392 agriculturam
1074 346 1262 380 exercenti-

612 405 687 446 bus,
715 404 765 437 15.

524 457 713 495 CLXXXIII.
723 457 878 501 Episcopo
891 453 1101 488 Sarsinatensi
1117 451 1262 486 coneedi-

614 516 662 546 tur
678 512 809 545 facultas
827 508 1040 553 cognoscendi
1065 516 1175 540 omnes
1196 515 1268 540 cau-

613 575 663 599 sas
683 568 745 598 tam
762 562 889 604 civiles,
911 572 1005 608 quam
1031 561 1212 595 criniinales
1237 562 1268 592 et

613 621 725 653 mixtas
751 621 912 651 vertentes
939 618 1022 650 intcr
1045 613 1189 648 subditos
1220 622 1269 647 ca-

611 677 746 708 strorum
776 671 911 713 Ceulae,
935 670 1095 712 Mutellae‚
1121 667 1265 710 Certum,

613 725 761 760 Fenoculi
779 728 807 758 et
826 725 915 758 Putei
933 726 964 757 in
991 725 1108 768 prima,
1126 721 1267 756 secunda

613 783 643 814 et
668 781 760 813 tertia
784 780 959 820 instantiis,
986 778 1037 811 19.
1223 781 1230 787 ·

527 833 716 868 CLXXXIV.
741 831 986 866 Dismembratio
1015 831 1197 876 provinciae
1227 829 1267 863 de

613 887 831 933 Mozambique
845 887 885 922 ab
900 887 1036 920 ecclesia
1050 885 1169 928 Goana,
1184 886 1268 918 cius-

615 952 677 988 que
702 943 820 976 erectio
837 943 868 976 in
891 942 1045 975 vicariam
1063 944 1266 985 perpetuam,

615 996 665 1030 ΞΟ.

525 1049 699 1085 CLXXXV.
714 1050 844 1085 Clericis
860 1053 891 1084 et
907 1049 996 1083 laicis
1013 1059 1183 1092 regnorum
1201 1048 1268 1082 His-

613 1106 779 1150 paniarum
803 1103 1013 1146 interdicitur,
1037 1105 1207 1148 quominus
1232 1102 1268 1136 Ii-

613 1158 686 1193 bros
714 1158 946 1192 haereticorum
968 1157 1091 1201 legant,
1110 1158 1268 1191 revocatis

613 1212 759 1246 omnIbus
779 1213 917 1246 licentiis
934 1209 1011 1246 alias
1028 1212 1197 1253 concessis,
1217 1211 1266 1244 25.

525 1265 713 1301 CLXXXVI.
730 1265 917 1300 Declaratur
933 1269 1035 1300 castra
1057 1265 1184 1306 Ceulac,
1202 1264 1268 1298 Mu-

614 1321 718 1362 tellae,
735 1319 872 1361 Certent,
890 1319 1041 1353 Fenoculi
1059 1322 1090 1353 et
1112 1319 1203 1352 Putei
1229 1317 1267 1364 ad

614 1382 798 1417 supremum
822 1372 914 1406 Sedis
953 1376 984 1407 et
1008 1372 1159 1406 Camerae
1185 1371 1268 1415 Apo-

613 1426 741 1460 stolicac
759 1426 935 1460 dominium
951 1428 1124 1471 pertinere,
1143 1426 1194 1459 ⁴27.

527 1479 724 1514 CLXXXVII.
743 1480 886 1514 Facultas
909 1482 1026 1514 nuncio
1048 1480 1086 1514 ad
1110 1480 1270 1524 praeposi-

616 1538 696 1577 tum,
723 1534 881 1568 decanum
909 1538 940 1568 et
965 1534 1139 1578 capitulum
1168 1534 1270 1566 cccle-

614 1590 680 1622 siae
705 1587 967 1633 Salisburgcnsis,
994 1587 1181 1622 admittendi
1206 1596 1270 1620 ces-

615 1644 735 1676 sionem
767 1644 932 1687 regiminis
971 1643 1074 1676 dietae
1111 1643 1269 1675 ecclesiae

615 1706 686 1730 eum
711 1698 804 1731 certis
829 1696 1080 1739 conditionibus,
1099 1697 1150 1730 30.

528 1749 747 1783 CLXXXVIII.
776 1750 979 1785 Conditioncs
1003 1749 1213 1795 apponendae
1239 1750 1269 1782 in

617 1804 807 1837 admissione
833 1806 986 1846 cessionis
1018 1803 1270 1848 salisburgensis

617 1858 788 1900 ecclesiae,
815 1860 866 1893 32.

530 1909 721 1944 CLXXXIX.
742 1912 884 1946 Facultas
901 1913 1017 1946 nuncio
1035 1911 1271 1953 Salisburgcnsi

617 1965 804 1999 admittendi
828 1967 1004 2000 cessionem
1037 1966 1201 2009 regiminis
1228 1964 1272 1998 di-

617 2022 685 2052 ctae
702 2021 856 2053 ecclcsiae
869 2030 940 2062 0an
958 2019 1194 2054 conditionibus
1209 2017 1270 2052 sibi

618 2070 798 2115 benevisis,
824 2074 876 2107 34.

532 2123 620 2158 CXC.
645 2124 789 2159 Facullas
816 2129 931 2161 nuncio
956 2128 995 2161 ad
1022 2128 1195 2171 capitulum
1221 2126 1275 2159 Sa-

619 2177 851 2223 lisburgenscm
877 2180 1065 2215 admittendi
1093 2181 1272 2214 cessionem

621 2235 784 2275 regiminis
817 2236 974 2268 ccclesiae
1007 2234 1272 2278 salisburgensis,

622 2290 653 2320 et
665 2287 939 2332 arehiepiscopum
955 2287 994 2322 ab
1012 2288 1155 2322 ciusdem
1173 2288 1274 2321 ecclc-

620 2340 685 2373 siae
712 2342 837 2374 vinculo
861 2341 1065 2384 absolvendi,
1095 2342 1147 2375 35.

535 2391 637 2427 CXCI.
663 2393 807 2428 Facultas
831 2397 968 2438 capitulo
986 2399 1015 2428 ct
1042 2395 1203 2429 canonicis
1227 2403 1276 2427 ec-

621 2445 736 2480 elesiae
756 2446 1007 2491 Salisburgcnsis
1024 2447 1216 2482 dcvcniendi
1235 2446 1273 2481 ad

623 2500 821 2544 electionem,
846 2511 903 2535 seu
931 2503 1176 2545 postulationem
1201 2502 1274 2534 novi

625 2553 874 2598 archiepIscopi,
905 2556 956 2589 36.

538 2605 651 2640 CXCII.
676 2606 876 2642 ConlirmatIO
901 2608 1164 2643 Constitutionum
1195 2608 1274 2642 Con-

627 2663 818 2705 grcgationis
831 2662 967 2698 Oratorii
985 2674 1002 2697 a
1018 2664 1110 2698 beato
1128 2664 1274 2709 Philippo

627 2714 721 2751 Nerio
741 2717 772 2751 in
790 2716 872 2751 Urbe
894 2717 1061 2753 fundatae:
1085 2722 1116 2753 et
1132 2717 1276 2762 prohibi-

1109 290 1293 318 BULLARIUM
1317 289 1473 316 Romnum

1407 345 1461 384 tio,
1489 351 1530 376 ne
1555 342 1688 388 quaevis
1711 341 1923 387 congregatio
1937 342 2062 378 Consti-

1405 398 1542 431 tutiones
1553 395 1612 430 sub
1621 395 1881 431 denominatione
1890 396 1967 431 dicti
1976 395 2062 432 beati

1407 450 1549 495 Philippi
1577 449 1801 495 promulgare,
1834 454 1888 486 aut
1917 449 2062 484 eiusdem

1408 506 1540 539 instituti
1575 505 1685 538 domos
1716 505 1748 538 in
1777 503 1861 539 Urbe
1895 505 2062 539 instituere

1407 559 1518 602 possit,
1546 557 1626 592 ibid.

1320 610 1452 647 CXCIII.
1478 612 1639 654 Prohibet,
1665 612 1836 657 quominus
1864 611 1988 655 domus,
2013 610 2064 646 vel

1409 668 1676 711 congregationes
1693 665 1753 700 sub
1770 667 1858 701 titulo
1875 667 1978 700 saneti
1995 664 2065 700 Phi-

1381 736 1385 739 ·
1409 720 1487 766 lippi
1518 720 1607 755 Nerii
1633 721 1797 764 erigantur
1821 721 1890 754 sine
1915 721 2063 755 facultate

1411 776 1584 820 praepositi
1608 779 1639 809 et
1663 775 1922 820 congregationis
1953 773 2065 809 Roma-

1410 839 1486 872 nae',
1512 829 1563 865 58.

1321 882 1452 918 CXCIV.
1485 884 1678 918 Reformatio
1714 883 1921 918 trIbunalium
1952 880 2064 926 Urbis,

1410 948 1585 983 eorumque
1611 939 1805 981 officialium,
1833 937 1911 971 ibid.

1365 992 1380 1036 ξ
1404 992 1426 1026 1.
1450 993 1497 1027 De
1522 994 1687 1037 signatura
1711 992 1840 1027 Gratiae
1857 995 1888 1027 et
1912 991 2064 1034 Iustitiae,

1411 1046 1462 1080 59.
1491 1071 1493 1075 .

1365 1100 1380 1144 ξ
1403 1100 1441 1133 ll.
1467 1100 1514 1134 De
1540 1102 1714 1135 camerario
1741 1104 1769 1136 ct
1795 1109 1923 1135 camera
1947 1102 2068 1144 aposto-

1408 1156 1486 1197 lica,
1514 1156 1564 1189 60.

1365 1208 1379 1252 ξ
1404 1208 1456 1242 llI.
1480 1208 1527 1242 De
1558 1209 1774 1253 gubernatore
1807 1207 1900 1243 Urbis
1932 1211 1960 1242 et
1996 1208 2065 1242 eius

1411 1262 1577 1306 tribunali,
1605 1265 1656 1297 62.

1365 1316 1379 1359 ξ
1403 1316 1452 1349 IV.
1478 1317 1524 1350 De
1550 1316 1694 1351 auditore
1712 1325 1858 1352 camerac
1880 1319 1909 1350 et
1928 1316 1998 1350 eius
2017 1315 2067 1349 tri-

1410 1369 1538 1413 bunali,
1565 1371 1617 1404 63.

1365 1425 1379 1467 ξ
1403 1424 1438 1459 V.
1463 1424 1509 1458 De
1535 1425 1691 1458 auditorio
1715 1424 1831 1466 Rotae,
1858 1424 1909 1472 67.

1366 1479 1380 1522 ξ
1404 1478 1454 1512 Π.
1479 1479 1525 1513 Dc
1551 1478 1704 1523 Capitolio
1726 1480 1841 1512 eteius
1866 1475 2067 1519 officialibus,

1412 1533 1463 1565 69.

1367 1587 1381 1627 ξ
1406 1585 1470 1619 VII.
1484 1586 1530 1620 De
1545 1586 1768 1620 Iurisdietione
1782 1586 1814 1619 In
1828 1584 2003 1627 Hebraeos,
2013 1584 2066 1618 71.

1367 1640 1381 1683 ξ
1405 1639 1485 1673 VIII.
1510 1639 1556 1673 De
1575 1642 1663 1674 curia
1680 1639 1879 1674 Sabellorum
1905 1642 1935 1672 et
1959 1638 2067 1672 Turris

1410 1693 1535 1734 Nonae,
1561 1693 1614 1727 72.

1366 1749 1380 1791 ξ
1404 1749 1459 1782 IX.
1484 1748 1530 1782 De
1545 1749 1632 1782 curia
1646 1747 1746 1791 Ripae
1765 1751 1795 1781 et
1812 1745 2066 1791 Ripettaesibid.

1367 1803 1382 1845 ξ
1406 1803 1442 1836 X.
1467 1802 1514 1836 De
1547 1801 1707 1836 iudicibus
1732 1800 1951 1835 criminalibus
1974 1798 2068 1834 Urbis

1414 1861 1445 1891 et
1471 1855 1707 1901 pcrtinentibus
1731 1855 1771 1889 ad
1797 1864 1868 1897 eos,
1893 1855 1946 1888 73.

1368 1911 1382 1954 §
1406 1910 1457 1944 XI.
1482 1909 1529 1944 De
1554 1909 1714 1943 iudicibus
1738 1910 1770 1942 in
1788 1909 1893 1942 causis
1909 1906 2068 1951 civilibus,

1412 1964 1465 1997 77.

1367 2017 1381 2061 ξ
1406 2016 1476 2050 XII.
1493 2016 1678 2050 Communia
1697 2015 1838 2050 iudicum
1852 2015 1993 2049 omnium
2005 2017 2069 2048 tam

1411 2071 1553 2105 civilium
1577 2079 1673 2115 quam
1697 2068 1925 2111 criminalium,
1949 2068 2003 2102 79.

1368 2126 1382 2169 ξ
1407 2124 1485 2158 XIII.
1511 2124 1557 2158 De
1582 2125 1731 2168 sportulis
1755 2132 1812 2157 seu
1837 2123 1990 2167 propInis,
2016 2121 2068 2155 80.

1371 2180 1385 2223 ξ
1409 2177 1490 2212 XIV.
1515 2177 1562 2212 De
1587 2178 1833 2218 commissariis,
1858 2175 1936 2209 ibid.

1369 2233 1384 2276 §
1408 2231 1477 2266 XV.
1502 2232 1548 2266 De
1567 2231 1729 2266 advocatis
1747 2239 1923 2276 pauperum
1945 2232 1977 2263 et
1991 2228 2070 2270 fisci,

1411 2286 1464 2320 82.

1369 2339 1384 2383 ξ
1409 2338 1489 2373 XVI.
1514 2338 1560 2373 De
1590 2347 1770 2383 pauperum
1798 2333 2069 2381 procuratoribus

1416 2393 1498 2426 ibid.

1371 2448 1385 2492 ξ
1411 2447 1505 2481 XVII.
1533 2446 1580 2481 De
1599 2448 1665 2482 tisci
1683 2449 1891 2492 procuratore
1909 2448 1940 2479 et
1955 2442 2071 2478 substi-

1417 2502 1509 2544 tutis,
1527 2500 1606 2534 ibid.

1371 2556 1386 2600 ξ
1411 2555 1522 2590 XVIII.
1539 2555 1586 2589 De
1611 2555 1784 2595 advocatis,
1810 2549 2072 2597 procuratoribus

1417 2613 1448 2643 et
1471 2607 1737 2650 sollicitatoribus,
1763 2607 1814 2640 85.

1372 2663 1387 2706 ξ
1412 2662 1495 2696 XIX.
1519 2662 1566 2696 De
1592 2663 1721 2697 notariis
1738 2658 1943 2695 tribunalium
1960 2655 2069 2699 Urbis,
