2293 3231
244 273 293 301 Α..
309 274 336 302 c,
361 273 423 302 1621
472 263 539 300 534

287 817 309 840 ln
324 818 428 838 nonnullis

243 844 378 866 monasteriis
391 843 428 864 Or·

244 872 298 893 diuis
314 874 380 891 sancti
390 871 428 891 tie-

242 899 322 920 nomen
335 898 428 919 introdu-

243 928 278 947 ευ
293 925 423 948 saturniano.

443 322 522 356 vitae
543 321 647 355 studio
663 320 749 353 ducti
765 320 918 364 pristinae
935 320 1074 363 regulae,
1091 330 1186 365 quam

442 386 516 409 suae
541 374 704 418 religionis
728 380 873 408 auctores
899 373 1118 415 instituerunt,
1135 375 1188 408 ob-

442 428 630 463 servantiam
655 427 802 472 amplecti
827 432 857 460 et
881 427 920 460 dc
944 431 1049 462 cetero
1075 428 1186 461 sectari

441 481 631 522 desiderant,
655 481 783 514 eosdem
807 491 870 514 non
891 481 994 515 solum
1019 482 1051 514 in
1076 492 1186 515 eorum

441 535 605 580 proposito
622 536 801 577 confovere,
818 535 872 568 sed
889 536 983 568 etiam
998 534 1188 580 opportunis

442 588 600 622 favoribus
636 594 666 622 et
698 588 809 632 gratiis
842 589 992 633 prosequi
1027 589 1187 629 solennis,

442 647 537 686 prout
569 642 620 686 pia
652 642 882 676 catholicorum
915 653 1029 686 regum
1062 647 1132 676 vota
1158 642 1187 675 id

443 702 625 741 exposcunt,
646 700 675 730 et
699 707 757 731 nos
781 697 995 742 conspicimus
1018 696 1188 730 salubriter

444 749 475 784 in
495 749 630 784 Domino
650 751 808 795 expedire.

487 805 502 848 ἓ
528 804 555 837 t.
582 805 703 848 Exponi
728 805 885 850 siquidem
910 805 1000 839 nobis
1024 815 1126 850 nuper
1150 806 1190 838 se-

443 863 554 891 cerunt
569 859 774 893 charissimus
792 859 823 892 in
839 859 963 894 Christo
980 859 1065 892 tilius
1082 864 1189 892 noster

443 911 621 946 Ludovicus
651 911 847 946 Francorum
878 921 933 946 rex
966 912 1189 946 christianissi-

444 977 524 1007 mus,
545 977 579 999 ae
600 967 705 1000 dilecti
723 967 778 1000 filii
800 967 968 1011 prioratus,
983 978 1038 1000 scu
1063 967 1189 1011 collegii

444 1020 660 1054 conventualis
677 1021 889 1055 Cluniaccnsis
906 1020 1092 1065 nuncupati,
1107 1021 1190 1054 Pari-

444 1074 556 1108 siensis
580 1075 725 1119 priores,
751 1085 785 1108 ac
811 1075 908 1108 sancti
942 1075 1108 1118 Augustini
1133 1076 1188 1108 Lc-

445 1128 644 1169 movicensis,
661 1134 691 1161 et
715 1128 753 1163 de
778 1129 950 1162 Nohaliaco
976 1128 1189 1169 Pie-laviensis,

445 1192 479 1214 ac
505 1181 602 1215 sancti
628 1182 800 1216 Pharaonis
830 1182 1012 1223 Meldensis7
1037 1188 1067 1215 et
1092 1182 1188 1216 saneti

445 1235 529 1269 Petri
554 1235 591 1270 dc
615 1236 765 1271 Gemellis
783 1237 1054 1280 Rliotomagensis,
1073 1242 1100 1270 et
1125 1247 1191 1269 san-

445 1294 512 1322 ctae
529 1290 644 1323 Mariae
661 1290 699 1323 de
717 1290 848 1324 Berneio
866 1291 1069 1324 Lenoviensis
1085 1301 1192 1323 mona—

445 1343 615 1377 steriorum
641 1349 815 1377 conventus
834 1350 863 1378 et
893 1344 1050 1386 monachi,
1067 1354 1190 1378 necnon

445 1396 559 1431 domus
573 1398 728 1442 regularis
745 1398 844 1432 sancti
862 1398 1021 1432 Guilielmi
1037 1399 1189 1432 Allioruni

446 1452 664 1486 Mantellorum
677 1459 883 1498 nuncupatae,
893 1454 986 1487 etiam
999 1453 1190 1493 Pal-isiei'isis,

445 1505 534 1549 prior
559 1511 588 1540 et
612 1512 798 1547 conventus,
824 1506 948 1540 Ordinis
973 1507 1072 1541 sanc-ti
1095 1507 1191 1540 Bene-

445 1558 530 1601 dicti,
555 1560 657 1604 quod,
683 1571 755 1594 eum
779 1560 855 1593 alias
880 1560 968 1594 Sedis
992 1560 1190 1605 Apostolicae

446 1613 632 1647 auctoritate
656 1614 687 1646 in
712 1614 910 1648 monasteriis
943 1614 1068 1648 Ordinis
1093 1614 1189 1648 sancti

445 1667 603 1702 Benedicti
636 1668 667 1701 in
700 1669 924 1712 Lotliaringiae
957 1675 987 1702 ct
1011 1668 1191 1703 Barridueis

445 1720 620 1763 ducatibus
637 1733 674 1755 ac
689 1721 829 1764 aletensi,
848 1722 1045 1763 vti-dunensi,
1070 1734 1104 1756 ae
1121 1722 1192 1755 Tul-

445 1774 525 1808 lensi
550 1775 727 1809 civitatibus
755 1781 783 1809 et
801 1776 999 1810 dioecesibus
1019 1776 1192 1810 consisten-

447 1828 530 1863 tibus
539 1829 722 1863 reformatio
731 1829 991 1874 Congregationis
1000 1831 1191 1864 Cassinensis

446 1893 502 1918 seu
518 1888 643 1918 sanctae
660 1884 796 1929 Iustinae
809 1884 846 1918 de
860 1884 965 1918 Padua
978 1884 1053 1918 dicti
1067 1884 1192 1918 Ordinis

447 1934 635 1978 introducta,
653 1937 783 1982 ipsaque
809 1937 998 1972 monasteria
1022 1938 1191 1972 reformata

447 1989 479 2023 in
492 2001 587 2024 unam
604 1991 899 2035 Congregadonem,
914 2002 993 2035 quae
1008 1995 1190 2026 sanctorum

447 2041 566 2077 Vitonis
579 2049 609 2077 et
623 2043 771 2088 Hidulplii
785 2044 989 2078 virdunensis
1005 2046 1190 2089 appellatur,

448 2095 574 2131 redacta
590 2097 732 2137 fuissent;
749 2098 890 2130 nonnulli
908 2098 1048 2132 eiusdem
1066 2097 1191 2132 Ordinis

448 2151 595 2184 monachi
619 2150 709 2191 Galli,
730 2151 933 2195 perfectionis
958 2151 1038 2185 vitae
1055 2152 1122 2185 zelo
1139 2151 1192 2184 du-

449 2205 500 2246 cti,
518 2210 656 2239 sanctam
680 2206 760 2239 hanc
778 2206 1034 2239 reformationem
1054 2207 1190 2251 amplexi

449 2259 481 2292 in
498 2259 688 2293 monasterio
708 2260 894 2293 corumdem
911 2265 1092 2294 sanctorum
1113 2260 1194 2294 Vito-

449 2313 498 2346 nis
531 2318 561 2346 et
597 2313 746 2358 Hidulplii
777 2313 981 2347 Virdunensis
1013 2314 1191 2358 praedictae

449 2366 709 2411 Congu-egationis
733 2367 955 2410 Lotharingiae
980 2377 1047 2401 sese
1073 2368 1192 2400 submi-

450 2425 569 2461 serunt,
586 2421 661 2454 etin
678 2420 809 2455 Galliam
829 2426 900 2465 post
917 2421 1125 2454 sufficientem
1142 2432 1192 2454 re-

450 2473 647 2508 formationis
661 2475 886 2519 experientiam
898 2480 927 2509 et
943 2475 1140 2509 tolerantiam
1155 2475 1192 2508 de

452 2538 607 2562 consensu
631 2529 833 2574 superiorum
859 2528 1099 2563 secundodietae
1118 2529 1194 2564 Con-

453 2581 645 2625 greg-ationis
654 2583 782 2624 reversi,
799 2583 838 2616 ab
851 2583 952 2627 iisque
969 2584 1102 2625 dimissi,
1114 2583 1194 2616 vitae

454 2636 660 2670 sanctimonia
680 2643 711 2671 et
734 2638 966 2672 reformationis
994 2637 1193 2672 observantia

1027 273 1213 298 numanum
1230 272 1387 298 nomam(

1219 321 1320 354 bonae
1341 320 1442 353 famae
1462 319 1559 360 odor,
1580 320 1611 354 in
1628 321 1768 356 diversas
1787 322 1961 357 Galliarum

1221 380 1326 419 partes
1352 380 1445 418 atque
1469 373 1785 417 regiones'diss'usus,
1802 376 1966 411 nonnullo-

1221 438 1291 460 rum
1317 427 1582 461 monasteriorum
1606 428 1774 471 religiosos
1801 429 1840 462 ad
1865 430 1964 464 refor-

1222 481 1392 515 mationem
1413 479 1594 514 huiusmodi
1611 481 1865 525 amplectendum
1883 483 1965 517 exci-

1222 532 1368 573 taverit'3
1388 534 1512 578 iamque
1530 534 1676 568 monaehi
1694 534 1724 567 in
1742 534 1894 579 prioratu,
1911 546 1968 570 seu

1223 588 1357 631 collegio
1365 589 1561 621 conventuali
1571 588 1766 623 Cluniacensi
1776 589 1966 631 huiusmodi,

1222 651 1346 676 necnon
1356 642 1385 675 in
1400 642 1579 686 praedietis,
1593 653 1629 676 ac
1639 643 1736 677 saneti
1750 643 1854 678 lodoci
1872 654 1968 689 supra

1223 706 1331 737 mare,
1357 696 1455 729 sancti
1480 696 1562 729 Petri
1587 696 1785 738 Corbiensis,
1810 708 1846 730 ae
1870 698 1968 733 sancti

1222 747 1306 783 Petri
1321 749 1582 783 Solemniacensis
1596 750 1801 795 oppidorum,
1815 762 1870 785 seu
1886 752 1972 786 loco·

1224 814 1305 844 runi,
1314 803 1531 836 Ambianensis
1541 809 1571 837 et
1579 804 1813 838 Lemovieensis
1823 806 1970 851 respecti-

1225 868 1259 890 ve
1273 857 1453 891 dioecesum
1469 858 1668 891 monasteriis
1682 859 1969 902 praedietiOrdinis

1224 912 1389 945 monaelii²
1401 912 1551 955 degentes
1561 913 1654 945 vitam
1669 913 1859 948 salutaribus
1871 919 1968 958 agunt

1223 966 1320 998 saneti
1339 965 1497 999 Benedicti
1515 966 1664 1000 institutis
1684 968 1889 1001 conformem.

1268 1020 1282 1061 ,ἓ
1306 1019 1335 1052 2.
1361 1019 1438 1053 Cum
1455 1025 1569 1060 autem,
1588 1021 1667 1054 sicut
1685 1021 1794 1055 eadem
1815 1022 1968 1067 expositio
1997 1034 2168 1088 ‘pamposiae-:3

1998 1088 2026 1115 igi
2040 1088 2128 1115 petitur.

1224 1073 1444 1117 subiungebat,
1461 1074 1492 1106 in
1510 1074 1642 1118 singulis
1659 1074 1776 1109 Galliae
1796 1075 1967 1119 provinciis
1982 1067 1994 1109 3

1225 1127 1322 1160 inulta
1342 1127 1473 1162 huiusce
1491 1128 1615 1162 Ordinis
1635 1129 1824 1163 monasteria
1839 1129 1966 1164 fundata

1224 1181 1432 1225 reperiantur,
1450 1192 1485 1215 ae
1501 1181 1539 1216 de
1556 1183 1610 1215 Dei
1632 1183 1771 1216 bonitate
1795 1189 1825 1216 ct
1843 1184 1966 1217 miseri-

1225 1235 1333 1269 cordia
1347 1241 1466 1269 tantum
1482 1236 1674 1280 sperandum
1687 1237 1736 1278 sit,
1754 1237 1848 1281 quod,
1863 1237 1887 1271 si
1904 1247 1967 1271 non

1225 1290 1377 1331 omnium,
1394 1290 1471 1324 sed³
1495 1302 1569 1324 sane
1593 1291 1806 1335 plurimorum
1831 1302 1967 1326 conven-

1227 1350 1313 1376 tuum
1333 1344 1492 1387 Religiosi,
1510 1345 1700 1377 charismata
1716 1345 1848 1379 meliora
1864 1356 1969 1379 aemu—

1225 1398 1334 1438 lantes,
1349 1403 1376 1431 et
1391 1398 1429 1430 ad
1446 1398 1591 1431 eumdem
1610 1404 1751 1432 sanctuni
1766 1399 1968 1434 Benedictum

1225 1461 1335 1484 corum
1350 1458 1472 1495 patrem
1487 1453 1701 1497 respicientes,
1715 1454 1794 1486 lianc
1808 1453 1910 1498 ipsam
1925 1464 1970 1488 re-

1225 1505 1446 1538 tormationem
1463 1506 1594 1539 sinceris
1617 1506 1782 1540 affectibus
1805 1507 1868 1540 sint
1885 1517 1971 1541 rece·

1225 1559 1320 1602 pturi3
1333 1559 1373 1592 ad
1385 1560 1507 1593 felicem
1522 1571 1596 1594 vero
1609 1560 1739 1594 huiusce
1752 1562 1849 1595 saneti
1863 1562 1969 1606 operis

1225 1623 1431 1656 progressum
1467 1614 1603 1647 maxime
1639 1615 1784 1659 expediat
1816 1615 1846 1648 in
1871 1614 1969 1650 Gallia

1225 1677 1320 1700 unam
1352 1674 1563 1702 conventuum
1591 1670 1837 1703 reformatorum
1866 1670 1971 1703 huius-

1226 1720 1311 1754 modi
1324 1720 1618 1765 Congregationem,
1635 1722 1774 1756 adinstar
1790 1722 1969 1767 praedictae

1225 1774 1484 1818 Congregationis
1498 1775 1689 1810 Cassinensis
1702 1787 1782 1820 quae
1795 1787 1888 1810 suum
1900 1787 1970 1822 par-

1226 1827 1390 1861 ticularem
1416 1829 1614 1872 superiorem
1637 1829 1741 1870 habet,
1758 1829 1891 1870 institui;
1909 1830 1969 1863 illi-

1226 1891 1287 1924 que
1316 1881 1445 1915 domum
1477 1883 1657 1926 regularem
1685 1884 1783 1917 sancti
1811 1883 1969 1918 Guitielmt

1225 1936 1379 1969 Alhoruin
1404 1937 1625 1971 Mantcllorum
1648 1942 1861 1982 nuncupatam
1883 1938 1969 1972 Pari-

1226 1989 1360 2023 siensem
1384 1990 1576 2034 praedictam
1595 1992 1689 2035 (quae
1706 2001 1769 2026 non
1786 1992 1818 2025 in
1832 1992 1969 2034 titulum,

1227 2043 1462 2085 commendam,
1487 2049 1540 2079 aut
1563 2045 1791 2090 proprietatem
1817 2045 1970 2087 obtineri,

1227 2097 1280 2129 sed
1294 2108 1352 2142 per
1362 2098 1502 2142 priorem
1515 2099 1700 2133 triennalem
1717 2100 1784 2144 regi
1798 2100 1970 2141 consuevit;

1227 2151 1378 2196 cuiusque
1398 2152 1487 2196 prior
1507 2156 1535 2186 et
1555 2153 1707 2197 religiosi,
1727 2154 1781 2198 qui
1802 2154 1901 2188 saneti
1916 2153 1970 2188 Be-

1226 2204 1342 2238 nedicti
1361 2205 1514 2250 praedicti
1531 2207 1674 2250 regulam
1697 2207 1783 2241 iuxta
1807 2208 1970 2252 antiquum

1226 2258 1294 2292 eius
1310 2258 1487 2293 institutum
1503 2260 1635 2304 professi
1653 2266 1735 2301 sunt,
1753 2261 1969 2295 reformationi

1227 2312 1258 2345 in
1286 2313 1454 2357 praedietis
1479 2314 1684 2348 conventibus
1708 2314 1910 2355 reformatis,
1935 2319 1970 2348 ut

1226 2367 1424 2410 praefertur,
1450 2365 1646 2401 introductae
1679 2367 1844 2401 inhaerere
1869 2359 1969 2402 inten-

1227 2419 1331 2460 dunt⁴3
1352 2420 1428 2464 quin
1446 2421 1509 2454 imo
1535 2421 1627 2455 etiam
1653 2421 1737 2454 illam
1762 2421 1911 2465 auspiciis
1927 2421 1971 2456 di-

1264 2498 1274 2524 1
1295 2496 1344 2524 Ed.
1356 2497 1435 2524 Maiu.
1452 2497 1533 2525 habet
1548 2497 1687 2531 excitant,
1702 2497 1749 2525 sed
1764 2498 1883 2533 syntaxis
1897 2498 1970 2527 clare

1227 2536 1325 2564 indicat
1336 2537 1479 2573 legendum
1490 2537 1660 2565 excitaverit
1673 2537 1711 2564 vet
1723 2538 1862 2567 excitarit
1871 2540 1909 2573 (n.
1919 2544 1967 2574 τη).

1263 2577 1278 2604 ⁶2
1294 2578 1351 2605 Vox
1366 2578 1417 2605 ista
1430 2577 1562 2605 monachi
1576 2577 1710 2605 redundat
1723 2579 1764 2613 (R.
1778 2579 1826 2612 τ.).

1263 2620 1279 2645 3
1295 2618 1365 2646 Edit.
1383 2618 1461 2646 Maiu.
1478 2618 1542 2653 legit
1556 2621 1583 2646 cl
1598 2626 1646 2653 pro
1660 2619 1709 2646 sed
1725 2618 1760 2654 (n.
1778 2619 1826 2654 τ.).

1261 2659 1279 2686 4
1297 2658 1396 2686 Contra
1419 2658 1537 2694 syntaxis
1558 2659 1690 2687 rationem
1714 2659 1779 2688 edit.
1804 2659 1884 2688 Mein.
1904 2659 1971 2696 tegit

454 2698 487 2723 se
502 2688 580 2724 adeo
593 2690 781 2736 conspicuos
796 2690 1012 2734 reddiderunt,
1028 2696 1063 2726 ut
1079 2701 1191 2727 eorum
1226 2699 1381 2728 intendant
1394 2701 1433 2734 (a.
1450 2698 1499 2734 τ.).

1982 275 2030 303 An.
2043 275 2072 304 G.
2081 275 2160 305 '162¹
