2293 3231
88 266 136 291 An.
158 265 186 291 C.
206 263 271 292 16¹2

934 265 1053 290 raucus
1072 265 1091 302 v
1114 265 1159 289 rr.

285 321 412 356 quoque
447 311 613 351 semestri,
650 316 739 355 prout
779 310 808 343 in
845 311 955 344 litteris
986 312 1023 344 ad

285 374 427 398 camerae
459 364 597 397 tribunal
631 364 843 408 spectantibus
874 365 1024 398 eonstitu-

286 423 351 450 tmn
379 422 434 450 est.

329 469 381 504 48.
397 470 492 503 Edant
511 470 599 504 initio
619 481 728 503 eorum
747 470 840 504 officii
855 471 954 503 edicta
968 471 1025 503 sub

285 523 413 556 nomine
444 523 627 563 ea1ue1·a1·ii;
652 529 681 556 et
706 523 743 556 de
776 523 884 567 poenis
910 523 940 555 in
966 523 1026 555 illis

286 581 380 621 atque
404 576 498 609 etiam
523 576 554 608 in
578 576 699 609 statutis
723 576 877 609 contentis
898 577 1025 617 nullam,

286 629 353 663 sine
377 629 516 662 eiusdem
551 629 715 662 camerarii
748 634 798 662 aut
836 629 944 661 saltem
969 629 1027 661 cle-

286 682 343 715 rici
366 681 573 726 praesidentis
593 681 749 721 mandato,
775 681 907 724 gratiam
926 683 1026 715 faeere

286 735 416 778 possint.

331 788 382 822 19.
408 787 442 821 ln
465 788 597 828 ceteris,
628 794 689 820 tam
714 788 817 832 quoad
842 787 1027 831 appellatio-

287 851 342 874 nes
365 841 404 874 ab
428 851 538 874 eorum
555 841 726 881 sententiis,
744 851 838 884 quam
858 841 961 884 quoad
981 852 1028 874 re—

287 895 373 939 liqua
397 895 512 936 omnia,
538 899 662 928 servent
692 895 821 928 omnino
849 900 960 928 statuta
989 895 1027 927 de

287 958 398 982 eorum
423 948 527 982 officio
548 948 717 992 loquentia.

332 1001 384 1035 ΞΟ.
410 1002 619 1045 submagistri
643 1012 719 1035 vero
744 1012 815 1034 suas
840 1001 1027 1041 relationes,

287 1066 365 1100 quas
390 1060 549 1099 tamquam
573 1055 665 1099 periti
690 1056 792 1088 facere.
816 1055 926 1094 solent,
954 1065 1029 1087 non-

287 1109 347 1143 nisi
370 1109 474 1143 medio
499 1110 676 1142 iuramento
701 1109 831 1149 saciant,
850 1114 889 1149 et,
908 1109 932 1141 si
953 1108 1028 1152 quid

288 1162 361 1196 dolo
385 1163 434 1195 vel
459 1163 567 1204 fraude
591 1163 723 1206 egerint,
748 1162 880 1206 periurii
907 1168 934 1195 et
952 1163 1028 1195 alias

287 1225 404 1259 poenas
439 1215 569 1249 arbitrio
605 1215 770 1248 camerarii
795 1221 825 1248 et
852 1215 958 1248 cleriei
983 1226 1030 1247 ca-

289 1279 393 1302 merae
406 1280 464 1313 pro
479 1274 618 1313 tempore
634 1269 840 1312 praesidentis
857 1268 1027 1308 incurrant,

288 1328 318 1356 et
342 1323 380 1356 ad
405 1323 555 1356 interesse
578 1322 721 1367 partibus
746 1323 1004 1356 condemnentur.

332 1376 383 1410 2⁴1.
419 1376 568 1410 Consules
603 1376 717 1409 artium
754 1387 1028 1420 quarumeumspte

288 1430 456 1463 observent
479 1441 588 1463 earum
612 1435 726 1463 statuta
755 1430 894 1474 legitime
919 1442 1029 1475 appro-

287 1484 360 1518 bata
383 1489 413 1517 et
437 1495 495 1517 usu
516 1489 651 1528 recepta.
666 1485 729 1518 Nee
747 1490 941 1517 reasstunant
960 1495 1030 1517 eau-

288 1548 358 1578 sas,
382 1537 569 1582 praesertim
593 1537 775 1571 mercedum
809 1550 844 1571 ac
869 1538 1030 1571 miserabi-

287 1591 364 1624 lium
377 1601 595 1635 personarum,
609 1601 715 1625 coram
734 1591 906 1625 maioribus
919 1592 1030 1635 magis-

288 1644 421 1678 tratibus
444 1644 647 1678 introductas.

332 1698 382 1732 ⁵202.
408 1699 508 1732 Minus
525 1698 698 1743 impediant
715 1704 768 1732 aut
785 1699 951 1732 molestent
978 1699 1030 1732 ali-

287 1763 351 1797 quo
375 1753 469 1787 modo
500 1753 640 1798 peritos,
672 1754 735 1787 sive
767 1754 982 1787 aestimatores
1012 1765 1029 1787 a

287 1806 444 1840 iudicibus
466 1806 581 1840 electos
595 1834 603 1848 ,
628 1807 686 1840 sub
710 1809 811 1851 poena
835 1807 1028 1851 privationis,

288 1865 319 1894 et
341 1860 409 1894 aliis
432 1860 564 1906 arbitrio
589 1860 770 1905 superioris.

332 1912 383 1947 23.
408 1913 527 1947 Notarii
545 1924 619 1947 vero
637 1913 779 1958 ipsorum
799 1914 964 1947 consulum
985 1919 1028 1947 ta-

288 1977 359 2000 xarn
383 1967 428 2001 eis
447 1977 505 2012 per
521 1972 635 2000 statuta
654 1965 911 2010 praescriptam¹,
929 1973 959 2001 et
974 1968 1028 2001 ubi

287 2020 384 2065 aliqui
401 2020 543 2065 ipsorum
559 2020 678 2054 nullam
691 2020 846 2054 minorem
861 2026 963 2054 taxam
976 2021 1030 2054 ha—

288 2074 409 2115 berent,
423 2073 567 2115 aliorum,
582 2074 636 2118 qui
653 2074 738 2107 illam
758 2075 884 2115 habent,
902 2086 1029 2119 sequan-

288 2133 349 2169 tur,
373 2132 403 2161 et
426 2127 598 2160 secundum
623 2127 708 2161 illam
732 2129 865 2172 exigant.

332 2179 384 2213 24.
408 2180 589 2213 Assessores
612 2181 845 2224 praedictorum
863 2183 1027 2215 consulum

288 2238 319 2266 et
337 2233 473 2266 aliorum
497 2233 677 2267 officialium
702 2234 807 2267 curiae
826 2235 1028 2278 Capitolinae,

289 2286 437 2321 salarium
452 2297 517 2321 non
534 2287 693 2327 habentes,
711 2293 837 2320 caveant
854 2299 892 2320 ne
910 2289 941 2321 in
958 2300 1029 2322 cau-

289 2341 331 2374 sis
354 2340 502 2381 minimis,
528 2340 603 2373 idest
630 2351 647 2373 a
671 2341 808 2384 quinque
826 2343 921 2375 scutis
938 2342 1027 2383 infra,

289 2394 457 2438 quicquam
482 2404 541 2438 pro
566 2405 675 2427 eorum
701 2399 772 2427 voto
797 2406 850 2427 seu
875 2396 1026 2437 oonsilio,

289 2453 317 2481 et
341 2448 374 2481 in
396 2448 465 2481 aliis
488 2458 551 2482 non
576 2448 658 2481 ultra
682 2448 838 2491 sportulas
863 2448 953 2481 dietis
970 2455 1028 2482 sta-

290 2501 363 2534 tutis
386 2506 513 2542 taxatas,
534 2501 717 2545 percipiant.

333 2554 384 2588 25.
421 2554 611 2588 Procurator
645 2554 711 2588 sisci
747 2554 910 2598 Capitolini
951 2555 1025 2588 illud

326 2669 337 2696 1
359 2667 502 2696 Videretur
516 2668 669 2696 addendum
680 2669 843 2706 percipiant
859 2671 894 2705 (a.
911 2670 960 2703 T.)

1723 255 1758 288 71

1057 311 1158 356 ipsum
1184 311 1212 344 in
1238 313 1384 345 (minibus
1400 317 1426 343 et
1445 322 1501 355 per
1517 311 1620 343 omnia
1638 312 1793 353 observet,

1057 366 1139 409 quod
1165 376 1307 398 caim-rac·
1327 371 1451 398 nostrae
1476 364 1665 408 almstolirae
1684 375 1795 407 procu-

1060 425 1153 457 rator,
1171 419 1272 462 quoad
1290 430 1323 450 ea
1352 418 1466 450 seilicet
1492 418 1624 461 ‹·apitnla
1651 417 1794 460 superius

1058 472 1212 507 adnotata.
1230 483 1308 515 quae
1328 472 1429 515 ipsum
1447 472 1538 503 etiam
1556 481 1744 504 eoneernere
1766 476 1790 502 et

1060 525 1118 556 sibi
1144 525 1310 557 convenire
1336 525 1462 568 possint.

1379 596 1394 637 g
1419 594 1477 627 l'll.

1147 665 1192 697 De
1216 664 1442 697 iurisdictione
1467 665 1502 697 in
1527 663 1703 697 hebraeos&

1110 735 1132 766 l.
1159 734 1356 767 Gubernator
1381 735 1472 767 L'rbis
1498 736 1591 778 possit
1618 741 1726 768 eontra
1742 736 1796 768 lie-

1060 788 1173 820 braeos
1197 787 1227 820 in
1251 788 1468 820 criminalibus
1493 789 1594 820 causis
1615 788 1795 831 procedere,

1060 841 1153 874 etiam
1177 841 1261 884 quod
1286 846 1397 884 agatur
1422 842 1500 874 inter
1531 842 1615 885 ipsos
1644 842 1796 875 hebraeos

1061 900 1189 927 tantum.

1105 947 1133 980 2.
1167 947 1200 980 In
1225 948 1327 980 causis
1352 948 1581 989 caulei-atibus,
1606 959 1660 981 seu
1683 949 1721 981 ad
1746 960 1796 982 ea-

1062 1011 1181 1033 meram
1195 1001 1490 1045 quomodocumque
1507 1001 1728 1045 spetdantibus,
1745 1008 1795 1034 aut

1061 1055 1099 1087 ad
1123 1054 1341 1095 camerarium,
1367 1055 1459 1087 etiam
1486 1054 1604 1087 ratione
1628 1054 1797 1099 pignorum

1061 1113 1114 1141 aut
1137 1119 1343 1152 personarum
1369 1109 1578 1141 hebraeorum
1611 1109 1798 1141 bancherio-

1061 1172 1143 1202 rum,
1157 1167 1209 1194 aut
1222 1161 1260 1194 ad
1277 1161 1445 1205 praesides,
1459 1162 1650 1194 camerarius
1666 1167 1693 1194 et
1707 1172 1798 1206 prae-

1062 1215 1143 1248 sides
1166 1215 1287 1259 possint
1311 1221 1419 1249 eontra
1444 1226 1497 1247 eos
1522 1215 1702 1259 procedere.

1106 1268 1135 1302 3.
1150 1269 1183 1301 ln
1194 1269 1294 1301 causis
1308 1269 1493 1302 l'urtivormu
1504 1269 1683 1312 pignorum,
1697 1268 1799 1312 quoad

1062 1323 1217 1355 hebraeos
1241 1322 1446 1362 banelrerios,
1472 1322 1509 1356 sit
1534 1323 1620 1355 loeus
1650 1332 1799 1366 praeven-

1063 1375 1138 1409 tioni
1163 1376 1244 1408 inter
1264 1375 1471 1408 camerarium
1496 1380 1523 1408 et
1545 1376 1798 1417 gubernatorem.

1106 1429 1135 1462 lt.
1161 1429 1267 1469 Quoad
1292 1429 1466 1462 auditorem
1491 1440 1643 1469 camerae,
1673 1429 1799 1461 hebraei

1062 1482 1122 1515 sint
1146 1483 1229 1515 illius
1254 1482 1458 1516 iurisdictioni
1481 1483 1631 1526 suppositi
1651 1483 1801 1526 privative

1062 1537 1165 1580 quoad
1190 1536 1281 1577 alios,
1307 1536 1360 1569 ubi
1385 1537 1488 1580 agitur
1517 1537 1554 1569 de
1585 1536 1800 1579 obbligatione

1062 1591 1220 1632 camerali,
1237 1596 1456 1635 praeterquam
1476 1591 1505 1623 in
1522 1590 1770 1634 dep‹;·ndentibus
1783 1602 1800 1623 a

1062 1644 1164 1677 causis
1189 1649 1217 1676 et
1242 1644 1318 1678 actis
1337 1644 1472 1677 aliorum
1494 1644 1698 1678 tribunalium
1716 1644 1799 1677 iuxta

1063 1707 1133 1729 suas
1150 1697 1320 1730 facultates.
1338 1697 1369 1729 ln
1386 1697 1602 1729 criminalibus
1614 1701 1716 1730 autem
1734 1708 1801 1740 pos-

1063 1750 1099 1783 sit
1125 1750 1207 1783 idem
1231 1750 1356 1784 auditor
1373 1761 1515 1783 camerae
1532 1754 1640 1784 eontra
1660 1761 1712 1784 eos
1729 1762 1800 1795 pro-

1062 1805 1192 1846 cedere,
1217 1809 1310 1848 prout
1342 1805 1373 1838 in
1401 1805 1602 1849 praeteritum
1629 1804 1800 1849 procedere

1062 1863 1275 1892 consueverat.

1106 1911 1135 1944 5.
1154 1911 1236 1945 Inter
1258 1911 1408 1944 vicarium
1425 1918 1455 1944 et
1472 1917 1659 1951 senatorem,
1676 1912 1707 1944 in
1722 1912 1799 1945 deli<

1062 1964 1119 1998 ctis
1135 1964 1167 1997 in
1184 1964 1299 2007 quibus
1315 1964 1475 1997 christiani
1493 1968 1563 1998 sunt
1580 1965 1684 2009 aliquo
1705 1965 1799 1998 modo

1061 2018 1238 2062 participes,
1255 2024 1285 2051 et
1301 2018 1345 2051 sic
1358 2018 1482 2062 quando
1500 2019 1586 2053 adest
1598 2019 1732 2053 mixtura
1749 2019 1801 2052 de-

1062 2073 1267 2116 linquentium
1279 2072 1522 2106 christianorum
1536 2076 1564 2106 et
1578 2073 1797 2113 luf'oraeorum,

1062 2137 1098 2158 ex
1123 2125 1226 2159 officio
1251 2136 1312 2158 non
1338 2130 1441 2160 autem
1458 2126 1495 2159 ad
1516 2126 1676 2170 querelam
1694 2127 1797 2159 locum

1062 2180 1175 2213 habeat
1187 2180 1376 2224 praeventi03
1389 2180 1419 2212 in
1433 2180 1500 2213 aliis
1515 2191 1588 2213 vero
1599 2180 1723 2214 casibus
1736 2191 1798 2213 ser-

1063 2237 1151 2267 vetur
1175 2233 1354 2267 constitutio
1378 2233 1476 2266 t'elieis
1500 2233 1726 2267 reeordationis
1751 2234 1799 2267 Iu-

1062 2287 1094 2319 lii
1119 2287 1217 2330 Papae
1242 2287 1303 2326 Ill,
1328 2287 1578 2330 praedecessoris
1603 2287 1710 2324 nostri,
1734 2287 1796 2319 dis-

1061 2351 1189 2384 ponens,
1214 2340 1313 2384 quod,
1339 2341 1463 2384 (plaudo
1488 2341 1591 2382 agitur
1615 2340 1694 2374 inter
1714 2341 1797 2384 ipsos

1061 2393 1233 2433 hebraeos,
1259 2394 1371 2426 habeat
1403 2394 1536 2426 vicarius
1565 2394 1594 2425 in
1626 2404 1679 2426 eos
1705 2394 1797 2427 iuris-

1061 2445 1229 2480 dictionem
1255 2446 1352 2478 active
1376 2452 1404 2478 et
1431 2446 1560 2489 passive,
1581 2446 1705 2489 quando
1722 2457 1796 2479 vero

1061 2500 1141 2532 inter
1164 2499 1251 2535 alios,
1277 2499 1396 2542 passive
1421 2503 1548 2533 tantum.

1098 2623 1107 2649 1
1131 2622 1202 2649 Taxa
1216 2622 1312 2649 notarii
1327 2621 1504 2650 hebraeorum
1520 2625 1559 2650 est
1578 2624 1604 2650 in
1628 2623 1719 2651 Const.
1736 2631 1794 2659 seq.

1061 2668 1072 2702 ξ
1090 2668 1115 2694 11
1136 2674 1172 2702 (ΚΒ.
1190 2674 1214 2694 Τ.
1232 2676 1262 2694 ex
1278 2667 1417 2699 Cherub).

1811 263 1858 289 Λη.
1877 264 1906 290 (2.
1927 263 1991 290 ¹612
