2293 3231
80 269 132 300 An.
148 267 177 296 C.
201 267 267 294 ¹612

239 1606 243 1609 '
283 1600 387 1634 officio
410 1599 547 1643 inquirat
573 1604 601 1631 et
626 1598 786 1642 procedat,
811 1601 884 1631 tunc
904 1598 941 1630 de
962 1598 1026 1641 pri-

927 266 962 289 m
969 266 1044 290 t'tit's
1067 266 1084 290 V
1106 266 1153 289 FP.

278 312 402 353 notarii,
419 322 524 345 secum
551 312 587 345 ad
615 311 743 346 effectus
773 312 949 356 praedictos
976 322 1037 345 :is-¹

279 365 424 410 sumpfi',
442 366 627 399 tencantur²
641 367 746 400 onmia
764 372 793 399 ct
811 367 933 410 singula
953 372 1019 400 acta
1036 397 1038 412 2

279 430 336 464 per
359 429 412 452 cos
434 419 549 463 scripta
573 424 600 452 et
627 425 763 463 recepta,
780 430 963 463 processus,
981 425 1021 452 te-

281 472 377 506 stium
400 472 482 505 dieta
504 473 670 515 originalia
694 479 720 505 et
743 473 932 509 authentica,
949 461 1039 523 cum}

280 524 421 569 primum
437 524 475 557 ad
491 525 610 558 Urbem
631 526 792 563 redierint,
814 526 861 558 vel
879 525 1039 560 commis.

282 577 328 611 sio
341 577 429 610 linita
443 577 546 617 fuerit,
561 578 647 610 omni
665 580 754 610 mora
773 577 957 621 postposita,
975 588 1023 620 pe-

281 641 336 664 nes
356 630 444 663 acta³
465 630 591 671 notarii,
609 630 661 663 ubi
685 631 750 674 ipsa
771 641 864 663 eausa
881 618 1040 673 specialisi

280 683 396 728 pendet
429 683 477 716 vel
503 684 640 728 pendere
664 689 822 727 speratur;
847 689 916 723 ant,
937 684 962 716 si
994 683 1023 715 id

282 736 412 770 dubium
428 737 480 778 sit,
498 737 580 781 apud
596 747 667 770 cum
691 737 824 769 iudicem
843 747 937 780 quem
954 728 1041 780 pros

283 795 410 824 curator
425 789 541 823 fiscalis
556 795 665 823 noster
681 789 829 832 elegerit,
847 790 1023 829 exhibeant,

283 843 440 888 deponant
459 848 488 877 et
512 842 681 884 dimittant,
701 843 759 876 sub
784 843 960 876 amissionis
983 843 1026 875 in—

282 896 363 940 tegri
380 907 491 930 eorum
507 901 675 940 propterea
692 896 825 929 debendi
853 895 971 936 salarii,
989 906 1023 928 ae

283 949 377 983 etiam
407 949 615 983 ducentorum
640 949 827 982 ducatorum
844 976 851 989 ,
881 960 1024 982 camerae

283 1003 473 1047 apostolicae
489 1002 759 1047 applicandorum,
776 1004 887 1046 poena.

326 1056 356 1090 ⁶2.
380 1057 425 1090 Ne
449 1061 553 1089 autem
577 1060 747 1101 propterea
768 1056 882 1089 notarii
901 1061 929 1088 et
947 1056 1025 1088 scri-

282 1110 340 1144 bae
364 1109 517 1155 praedicti
541 1110 688 1142 laborum
713 1120 843 1142 suorum
872 1109 1025 1142 iacturam

282 1163 411 1205 saciant,
436 1163 639 1204 mandamuS,
664 1168 715 1203 ut,
741 1163 765 1196 si
789 1173 862 1207 pars
886 1169 971 1195 certa
996 1168 1024 1196 et

281 1218 444 1251 manifesta
467 1217 572 1258 suerit,
592 1216 630 1250 ad
648 1217 737 1250 cuius
762 1216 939 1249 instantiam
956 1216 1025 1248 talis

282 1284 449 1320 processus
473 1273 511 1307 sit
534 1273 701 1313 formatus,
730 1276 839 1306 contra
868 1282 936 1303 eam
967 1282 1025 1315 pro

282 1328 439 1372 condigna
463 1327 577 1362 notarii
602 1327 809 1362 satisfactione
832 1327 951 1361 iudices
968 1328 1025 1372 ipsi

282 1383 455 1418 summarie
474 1386 505 1416 et
528 1381 689 1415 executive.
721 1382 907 1426 procedant,
932 1388 1026 1425 prout

284 1439 315 1472 in
340 1438 442 1472 causis
465 1437 649 1471 mercedum
674 1441 704 1471 et
727 1436 943 1480 depositorum
968 1447 1023 1479 ‹gu-

283 1492 434 1526 bernator
457 1491 630 1536 procedere
655 1490 832 1529 consuevit3
855 1490 901 1522 sin
921 1495 1025 1523 autem

282 1546 368 1580 nulla
392 1546 429 1579 sit
454 1555 538 1589 pars,
563 1544 618 1578 sed
643 1544 728 1577 solus
751 1544 845 1577 fiscus
862 1549 969 1577 noster
989 1554 1024 1577 ex

284 1654 353 1694 mis,
367 1664 447 1698 quae
464 1663 501 1686 ex
518 1654 611 1686 causa
629 1651 810 1685 huiusmodi
826 1653 1025 1695 proveniunt,

285 1707 506 1741 emolumentis
537 1706 638 1739 eidem
667 1706 790 1739 notario
821 1706 966 1739 celeriter
997 1711 1027 1738 et

284 1761 351 1795 sine
374 1760 484 1794 fraude
508 1760 627 1793 iudices
643 1770 755 1793 causae
775 1759 919 1793 satisfieri
941 1770 1027 1792 man-

285 1815 359 1848 dent
382 1819 412 1848 et
435 1814 548 1848 saciant
572 1824 646 1847 cum
670 1813 792 1846 effectu.

329 1869 358 1903 3.
392 1870 520 1903 Necnon
551 1868 760 1902 commissarii
798 1867 949 1912 praedicti
988 1867 1026 1900 ad

285 1924 369 1958 bona
384 1933 613 1968 quaecumque,
631 1927 694 1955 tam
711 1922 839 1956 mobilia
856 1932 951 1966 quam
971 1921 1027 1954 im-

285 1976 414 2010 mobilia
438 1979 468 2010 et
491 1976 697 2017 semovenfia,
722 1976 916 2019 ubicumque
946 1975 1026 2008 exis-

285 2030 398 2070 tentia,
424 2040 699 2074 quarumcumque
729 2039 936 2073 personarum
968 2039 1026 2072 pro

286 2088 429 2128 tempore
441 2083 700 2127 delinquentium,
711 2089 740 2116 et
750 2093 1026 2127 quoruuwumspie

287 2147 472 2170 excessuum
485 2147 540 2169 seu
552 2136 739 2170 delictorum
751 2142 924 2180 praetextu,
946 2146 1026 2180 quae

287 2191 406 2225 iudices
429 2190 498 2235 ipsi,
520 2200 628 2223 coram
645 2189 762 2234 quibus
785 2199 894 2222 causas
917 2189 1027 2222 huius-

323 2328 335 2354 1
354 2326 500 2361 Perperam
511 2324 577 2352 edit.
589 2324 673 2351 Maiu.
686 2323 751 2358 legit
761 2324 919 2358 assumptis
929 2323 1024 2358 (n.T.).

322 2371 339 2398 2
358 2370 428 2398 Huic
447 2369 530 2397 verbo
552 2371 708 2398 teneantur
727 2367 840 2394 deberet
859 2371 952 2403 postea
971 2375 1028 2394 res-

288 2415 409 2452 pondere
428 2414 590 2442 infinitivum
609 2414 765 2448 deponere,
790 2416 837 2438 aut
859 2412 965 2445 simite,
986 2413 1027 2439 vel

289 2461 368 2498 paulo
387 2464 449 2497 post
471 2459 616 2495 legendum
631 2459 776 2490 ecchibere,
790 2458 931 2492 deponere
945 2461 972 2484 et
986 2458 1028 2485 di-

288 2507 404 2534 mittere
417 2513 466 2540 pro
481 2504 644 2538 exhibeant,
661 2503 805 2538 deponant
821 2506 848 2529 et
861 2502 1012 2530 dimittant
1018 2511 1028 2535 ;

288 2551 331 2578 vel
349 2549 459 2577 tandem
477 2549 566 2585 ipsum
585 2547 701 2575 verbum
716 2549 871 2575 teneantur
885 2545 1028 2574 delendum

289 2595 329 2632 (n.
349 2595 399 2630 τ.).

324 2640 342 2667 3
360 2641 399 2666 Αη
412 2638 473 2666 heio
488 2637 615 2665 mendum
635 2636 742 2673 aliquod
766 2636 915 2672 irrepserit,
931 2639 977 2663 aut
997 2644 1030 2663 an

289 2684 325 2712 sit
342 2683 489 2719 legendum
503 2683 644 2717 arehivia,
659 2681 761 2709 iudicet
779 2681 865 2709 lector
878 2681 916 2716 (R.
932 2681 981 2714 T.).

375 2735 454 2763 Bull.
475 2735 558 2763 Rom.
574 2750 608 2754 —
625 2735 685 2762 Vol.
701 2734 766 2762 XII.
947 2733 977 2760 11

1717 259 1750 289 st

1055 313 1137 346 modi
1156 313 1290 357 pendere
1305 313 1481 355 contigerit,
1496 324 1638 347 camerae
1651 324 1703 346 sen
1718 316 1792 348 {iseo

1055 373 1162 400 nostro
1172 367 1356 411 applicanda
1371 378 1436 398 esse
1449 367 1634 410 [ultavit-rint,
1645 368 1794 411 capienda

1055 425 1080 451 et
1107 420 1369 463 appi-elwmlenda
1387 420 1525 463 deputati
1543 431 1596 452 seu
1615 420 1793 464 deputandi,

1056 484 1087 504 se
1105 472 1142 504 de
1159 473 1247 505 bonis
1263 473 1336 516 ipsis
1350 484 1410 507 non
1425 473 1558 516 aimssnlius
1577 473 1794 511 intromittere,

1056 536 1112 557 nec
1137 537 1172 556 cx
1199 526 1242 557 eis
1267 527 1447 570 (prumiam,
1473 527 1565 559 etiam
1592 527 1710 560 ratione
1736 527 1795 560 ria-

1057 577 1119 617 tici,
1137 588 1190 610 seu
1208 579 1266 610 alia
1286 579 1395 622 (piaris
1413 579 1531 613 ratione
1550 580 1595 612 rel
1614 582 1717 620 causa,
1735 580 1793 612 sibi

1058 630 1191 663 retinere
1209 631 1364 664 ullatenus
1378 632 1493 675 possint
1509 638 1559 664 aut
1574 632 1720 672 debean13
1731 632 1794 673 sed,

1058 684 1158 716 causis
1171 690 1200 716 et
1217 685 1418 727 processibus
1434 686 1614 719 huiusmodi
1631 696 1737 719 coram
1751 686 1795 719 iu-

1058 736 1180 769 dicibus
1202 737 1261 769 illis
1279 748 1385 770 coram
1404 738 1518 781 quibus
1534 738 1603 771 illae
1617 739 1706 782 prius
1722 749 1796 782 pen-

1058 789 1170 823 debant
1190 790 1391 823 terminandis
1409 796 1436 823 et
1455 791 1597 823 liniendis
1610 792 1796 824 remanenti-

1059 843 1126 883 bus,
1153 843 1210 886 ipsi
1235 843 1441 876 commissarii
1468 844 1499 876 in
1525 844 1795 877 informationibus

1058 900 1086 929 ct
1104 896 1305 939 processibus
1323 897 1353 929 in
1370 896 1525 929 similibus
1538 897 1606 929 ficri
1623 897 1721 931 solitis
1738 897 1796 931 rite

1058 949 1239 981 formandis¹
1256 949 1413 983 dumtaxat
1429 950 1556 990 versari,
1567 960 1602 982 ac
1620 950 1752 982 fideliter
1767 954 1797 984 et

1059 1002 1210 1043 ordinate,
1223 1003 1371 1047 omnique
1387 1008 1525 1036 cessante
1539 1003 1671 1047 strepitu
1682 1007 1709 1037 et
1726 1013 1797 1036 con-

1059 1055 1191 1096 fusione,
1216 1056 1297 1089 bona
1323 1056 1398 1100 ipsa,
1424 1056 1467 1090 uti
1492 1056 1589 1096 decet,
1607 1056 1638 1088 in
1662 1056 1798 1089 inventa-

1059 1108 1142 1141 rium
1160 1109 1304 1152 redigere
1326 1114 1354 1141 et
1379 1114 1540 1149 annotare,
1557 1119 1592 1142 ac
1609 1109 1670 1150 illa,
1688 1109 1732 1141 sic
1747 1119 1797 1141 re-

1059 1162 1147 1195 dacta
1164 1161 1174 1178 ⁹
1199 1167 1227 1194 et
1245 1166 1399 1203 annotata,
1420 1162 1615 1196 thesaurario
1632 1174 1686 1195 seu
1702 1162 1797 1206 depo-

1060 1216 1167 1248 sitario
1193 1227 1334 1248 camerae
1364 1215 1540 1259 praedictae
1564 1216 1594 1248 in
1618 1216 1797 1260 provincia,

1059 1272 1122 1304 six-e
1154 1273 1221 1305 eius
1254 1272 1518 1305 xieetbesaurario
1555 1278 1606 1304 aut
1637 1271 1798 1315 ricedepo-

1060 1326 1177 1366 sitario,
1204 1326 1234 1358 in
1259 1326 1310 1358 itt-:1
1334 1325 1456 1358 civitate
1481 1326 1528 1358 rel
1552 1326 1622 1359 loeo
1640 1325 1797 1368 deputato,

1060 1381 1186 1415 realiter
1210 1386 1240 1413 et
1265 1391 1335 1413 eum
1369 1379 1482 1412 effectu
1505 1379 1596 1420 dare,
1622 1380 1745 1412 tradere
1770 1386 1799 1413 et

1060 1434 1246 1477 consignare
1291 1439 1463 1466 teneantur.
1507 1434 1658 1467 Volumus
1695 1438 1798 1467 autem

1060 1488 1144 1533 quod
1158 1488 1196 1521 de
1210 1488 1311 1528 bonis,
1326 1488 1370 1520 sic
1383 1487 1536 1522 annotatis
1554 1492 1582 1522 et
1599 1487 1799 1531 consignatis,

1060 1542 1178 1575 eisdem
1210 1541 1454 1582 commissaliis,
1483 1541 1521 1574 de
1540 1552 1651 1575 eorum
1681 1541 1799 1574 riatieis

1060 1595 1144 1628 iuxta
1175 1596 1310 1628 sormam
1339 1601 1366 1627 et
1392 1594 1535 1627 ordinem
1561 1605 1577 1626 a
1602 1594 1758 1627 iudicibus
1781 1605 1798 1627 a

1060 1650 1176 1693 quibus
1189 1649 1263 1683 dicti
1276 1649 1485 1682 commissarii
1498 1649 1672 1683 transmissi
1685 1648 1799 1683 suerint

1059 1704 1299 1747 praescriptum,
1325 1703 1468 1737 satisfieri
1486 1713 1502 1735 a
1519 1702 1710 1747 depositario
1728 1713 1800 1746 pos-

1060 1757 1097 1791 sit
1121 1762 1151 1789 et
1174 1757 1296 1789 debeat.

1104 1810 1133 1843 4.
1155 1810 1368 1843 Commissarii
1382 1820 1457 1843 vero
1470 1809 1507 1842 ad
1526 1809 1634 1853 spolia,
1652 1809 1799 1849 decimas,

1060 1864 1211 1905 subsidia,
1236 1865 1283 1896 x‘cl
1309 1864 1368 1896 alia
1392 1863 1520 1906 regalia,
1545 1867 1597 1896 aut
1615 1863 1731 1897 credita
1749 1874 1799 1895 ea-

1060 1918 1189 1951 meralia
1213 1918 1260 1951 vel
1285 1917 1401 1951 fiscalia
1427 1917 1600 1959 exigenda,
1625 1916 1689 1949 sire
1713 1927 1802 1949 recu·

1059 1973 1206 2016 peranda,
1224 1972 1348 2005 nonnisi
1366 1971 1469 2004 idonei
1487 1977 1515 2004 et
1539 1970 1688 2014 probatae
1711 1970 1800 2011 vitae,

1807 268 1854 293 An.
1874 268 1899 294 ⁴2.
1928 269 1992 296 1612

1060 2027 1182 2060 nullum
1206 2026 1356 2059 babentes
1382 2025 1413 2057 in
1437 2035 1473 2057 ea
1497 2025 1664 2063 interesse,
1685 2023 1799 2057 consti-
1838 2063 1843 2065 ⁴

1061 2084 1198 2120 tuantur,
1223 2080 1277 2123 qui
1297 2079 1390 2112 etiam
1408 2077 1611 2111 itu-eiurando
1628 2087 1663 2110 ae
1681 2077 1799 2110 idoneis

1060 2134 1259 2167 cautionibus
1283 2133 1320 2165 de
1345 2143 1455 2165 eorum
1486 2131 1589 2165 officio
1613 2131 1746 2163 fideliter
1771 2135 1801 2163 et

1060 2188 1226 2231 diligenter
1242 2186 1417 2220 exercendo
1432 2185 1654 2228 astringantur.
1672 2184 1800 2216 Serven—

1062 2245 1174 2285 turque
1191 2240 1296 2285 quoad
1312 2239 1408 2273 cosin
1421 2238 1569 2272 omnibus
1586 2237 1710 2270 decreta
1724 2246 1799 2269 con-

1060 2294 1253 2337 gregationis
1275 2294 1358 2327 bono
1379 2292 1526 2335 regimini
1540 2290 1799 2324 communitatum

1061 2349 1164 2382 Status
1188 2347 1398 2381 Ecclesiastici
1423 2346 1630 2390 praepositae,
1647 2349 1677 2377 et
1701 2343 1801 2376 edicta

1061 2401 1240 2441 cameralia,
1265 2411 1345 2444 quae
1369 2410 1427 2443 per
1450 2404 1629 2443 praesentes
1650 2397 1802 2442 approba-

1062 2466 1132 2488 mus
1155 2459 1185 2489 et
1208 2455 1402 2487 innovamus.

1100 2581 1111 2607 1
1133 2578 1204 2606 Edit.
1228 2578 1308 2605 Main.
1331 2581 1358 2605 et
1385 2577 1504 2604 Cherub.
1533 2576 1627 2612 legunt
1653 2576 1804 2612 formandi

1075 2631 1100 2652 a.
1117 2628 1164 2657 m.

1063 2625 1070 2660 ζ
1099 2678 1116 2705 ⁶2
1136 2677 1206 2706 Edit.
1226 2676 1306 2704 Main.
1328 2676 1392 2712 legit
1410 2676 1523 2705 redicta
1541 2675 1582 2711 (R.
1598 2675 1648 2711 T.).
