2293 3231
87 264 155 316 'Am
169 286 202 316 e.
218 274 284 315 ¹621

901 284 1061 311 «ananam

298 332 470 378 apostolica
496 331 545 366 vel
568 332 629 366 alia
653 332 762 378 quavis
786 333 989 375 auctoritate,
1006 335 1057 367 in'

298 384 389 419 dietis
414 384 554 418 ecclesiis
578 385 610 418 in
634 385 802 420 canonicos
826 386 887 419 sint
910 386 1037 430 recepti,

298 438 357 479 vel,
378 442 411 471 ut
435 438 637 482 recipiantur,
654 439 812 479 insistant;
831 449 886 473 seu
903 439 928 472 si
945 450 1039 483 super
1055 435 1058 459 ἶ

297 490 531 536 provisionibus
555 491 613 524 sibi
638 491 786 525 faciendis
810 491 848 525 de
872 492 1038 525 canonica-

299 544 383 577 tibus
400 549 430 577 et
445 544 634 588 praebendis
650 544 805 579 dictarum
823 545 1038 586 eeclesiarum,

300 607 336 631 ac
352 597 542 638 huiusmodi,
556 597 718 641 speciales,
732 599 777 630 vel
793 599 862 631 aliis
879 598 1040 631 beneficiis

299 649 519 685 ecclesiasticis
551 651 583 684 in
607 651 667 685 illis
691 651 852 695 partibus,
877 652 1039 695 generales

298 704 497 748 Apostolicae
520 704 609 738 Sedis
634 704 681 737 vel
701 705 878 748 legatorum
903 706 969 738 cius
989 705 1039 738 lit·
1056 702 1058 704 ’

299 761 382 792 teras
398 758 605 803 impetrarint,
619 758 740 793 etiamsi
757 769 813 803 per
829 770 883 792 ees
907 759 945 792 ad
963 759 1040 791 inhi-

299 811 462 853 bitionem,
481 812 738 853 reservationem,
755 818 785 845 et
801 813 973 853 decretum,
991 812 1039 845 vel

299 864 376 899 alias
399 865 637 910 quomodolibet
669 866 707 900 sit
730 877 937 910 processum3
962 877 1039 911 quas

299 918 427 963 quidem
452 920 571 952 litteras
591 920 726 962 (etiamsi
751 925 838 953 motu
862 921 993 964 proprio
1010 926 1040 953 et

300 982 337 1007 ex
362 975 448 1007 certa
472 973 613 1012 scientia,
630 979 659 1006 ct
678 984 749 1006 eum
768 974 929 1017 quibusvis
952 985 1041 1018 prae-

300 1025 450 1070 rogativis
475 1030 504 1060 et
527 1026 802 1067 declarationibus,
819 1027 911 1060 etiam
937 1027 976 1060 ad
992 1028 1039 1060 in-

299 1084 365 1113 star
387 1080 612 1113 nonnullorum
638 1079 839 1113 familiarium
857 1085 1039 1113 nostrorum

300 1132 333 1167 in
357 1138 443 1167 certo
460 1133 541 1167 libro
561 1133 765 1167 cancellariae
783 1134 972 1177 apostolicae
989 1134 1041 1166 de-

300 1186 504 1231 scriptorum,
521 1191 551 1220 et
570 1187 639 1220 aliis
663 1187 822 1227 clausulis,
839 1187 932 1219 etiam
953 1187 1041 1221 dero-

301 1240 495 1283 gatoriarum
512 1240 732 1283 derogatoriis,
750 1241 798 1273 vel
818 1241 893 1273 alias
917 1241 1040 1274 effectui

301 1293 515 1337 praesentium
550 1293 787 1337 quomodolibet
820 1293 1040 1334 obviantibus,

303 1356 358 1379 seu
381 1347 678 1390 praeiudicantibus‚
695 1348 817 1380 etiamsi
834 1348 872 1381 de
896 1348 956 1380 illis
977 1358 1042 1392 spe—

304 1399 392 1433 cialis
423 1404 454 1433 et
489 1411 637 1443 expressa
671 1401 788 1434 mentio
823 1401 1042 1445 praesentibus

303 1452 446 1485 habenda
470 1454 573 1496 soret),
587 1464 709 1487 necnon
728 1464 896 1496 processus
920 1455 1042 1489 habitos

304 1515 363 1549 per
378 1505 515 1546 easdem,
532 1512 562 1539 et
579 1507 650 1539 inde
667 1513 798 1550 sequuta
814 1518 1042 1551 quaecumque,

303 1557 343 1592 ad
377 1559 553 1602 praedictos
587 1559 742 1593 uniendos
777 1560 979 1593 canonicatus
1013 1565 1043 1593 et.

303 1611 499 1655 praebendas
523 1622 559 1646 ac
573 1613 770 1655 parochiales
795 1612 942 1646 ecclesias
959 1613 1044 1646 volu-

303 1674 375 1699 mus
406 1675 470 1699 non
494 1666 639 1706 extendi3
665 1666 719 1699 scd
749 1667 872 1699 nullum
899 1677 956 1710 per
983 1667 1043 1700 hoc

304 1717 371 1760 eis,
394 1718 497 1762 quoad
522 1720 778 1763 assequutionem
803 1720 1042 1753 canonicatuum

304 1777 335 1806 et
358 1773 613 1817 praebendarum
638 1777 691 1807 aut
713 1773 941 1807 beneficiorum
966 1774 1044 1807 alio-

304 1836 386 1866 rum,
410 1826 641 1870 praeiudicium
666 1826 828 1869 generari,
849 1832 878 1859 ct
895 1827 1046 1870 quibusli-

304 1878 357 1912 bet
372 1879 440 1912 aliis
456 1879 640 1924 privilegiis,
661 1879 873 1922 indulgentiis,
887 1885 916 1912 et
934 1880 1045 1913 litteris

305 1932 506 1976 apostolicis,
531 1932 731 1976 generalibus
762 1933 808 1965 vel
841 1933 1044 1976 specialibus,

305 1995 578 2029 quorumcumque
588 1991 733 2019 tenorum
747 1985 890 2026 existant,
899 1996 956 2029 per
965 1996 1045 2029 quae

307 2038 525 2082 praesentibus
556 2049 618 2071 non
655 2049 804 2082 expressa
831 2040 878 2071 vel
909 2039 1045 2072 totaliter

306 2100 370 2124 non
394 2091 509 2124 inserta
540 2091 668 2125 effectus
692 2102 801 2124 eorum
826 2092 974 2136 impediri
998 2104 1047 2125 va—

307 2143 369 2177 leat
384 2144 620 2188 quomodolibet
632 2145 679 2177 vel
693 2144 824 2185 differri,
835 2150 864 2177 et
881 2146 920 2178 de
933 2146 1046 2190 quibus

308 2196 528 2241 quorumque¹
548 2198 621 2231 totis
645 2198 808 2231 tenoribus
832 2198 869 2230 de
894 2199 991 2231 verbo
1007 2200 1046 2232 ad

308 2250 437 2284 verbum
456 2250 599 2283 habenda
611 2250 648 2284 sit
664 2251 696 2283 in
709 2251 825 2284 nostris
837 2251 950 2284 litteris
965 2263 1047 2285 men—

307 2303 351 2337 tio
375 2304 530 2348 specialis.
555 2304 706 2337 Volumus
730 2309 844 2344 autem,
868 2305 953 2348 quod
977 2316 1047 2349 pro-

308 2362 379 2402 pter
406 2358 566 2397 unionem,
582 2357 789 2390 annexionem
815 2363 845 2390 ct
868 2349 1066 2402 incorpora-l

307 2409 426 2445 tionem
450 2410 631 2444 huiusmodi
651 2410 774 2443 divinus
791 2411 893 2443 cultus
910 2411 941 2443 in
958 2411 1047 2444 dictis
1063 2407 1066 2412 ’

309 2463 449 2497 eeclesiis
471 2474 535 2498 non
559 2463 763 2503 diminuatur,
787 2474 844 2496 nec
869 2464 1046 2497 animarum

309 2527 384 2551 eura
400 2518 432 2550 in
455 2517 573 2551 eisdem
593 2516 827 2561 parochialibus
844 2517 983 2550 ecclesiis
999 2528 1049 2550 ne-

278 2612 280 2615 ,
310 2570 467 2614 gligatur‚
492 2571 546 2604 sed
576 2571 703 2604 illarum
737 2580 773 2603 ac
808 2570 1047 2604 canonicatuum

311 2628 342 2658 et
360 2625 612 2669 praebendarum
635 2625 817 2659 huiusmodi
843 2631 873 2659 et
901 2629 1048 2661 consueta

346 2679 361 2713 '1
376 2685 447 2716 Edit.
463 2686 543 2717 Main.
558 2687 624 2724 legit.
637 2693 882 2725 quorumcumque
896 2687 934 2723 (a.
950 2687 997 2723 r).

1064 284 1079 310 S
1102 284 1146 310 XV
1165 284 1214 310 1³1³.

1071 343 1168 366 onera
1191 341 1331 376 congrue
1359 336 1596 377 supportentur.
1621 330 1659 366 Et
1683 331 1812 378 insuper

1071 396 1107 419 ex
1128 396 1211 420 nunc
1237 386 1360 420 irritum
1385 386 1585 420 decernimus
1608 391 1639 419 et
1662 386 1765 428 inane,
1785 387 1812 420 si

1072 450 1162 474 secus
1186 450 1280 484 super
1311 439 1359 473 his
1383 450 1401 472 a
1423 449 1601 484 quoquam,
1624 439 1734 484 quavis
1757 449 1813 473 au—

1073 493 1225 534 ctoritate,
1247 493 1382 526 scienter
1398 493 1446 526 vel
1464 493 1656 536 ignoranter,
1673 492 1815 536 contige-

1072 546 1113 578 rit
1129 546 1283 580 attentari.
1308 546 1390 579 Nulli
1409 556 1485 589 ergo
1503 545 1632 580 omnino
1650 545 1813 579 hominum

1073 598 1164 631 liceat
1195 599 1275 633 hanc
1303 599 1449 643 paginam
1479 603 1605 632 nostrae
1630 599 1815 643 incorpora·

1073 652 1176 690 tionis,
1194 652 1387 691 annexionis
1418 652 1553 695 unionis,
1578 651 1815 696 derogationis,

1056 710 1102 752 ,et
1122 706 1288 739 voluntatis
1306 706 1488 749 infringere,
1507 706 1554 739 rel
1571 706 1599 739 ei
1623 716 1701 739 ausu
1721 711 1816 740 teme-

1073 759 1158 793 rario
1183 760 1350 793 contraire.
1368 760 1399 793 Si
1424 760 1494 803 quis
1519 765 1624 793 autern
1644 759 1704 794 hoc
1720 763 1816 794 atten-

1073 818 1140 846 tare
1164 812 1424 857 praesumpserit,
1443 813 1691 857 indignationem
1716 813 1815 847 omni-

1072 867 1209 911 potentis
1233 867 1288 900 Dei
1319 872 1349 900 et
1378 867 1544 901 beatorum
1570 867 1652 901 Petri
1677 871 1708 900 et
1727 867 1814 901 Pauli

1072 922 1287 964 apostolorum
1307 921 1374 954 eius
1398 931 1431 954 se
1454 921 1576 954 noverit
1601 921 1813 955 incursurum.

1072 975 1184 1008 Datum
1205 975 1333 1014 Itomae,
1351 975 1433 1019 apud
1450 975 1480 1008 S.
1498 975 1636 1015 Petrum,
1661 984 1743 1009 anno
1767 974 1815 1008 ln-

1073 1028 1263 1061 carnationis
1288 1028 1469 1061 Dominicae
1494 1037 1600 1068 mentv,
1617 1027 1720 1072 pridie
1744 1027 1815 1061 idus

1073 1081 1233 1121 februarii,
1257 1081 1458 1125 pontificatus
1481 1082 1582 1115 nostri
1606 1091 1687 1114 anno
1711 1090 1778 1115 vm.

1118 1136 1132 1178 ἓ
1162 1135 1192 1167 4.
1225 1136 1337 1169 Ssoelus
1368 1136 1566 1180 Episcopus,
1600 1146 1710 1169 servus
1744 1146 1812 1169 ser-

1074 1199 1186 1221 rorum
1218 1188 1294 1228 Dei,
1322 1189 1365 1222 ad
1393 1194 1581 1233 perpetuam
1616 1190 1666 1222 ‘rei
1696 1199 1815 1223 memo-

1073 1242 1171 1274 riam.
1210 1241 1244 1274 ln
1283 1252 1452 1285 supremae
1489 1241 1650 1285 dignitatis
1673 1243 1815 1286 specula,

1074 1296 1148 1328 licet
1171 1295 1330 1335 immeriti,
1347 1295 1452 1328 divina
1475 1295 1680 1339 dispositione
1705 1296 1817 1330 consti-

1074 1348 1142 1388 tuti,
1170 1348 1208 1381 ad
1233 1348 1394 1381 universas
1418 1347 1558 1381 fidelium
1581 1348 1745 1391 regiones,
1769 1358 1818 1382 ea-

1076 1412 1209 1445 rumque
1234 1402 1392 1445 prol'ectus
1409 1406 1439 1435 et
1461 1401 1639 1443 commoda,
1656 1407 1816 1446 tamquam

1075 1456 1260 1488 universalis
1270 1455 1377 1498 gregis
1387 1455 1564 1496 dominiei¹,
1575 1456 1740 1500 pastoralis
1750 1467 1819 1500 spe·

1076 1509 1242 1541 culationis
1277 1509 1377 1542 aciem
1413 1509 1615 1542 extendentes
1629 1537 1637 1550 ,
1672 1509 1818 1542 fidelibus

1076 1560 1152 1604 ipsis
1175 1561 1214 1593 ad
1234 1561 1414 1604 quaerenda
1438 1562 1614 1595 litterarum
1632 1562 1744 1603 studia,
1761 1573 1818 1606 per

1076 1624 1155 1656 quae
1169 1613 1265 1646 divini
1282 1614 1419 1647 nominis
1436 1615 1546 1657 gloria,
1561 1615 1697 1659 fideique
1713 1616 1820 1649 catho—

1077 1668 1154 1700 licae
1179 1668 1280 1701 cultus
1305 1668 1521 1712 protenditur,
1546 1669 1664 1702 iustitia
1682 1669 1818 1710 colitur,

1076 1726 1139 1753 tam
1160 1721 1286 1764 publica
1307 1732 1401 1764 quam
1422 1721 1543 1766 privata
1566 1732 1616 1755 res
1635 1722 1754 1755 utiliter
1770 1731 1820 1766 ge-

1077 1773 1167 1813 ritur,
1185 1774 1350 1817 omnisque
1365 1774 1560 1818 prosperitas
1576 1775 1731 1808 humanae
1744 1785 1820 1808 eon-

1077 1826 1204 1860 ditionis
1221 1831 1364 1869 augetur,
1378 1827 1512 1860 libenter
1529 1828 1653 1860 favores
1669 1827 1822 1871 impendi-

1078 1891 1159 1921 mus,
1171 1885 1197 1913 et
1223 1885 1419 1924 opportunae
1445 1881 1678 1914 commoditatis
1694 1880 1819 1921 auxilia,

1078 1944 1150 1966 cum
1175 1944 1193 1965 a
1215 1933 1307 1966 nobis
1332 1933 1459 1977 petitur,
1484 1934 1657 1967 liberaliter
1681 1933 1822 1978 imparti-

1079 1996 1160 2028 mur,
1186 1991 1215 2019 et
1241 1986 1299 2025 liis,
1329 1997 1408 2030 quae
1434 1992 1604 2032 propterea
1628 1988 1820 2032 processisse

1079 2045 1268 2082 noscuntur,
1293 2045 1327 2073 ut
1352 2041 1444 2074 tirma
1468 2045 1622 2085 perpetuo
1647 2047 1677 2074 et
1702 2040 1819 2074 illibata

1079 2094 1256 2137 persistant,
1273 2094 1435 2137 apostolici
1458 2095 1642 2128 muniminis
1656 2094 1822 2127 adiicimus

1080 2146 1271 2180 firmitatem.
1286 2146 1409 2180 Dudum
1423 2147 1589 2191 siquidem.
1603 2147 1701 2180 felicis
1714 2157 1821 2180 recor-

1080 2199 1212 2232 dationis
1223 2200 1348 2233 Nicolao
1363 2201 1463 2244 Papae
1472 2201 1495 2232 V
1506 2200 1741 2245 praedecessori
1753 2211 1822 2234 nos*

1079 2257 1129 2285 tro
1153 2253 1306 2296 exposito,
1323 2253 1407 2297 quod
1431 2254 1532 2286 bonae
1550 2253 1722 2286 memoriae
1740 2253 1823 2287 Iaco-

1080 2305 1138 2338 bus
1153 2306 1411 2351 archiepiscopus
1427 2307 1705 2347 Trevirensis,non
1719 2307 1822 2340 solum

1080 2359 1117 2391 ad
1135 2360 1328 2403 reipublicae
1343 2371 1379 2393 ae
1396 2360 1571 2393 incolarum
1588 2366 1745 2393 terrarum
1763 2359 1823 2393 sibi

1081 2411 1302 2450 subiectarum,
1323 2413 1377 2446 sed
1393 2413 1488 2446 etiam
1508 2413 1546 2445 ad
1563 2413 1695 2446 aliarum
1713 2413 1824 2446 mundi

1080 2466 1215 2508 partium
1249 2466 1414 2499 utilitatem
1447 2472 1474 2499 et
1507 2467 1751 2511 prosperitatem
1776 2467 1823 2499 in-

1080 2519 1220 2560 tendens,
1234 2519 1245 2536 ³
1261 2520 1293 2552 in
1308 2520 1376 2552 eius
1399 2519 1523 2554 civitate
1538 2520 1726 2561 Trefirensi,
1742 2520 1823 2553 tain—

1080 2582 1174 2615 quam
1199 2571 1230 2605 in
1255 2572 1324 2606 loco
1348 2573 1503 2616 insignori
1526 2578 1557 2606 et
1578 2574 1680 2617 magis
1702 2572 1739 2606 ad
1763 2573 1822 2607 hoc

1118 2643 1130 2670 1
1147 2643 1291 2671 Videretur
1303 2642 1428 2672 addenda
1442 2651 1490 2672 vox
1500 2648 1602 2680 pastor
1613 2647 1651 2679 (a.
1667 2645 1717 2678 12).

1063 2673 1067 2720 Ι
1115 2687 1132 2715 2
1146 2687 1248 2717 Vocem
1262 2688 1338 2724 quod
1352 2687 1397 2718 bie
1411 2687 1534 2719 delemus
1547 2690 1588 2725 (n.
1604 2688 1654 2724 12).

1714 273 1779 311 563
1823 270 1875 313 '‘An'.
1890 272 1919 313 αξ
1939 267 2007 313 1621

1857 1145 1910 1168 sim
1923 1146 1950 1167 tv
1960 1146 2016 1167 titt·-

1831 1179 1868 1194 τεο
1882 1173 1960 1200 quibus
1979 1172 2016 1194 de·

1831 1201 1940 1225 sinuantur
1953 1204 2015 1220 cuno·

1831 1227 1914 1247 nicatuz
1935 1228 1956 1247 et
1977 1231 2018 1250 pa-

1832 1253 1918 1274 rochiae
1947 1251 2017 1273 eidem

1831 1279 1964 1300 universitati
1993 1284 2016 1298 u·

1831 1306 1930 1328 utendae.
