<?xml version="1.0" encoding="UTF-8"?>
<!DOCTYPE html PUBLIC "-//W3C//DTD XHTML 1.0 Transitional//EN"
    "http://www.w3.org/TR/xhtml1/DTD/xhtml1-transitional.dtd">
<html xmlns="http://www.w3.org/1999/xhtml" xml:lang="en" lang="en">
 <head>
  <title>
</title>
<meta http-equiv="Content-Type" content="text/html;charset=utf-8" />
  <meta name='ocr-system' content='tesseract 3.04.00' />
  <meta name='ocr-capabilities' content='ocr_page ocr_carea ocr_par ocr_line ocrx_word'/>
</head>
<body>
  <div class='ocr_page' id='page_1' title='image "./bullarumdiplomat12cath_0888.png"; bbox 0 0 2293 3231; ppageno 0'>
   <div class='ocr_carea' id='block_1_1' title="bbox 548 262 1448 300">
    <p class='ocr_par' dir='ltr' id='par_1_1' title="bbox 548 262 1448 300">
     <span class='ocr_line' id='line_1_1' title="bbox 548 262 1448 300; baseline -0.002 -8"><span class='ocrx_word' id='word_1_1' title='bbox 548 263 612 300; x_wconf 75' lang='grc'>850</span> <span class='ocrx_word' id='word_1_2' title='bbox 1094 262 1273 290; x_wconf 69' lang='lat' dir='ltr'>Bru-stum</span> <span class='ocrx_word' id='word_1_3' title='bbox 1296 262 1448 290; x_wconf 72' lang='lat' dir='ltr'>nouANtu</span> 
     </span>
    </p>
   </div>
   <div class='ocr_carea' id='block_1_2' title="bbox 499 314 2056 2309">
    <p class='ocr_par' dir='ltr' id='par_1_2' title="bbox 503 314 2047 476">
     <span class='ocr_line' id='line_1_2' title="bbox 503 314 2047 364; baseline -0.006 -1"><span class='ocrx_word' id='word_1_4' title='bbox 503 326 615 364; x_wconf 78' lang='lat' dir='ltr'>Petrus</span> <span class='ocrx_word' id='word_1_5' title='bbox 640 323 774 361; x_wconf 85' lang='lat' dir='ltr'>Osorius</span> <span class='ocrx_word' id='word_1_6' title='bbox 801 322 840 356; x_wconf 91' lang='lat' dir='ltr'>de</span> <span class='ocrx_word' id='word_1_7' title='bbox 866 319 987 355; x_wconf 88' lang='lat' dir='ltr'>Toledo</span> <span class='ocrx_word' id='word_1_8' title='bbox 1012 318 1116 353; x_wconf 83' lang='lat' dir='ltr'>Status</span> <span class='ocrx_word' id='word_1_9' title='bbox 1142 317 1390 352; x_wconf 68' lang='lat' dir='ltr'>iticdiolanensis</span> <span class='ocrx_word' id='word_1_10' title='bbox 1413 314 1609 361; x_wconf 77' lang='lat' dir='ltr'>gubernator</span> <span class='ocrx_word' id='word_1_11' title='bbox 1634 327 1694 362; x_wconf 85' lang='lat' dir='ltr'>pro</span> <span class='ocrx_word' id='word_1_12' title='bbox 1718 325 1796 361; x_wconf 82' lang='lat' dir='ltr'>rrge</span> <span class='ocrx_word' id='word_1_13' title='bbox 1812 316 2047 363; x_wconf 75' lang='lat' dir='ltr'><strong>Hispaniarum,</strong></span> 
     </span>
     <span class='ocr_line' id='line_1_3' title="bbox 593 369 2045 414; baseline -0.005 -1"><span class='ocrx_word' id='word_1_14' title='bbox 593 379 653 414; x_wconf 76' lang='lat'>407</span> <span class='ocrx_word' id='word_1_15' title='bbox 672 389 701 411; x_wconf 86' lang='lat' dir='ltr'>a.</span> <span class='ocrx_word' id='word_1_16' title='bbox 727 377 807 411; x_wconf 84' lang='lat' dir='ltr'>Petit</span> <span class='ocrx_word' id='word_1_17' title='bbox 833 379 863 408; x_wconf 91' lang='lat' dir='ltr'>et</span> <span class='ocrx_word' id='word_1_18' title='bbox 881 374 1001 408; x_wconf 86' lang='lat' dir='ltr'>obtinet</span> <span class='ocrx_word' id='word_1_19' title='bbox 1019 372 1293 406; x_wconf 69' lang='lat' dir='ltr'>confirnlaliomm</span> <span class='ocrx_word' id='word_1_20' title='bbox 1310 379 1328 404; x_wconf 86' lang='lat' dir='ltr'>a</span> <span class='ocrx_word' id='word_1_21' title='bbox 1345 369 1442 404; x_wconf 87' lang='lat' dir='ltr'>Paulo</span> <span class='ocrx_word' id='word_1_22' title='bbox 1458 369 1482 402; x_wconf 99' lang='lat' dir='ltr'>V</span> <span class='ocrx_word' id='word_1_23' title='bbox 1501 371 1692 406; x_wconf 78' lang='lat' dir='ltr'>concordiae</span> <span class='ocrx_word' id='word_1_24' title='bbox 1709 371 1909 406; x_wconf 75' lang='lat' dir='ltr'>interiorum</span> <span class='ocrx_word' id='word_1_25' title='bbox 1923 371 2045 407; x_wconf 87' lang='lat' dir='ltr'>archie-</span> 
     </span>
     <span class='ocr_line' id='line_1_4' title="bbox 595 425 1092 476; baseline -0.014 -11"><span class='ocrx_word' id='word_1_26' title='bbox 595 430 756 476; x_wconf 82' lang='lat' dir='ltr'>piscopale</span> <span class='ocrx_word' id='word_1_27' title='bbox 781 433 812 462; x_wconf 91' lang='lat' dir='ltr'>et</span> <span class='ocrx_word' id='word_1_28' title='bbox 835 428 989 468; x_wconf 85' lang='lat' dir='ltr'>seculare,</span> <span class='ocrx_word' id='word_1_29' title='bbox 1016 425 1092 459; x_wconf 79' lang='lat' dir='ltr'>ibid.</span> 
     </span>
    </p>

    <p class='ocr_par' dir='ltr' id='par_1_3' title="bbox 508 477 2046 636">
     <span class='ocr_line' id='line_1_5' title="bbox 508 477 2044 524; baseline -0.006 -2"><span class='ocrx_word' id='word_1_30' title='bbox 508 485 618 522; x_wconf 86' lang='lat' dir='ltr'>Petrus</span> <span class='ocrx_word' id='word_1_31' title='bbox 641 485 737 517; x_wconf 85' lang='lat' dir='ltr'>frater</span> <span class='ocrx_word' id='word_1_32' title='bbox 769 483 869 516; x_wconf 88' lang='lat' dir='ltr'>maior</span> <span class='ocrx_word' id='word_1_33' title='bbox 893 480 1155 522; x_wconf 69' lang='lat' dir='ltr'>congregationis</span> <span class='ocrx_word' id='word_1_34' title='bbox 1187 478 1319 513; x_wconf 84' lang='lat' dir='ltr'>fratrum</span> <span class='ocrx_word' id='word_1_35' title='bbox 1345 477 1471 512; x_wconf 86' lang='lat' dir='ltr'>loannis</span> <span class='ocrx_word' id='word_1_36' title='bbox 1504 477 1564 512; x_wconf 90' lang='lat' dir='ltr'>Dei</span> <span class='ocrx_word' id='word_1_37' title='bbox 1601 479 1632 513; x_wconf 94' lang='lat' dir='ltr'>in</span> <span class='ocrx_word' id='word_1_38' title='bbox 1671 479 1780 522; x_wconf 85' lang='lat' dir='ltr'>regnis</span> <span class='ocrx_word' id='word_1_39' title='bbox 1807 478 2044 524; x_wconf 82' lang='lat' dir='ltr'>Hispaniarum,</span> 
     </span>
     <span class='ocr_line' id='line_1_6' title="bbox 589 531 2046 580; baseline -0.001 -11"><span class='ocrx_word' id='word_1_40' title='bbox 589 539 607 573; x_wconf 80' lang='lat'>4</span> <span class='ocrx_word' id='word_1_41' title='bbox 633 547 678 577; x_wconf 88' lang='lat' dir='ltr'>a;</span> <span class='ocrx_word' id='word_1_42' title='bbox 705 537 783 580; x_wconf 86' lang='lat' dir='ltr'>petit</span> <span class='ocrx_word' id='word_1_43' title='bbox 808 544 824 568; x_wconf 86' lang='lat' dir='ltr'>a</span> <span class='ocrx_word' id='word_1_44' title='bbox 850 533 946 568; x_wconf 85' lang='lat' dir='ltr'>Paulo</span> <span class='ocrx_word' id='word_1_45' title='bbox 972 533 996 566; x_wconf 88' lang='lat' dir='ltr'>V</span> <span class='ocrx_word' id='word_1_46' title='bbox 1023 533 1167 566; x_wconf 72' lang='lat' dir='ltr'>remeari</span> <span class='ocrx_word' id='word_1_47' title='bbox 1201 532 1321 566; x_wconf 83' lang='lat' dir='ltr'>litteias</span> <span class='ocrx_word' id='word_1_48' title='bbox 1345 531 1516 566; x_wconf 79' lang='lat' dir='ltr'>Clementis</span> <span class='ocrx_word' id='word_1_49' title='bbox 1540 531 1628 575; x_wconf 89' lang='lat' dir='ltr'>VIII,</span> <span class='ocrx_word' id='word_1_50' title='bbox 1653 536 1685 567; x_wconf 88' lang='lat' dir='ltr'>et</span> <span class='ocrx_word' id='word_1_51' title='bbox 1716 533 1831 567; x_wconf 81' lang='lat' dir='ltr'>fratres</span> <span class='ocrx_word' id='word_1_52' title='bbox 1858 533 1979 568; x_wconf 87' lang='lat' dir='ltr'>admitti</span> <span class='ocrx_word' id='word_1_53' title='bbox 2006 531 2046 568; x_wconf 84' lang='lat' dir='ltr'>ad</span> 
     </span>
     <span class='ocr_line' id='line_1_7' title="bbox 594 585 1238 636; baseline -0.009 -11"><span class='ocrx_word' id='word_1_54' title='bbox 594 591 823 636; x_wconf 79' lang='lat' dir='ltr'>professionem</span> <span class='ocrx_word' id='word_1_55' title='bbox 849 596 923 621; x_wconf 77' lang='lat' dir='ltr'>vere</span> <span class='ocrx_word' id='word_1_56' title='bbox 948 586 1141 630; x_wconf 83' lang='lat' dir='ltr'>religiosam,</span> <span class='ocrx_word' id='word_1_57' title='bbox 1168 586 1185 619; x_wconf 98' lang='lat'>4</span> <span class='ocrx_word' id='word_1_58' title='bbox 1212 585 1238 619; x_wconf 80' lang='lat' dir='ltr'>h.</span> 
     </span>
    </p>

    <p class='ocr_par' dir='ltr' id='par_1_4' title="bbox 499 640 2048 792">
     <span class='ocr_line' id='line_1_8' title="bbox 499 640 2046 688; baseline -0.003 -6"><span class='ocrx_word' id='word_1_59' title='bbox 499 646 610 682; x_wconf 78' lang='lat' dir='ltr'>Petrus</span> <span class='ocrx_word' id='word_1_60' title='bbox 637 646 806 688; x_wconf 83' lang='lat' dir='ltr'>episcopus</span> <span class='ocrx_word' id='word_1_61' title='bbox 832 642 1003 675; x_wconf 87' lang='lat' dir='ltr'>Saouensis</span> <span class='ocrx_word' id='word_1_62' title='bbox 1033 641 1124 674; x_wconf 81' lang='lat' dir='ltr'>Sedis</span> <span class='ocrx_word' id='word_1_63' title='bbox 1155 640 1358 684; x_wconf 76' lang='lat' dir='ltr'>Apostolicae</span> <span class='ocrx_word' id='word_1_64' title='bbox 1385 641 1523 675; x_wconf 90' lang='lat' dir='ltr'>nuncius</span> <span class='ocrx_word' id='word_1_65' title='bbox 1552 641 1637 685; x_wconf 89' lang='lat' dir='ltr'>apud</span> <span class='ocrx_word' id='word_1_66' title='bbox 1662 640 1811 676; x_wconf 86' lang='lat' dir='ltr'>carolum</span> <span class='ocrx_word' id='word_1_67' title='bbox 1837 640 2046 677; x_wconf 85' lang='lat' dir='ltr'>Emanuelem</span> 
     </span>
     <span class='ocr_line' id='line_1_9' title="bbox 588 693 2048 740; baseline -0.001 -8"><span class='ocrx_word' id='word_1_68' title='bbox 588 697 765 732; x_wconf 78' lang='lat' dir='ltr'>Sabauiiae</span> <span class='ocrx_word' id='word_1_69' title='bbox 790 695 914 735; x_wconf 83' lang='lat' dir='ltr'>ducem,</span> <span class='ocrx_word' id='word_1_70' title='bbox 941 694 1004 727; x_wconf 73' lang='lat'>422</span> <span class='ocrx_word' id='word_1_71' title='bbox 1029 704 1058 726; x_wconf 84' lang='lat' dir='ltr'>a.</span> <span class='ocrx_word' id='word_1_72' title='bbox 1084 693 1119 727; x_wconf 87' lang='lat' dir='ltr'>Ei</span> <span class='ocrx_word' id='word_1_73' title='bbox 1144 695 1360 733; x_wconf 84' lang='lat' dir='ltr'>committitur,</span> <span class='ocrx_word' id='word_1_74' title='bbox 1375 697 1409 728; x_wconf 93' lang='lat' dir='ltr'>ut</span> <span class='ocrx_word' id='word_1_75' title='bbox 1431 696 1619 740; x_wconf 88' lang='lat' dir='ltr'>episcopum</span> <span class='ocrx_word' id='word_1_76' title='bbox 1641 694 1890 730; x_wconf 87' lang='lat' dir='ltr'>Gebennensom</span> <span class='ocrx_word' id='word_1_77' title='bbox 1913 695 2048 740; x_wconf 83' lang='lat' dir='ltr'>deputet</span> 
     </span>
     <span class='ocr_line' id='line_1_10' title="bbox 591 746 2046 792; baseline -0.001 -8"><span class='ocrx_word' id='word_1_78' title='bbox 591 752 622 785; x_wconf 91' lang='lat' dir='ltr'>in</span> <span class='ocrx_word' id='word_1_79' title='bbox 642 752 834 783; x_wconf 77' lang='lat' dir='ltr'>vIsilalorem</span> <span class='ocrx_word' id='word_1_80' title='bbox 849 749 1030 792; x_wconf 79' lang='lat' dir='ltr'>generalem</span> <span class='ocrx_word' id='word_1_81' title='bbox 1047 746 1255 781; x_wconf 80' lang='lat' dir='ltr'>ecclesiarum</span> <span class='ocrx_word' id='word_1_82' title='bbox 1273 751 1304 781; x_wconf 90' lang='lat' dir='ltr'>et</span> <span class='ocrx_word' id='word_1_83' title='bbox 1322 749 1588 782; x_wconf 88' lang='lat' dir='ltr'>monasteriorum</span> <span class='ocrx_word' id='word_1_84' title='bbox 1606 748 1741 783; x_wconf 80' lang='lat' dir='ltr'>ducatus</span> <span class='ocrx_word' id='word_1_85' title='bbox 1758 747 1947 790; x_wconf 87' lang='lat' dir='ltr'>Sabaudiae,</span> <span class='ocrx_word' id='word_1_86' title='bbox 1968 747 2046 783; x_wconf 72' lang='lat' dir='ltr'>ibid.</span> 
     </span>
    </p>

    <p class='ocr_par' dir='ltr' id='par_1_5' title="bbox 504 799 2046 901">
     <span class='ocr_line' id='line_1_11' title="bbox 504 799 2046 847; baseline -0.003 -6"><span class='ocrx_word' id='word_1_87' title='bbox 504 805 615 842; x_wconf 85' lang='lat' dir='ltr'>Petrus</span> <span class='ocrx_word' id='word_1_88' title='bbox 639 804 863 838; x_wconf 68' lang='lat' dir='ltr'>Maronitarum</span> <span class='ocrx_word' id='word_1_89' title='bbox 890 800 1077 846; x_wconf 81' lang='lat' dir='ltr'>patriarcha,</span> <span class='ocrx_word' id='word_1_90' title='bbox 1104 801 1166 834; x_wconf 83' lang='lat'>193</span> <span class='ocrx_word' id='word_1_91' title='bbox 1192 801 1219 834; x_wconf 84' lang='lat' dir='ltr'>b.</span> <span class='ocrx_word' id='word_1_92' title='bbox 1245 799 1324 835; x_wconf 82' lang='lat' dir='ltr'>Data</span> <span class='ocrx_word' id='word_1_93' title='bbox 1340 803 1370 835; x_wconf 87' lang='lat' dir='ltr'>ei</span> <span class='ocrx_word' id='word_1_94' title='bbox 1388 802 1520 836; x_wconf 76' lang='lat' dir='ltr'>facultas</span> <span class='ocrx_word' id='word_1_95' title='bbox 1537 802 1654 846; x_wconf 90' lang='lat' dir='ltr'>populo</span> <span class='ocrx_word' id='word_1_96' title='bbox 1676 802 1826 847; x_wconf 88' lang='lat' dir='ltr'>papalem</span> <span class='ocrx_word' id='word_1_97' title='bbox 1847 801 2046 838; x_wconf 84' lang='lat' dir='ltr'>benedictio-</span> 
     </span>
     <span class='ocr_line' id='line_1_12' title="bbox 591 854 1005 901; baseline -0.014 -8"><span class='ocrx_word' id='word_1_98' title='bbox 591 868 663 893; x_wconf 90' lang='lat' dir='ltr'>nem</span> <span class='ocrx_word' id='word_1_99' title='bbox 688 856 902 901; x_wconf 86' lang='lat' dir='ltr'>impertiendi,</span> <span class='ocrx_word' id='word_1_100' title='bbox 930 854 1005 888; x_wconf 81' lang='lat' dir='ltr'>itid.</span> 
     </span>
    </p>

    <p class='ocr_par' dir='ltr' id='par_1_6' title="bbox 503 907 1940 955">
     <span class='ocr_line' id='line_1_13' title="bbox 503 907 1940 955; baseline -0.004 -5"><span class='ocrx_word' id='word_1_101' title='bbox 503 913 614 950; x_wconf 71' lang='lat' dir='ltr'>peu-11³</span> <span class='ocrx_word' id='word_1_102' title='bbox 638 912 809 946; x_wconf 81' lang='lat' dir='ltr'>cardinalis</span> <span class='ocrx_word' id='word_1_103' title='bbox 835 908 1092 943; x_wconf 83' lang='lat' dir='ltr'>Aldobrandinus</span> <span class='ocrx_word' id='word_1_104' title='bbox 1117 909 1378 953; x_wconf 83' lang='lat' dir='ltr'>congregationis</span> <span class='ocrx_word' id='word_1_105' title='bbox 1403 907 1603 944; x_wconf 88' lang='lat' dir='ltr'>Iesuatorum</span> <span class='ocrx_word' id='word_1_106' title='bbox 1629 913 1798 955; x_wconf 81' lang='lat' dir='ltr'>protector,</span> <span class='ocrx_word' id='word_1_107' title='bbox 1823 909 1887 944; x_wconf 73' lang='lat'>812</span> <span class='ocrx_word' id='word_1_108' title='bbox 1911 920 1940 944; x_wconf 84' lang='lat' dir='ltr'>a.</span> 
     </span>
    </p>

    <p class='ocr_par' dir='ltr' id='par_1_7' title="bbox 504 962 2048 1170">
     <span class='ocr_line' id='line_1_14' title="bbox 504 962 2047 1009; baseline -0.003 -6"><span class='ocrx_word' id='word_1_109' title='bbox 504 967 707 1009; x_wconf 62' lang='lat' dir='ltr'>Petru3&lt;ven</span> <span class='ocrx_word' id='word_1_110' title='bbox 722 968 733 1009; x_wconf 96' lang='lat'>)</span> <span class='ocrx_word' id='word_1_111' title='bbox 748 965 786 999; x_wconf 89' lang='lat' dir='ltr'>de</span> <span class='ocrx_word' id='word_1_112' title='bbox 804 964 972 998; x_wconf 80' lang='lat' dir='ltr'>Alcantara</span> <span class='ocrx_word' id='word_1_113' title='bbox 995 962 1128 998; x_wconf 80' lang='lat' dir='ltr'>Ordinis</span> <span class='ocrx_word' id='word_1_114' title='bbox 1150 963 1306 997; x_wconf 83' lang='lat' dir='ltr'>Minorum</span> <span class='ocrx_word' id='word_1_115' title='bbox 1331 964 1500 997; x_wconf 88' lang='lat' dir='ltr'>strictioris</span> <span class='ocrx_word' id='word_1_116' title='bbox 1522 963 1748 999; x_wconf 76' lang='lat' dir='ltr'>observantiae</span> <span class='ocrx_word' id='word_1_117' title='bbox 1764 964 2047 1007; x_wconf 88' lang='lat' dir='ltr'>Discalceatorum,</span> 
     </span>
     <span class='ocr_line' id='line_1_15' title="bbox 595 1016 2048 1061; baseline -0.002 -5"><span class='ocrx_word' id='word_1_118' title='bbox 595 1022 657 1056; x_wconf 82' lang='lat'>685</span> <span class='ocrx_word' id='word_1_119' title='bbox 674 1031 702 1054; x_wconf 88' lang='grc' dir='ltr'>α.</span> <span class='ocrx_word' id='word_1_120' title='bbox 718 1020 885 1054; x_wconf 76' lang='lat' dir='ltr'>Sacrorum</span> <span class='ocrx_word' id='word_1_121' title='bbox 903 1020 1020 1052; x_wconf 85' lang='lat' dir='ltr'>rituum</span> <span class='ocrx_word' id='word_1_122' title='bbox 1033 1018 1293 1061; x_wconf 82' lang='lat' dir='ltr'>congregationis</span> <span class='ocrx_word' id='word_1_123' title='bbox 1311 1016 1476 1051; x_wconf 88' lang='lat' dir='ltr'>decretum</span> <span class='ocrx_word' id='word_1_124' title='bbox 1500 1016 1540 1052; x_wconf 90' lang='lat' dir='ltr'>de</span> <span class='ocrx_word' id='word_1_125' title='bbox 1565 1027 1603 1052; x_wconf 89' lang='lat' dir='ltr'>co</span> <span class='ocrx_word' id='word_1_126' title='bbox 1620 1018 1847 1061; x_wconf 79' lang='lat' dir='ltr'>canonIzando,</span> <span class='ocrx_word' id='word_1_127' title='bbox 1869 1017 1947 1052; x_wconf 83' lang='lat' dir='ltr'><strong><em>ibid.</em></strong></span> <span class='ocrx_word' id='word_1_128' title='bbox 1969 1016 2048 1053; x_wconf 84' lang='lat' dir='ltr'>Gre-</span> 
     </span>
     <span class='ocr_line' id='line_1_16' title="bbox 592 1070 2048 1120; baseline -0.001 -11"><span class='ocrx_word' id='word_1_129' title='bbox 592 1073 765 1120; x_wconf 75' lang='lat' dir='ltr'>goriusxv</span> <span class='ocrx_word' id='word_1_130' title='bbox 783 1073 941 1116; x_wconf 82' lang='lat' dir='ltr'>indulget,</span> <span class='ocrx_word' id='word_1_131' title='bbox 967 1076 1001 1106; x_wconf 88' lang='lat' dir='ltr'>ut</span> <span class='ocrx_word' id='word_1_132' title='bbox 1024 1073 1122 1105; x_wconf 87' lang='lat' dir='ltr'>missa</span> <span class='ocrx_word' id='word_1_133' title='bbox 1147 1071 1188 1105; x_wconf 88' lang='lat' dir='ltr'>de</span> <span class='ocrx_word' id='word_1_134' title='bbox 1213 1080 1251 1105; x_wconf 89' lang='lat' dir='ltr'>eo</span> <span class='ocrx_word' id='word_1_135' title='bbox 1276 1070 1454 1114; x_wconf 85' lang='lat' dir='ltr'>celebrari,</span> <span class='ocrx_word' id='word_1_136' title='bbox 1481 1075 1512 1106; x_wconf 89' lang='lat' dir='ltr'>et</span> <span class='ocrx_word' id='word_1_137' title='bbox 1537 1072 1678 1107; x_wconf 85' lang='lat' dir='ltr'>officium</span> <span class='ocrx_word' id='word_1_138' title='bbox 1701 1073 1829 1107; x_wconf 84' lang='lat' dir='ltr'>recitari</span> <span class='ocrx_word' id='word_1_139' title='bbox 1853 1081 1872 1107; x_wconf 85' lang='lat' dir='ltr'>a</span> <span class='ocrx_word' id='word_1_140' title='bbox 1896 1071 2048 1108; x_wconf 83' lang='lat' dir='ltr'>fratribus</span> 
     </span>
     <span class='ocr_line' id='line_1_17' title="bbox 595 1125 1177 1170; baseline -0.007 -7"><span class='ocrx_word' id='word_1_141' title='bbox 595 1127 725 1164; x_wconf 87' lang='lat' dir='ltr'>Ordinis</span> <span class='ocrx_word' id='word_1_142' title='bbox 749 1127 905 1161; x_wconf 87' lang='lat' dir='ltr'>Minorum</span> <span class='ocrx_word' id='word_1_143' title='bbox 930 1127 1040 1170; x_wconf 83' lang='lat' dir='ltr'>possit,</span> <span class='ocrx_word' id='word_1_144' title='bbox 1065 1126 1130 1159; x_wconf 74' lang='lat'>685</span> <span class='ocrx_word' id='word_1_145' title='bbox 1150 1125 1177 1158; x_wconf 86' lang='lat' dir='ltr'>b.</span> 
     </span>
    </p>

    <p class='ocr_par' dir='ltr' id='par_1_8' title="bbox 505 1178 2048 1280">
     <span class='ocr_line' id='line_1_18' title="bbox 505 1178 2048 1225; baseline -0.003 -6"><span class='ocrx_word' id='word_1_146' title='bbox 505 1183 616 1220; x_wconf 86' lang='lat' dir='ltr'>Petrus</span> <span class='ocrx_word' id='word_1_147' title='bbox 641 1182 810 1216; x_wconf 86' lang='lat' dir='ltr'>cardinalis</span> <span class='ocrx_word' id='word_1_148' title='bbox 843 1180 1006 1223; x_wconf 85' lang='lat' dir='ltr'>Valerius,</span> <span class='ocrx_word' id='word_1_149' title='bbox 1039 1179 1104 1214; x_wconf 72' lang='lat'>692</span> <span class='ocrx_word' id='word_1_150' title='bbox 1138 1180 1165 1214; x_wconf 86' lang='lat' dir='ltr'>b.</span> <span class='ocrx_word' id='word_1_151' title='bbox 1190 1178 1277 1214; x_wconf 92' lang='lat' dir='ltr'>Unus</span> <span class='ocrx_word' id='word_1_152' title='bbox 1299 1189 1339 1214; x_wconf 86' lang='lat' dir='ltr'>ex</span> <span class='ocrx_word' id='word_1_153' title='bbox 1364 1179 1476 1224; x_wconf 93' lang='lat' dir='ltr'>primis</span> <span class='ocrx_word' id='word_1_154' title='bbox 1508 1180 1678 1224; x_wconf 83' lang='lat' dir='ltr'>praefectis</span> <span class='ocrx_word' id='word_1_155' title='bbox 1711 1179 1976 1225; x_wconf 83' lang='lat' dir='ltr'>Congregationis</span> <span class='ocrx_word' id='word_1_156' title='bbox 2007 1179 2048 1215; x_wconf 87' lang='lat' dir='ltr'>de</span> 
     </span>
     <span class='ocr_line' id='line_1_19' title="bbox 593 1233 1017 1280; baseline -0.007 -10"><span class='ocrx_word' id='word_1_157' title='bbox 593 1235 801 1280; x_wconf 86' lang='lat' dir='ltr'>Propaganda</span> <span class='ocrx_word' id='word_1_158' title='bbox 825 1234 912 1275; x_wconf 90' lang='lat' dir='ltr'>Fide,</span> <span class='ocrx_word' id='word_1_159' title='bbox 939 1233 1017 1267; x_wconf 78' lang='lat' dir='ltr'>ibid.</span> 
     </span>
    </p>

    <p class='ocr_par' dir='ltr' id='par_1_9' title="bbox 506 1287 2051 1550">
     <span class='ocr_line' id='line_1_20' title="bbox 506 1287 2050 1336; baseline -0.003 -10"><span class='ocrx_word' id='word_1_160' title='bbox 506 1290 671 1336; x_wconf 84' lang='lat' dir='ltr'>Philippus</span> <span class='ocrx_word' id='word_1_161' title='bbox 698 1290 801 1334; x_wconf 69' lang='lat' dir='ltr'>(Vsu.)</span> <span class='ocrx_word' id='word_1_162' title='bbox 826 1289 968 1323; x_wconf 87' lang='lat' dir='ltr'>Benitius</span> <span class='ocrx_word' id='word_1_163' title='bbox 993 1288 1162 1323; x_wconf 86' lang='lat' dir='ltr'>Beatorum</span> <span class='ocrx_word' id='word_1_164' title='bbox 1187 1287 1258 1322; x_wconf 92' lang='lat' dir='ltr'>albo</span> <span class='ocrx_word' id='word_1_165' title='bbox 1283 1288 1464 1334; x_wconf 88' lang='lat' dir='ltr'>adscriptus</span> <span class='ocrx_word' id='word_1_166' title='bbox 1489 1298 1546 1334; x_wconf 87' lang='lat' dir='ltr'>per</span> <span class='ocrx_word' id='word_1_167' title='bbox 1569 1288 1707 1323; x_wconf 81' lang='lat' dir='ltr'>Leonem</span> <span class='ocrx_word' id='word_1_168' title='bbox 1728 1288 1773 1332; x_wconf 83' lang='lat' dir='ltr'>X,</span> <span class='ocrx_word' id='word_1_169' title='bbox 1800 1289 1862 1324; x_wconf 79' lang='grc'>428</span> <span class='ocrx_word' id='word_1_170' title='bbox 1887 1289 1916 1322; x_wconf 88' lang='lat' dir='ltr'>b.</span> <span class='ocrx_word' id='word_1_171' title='bbox 1945 1288 2050 1323; x_wconf 89' lang='lat' dir='ltr'>Indul-</span> 
     </span>
     <span class='ocr_line' id='line_1_21' title="bbox 595 1341 2049 1389; baseline -0.002 -9"><span class='ocrx_word' id='word_1_172' title='bbox 595 1350 724 1389; x_wconf 88' lang='lat' dir='ltr'>tumque</span> <span class='ocrx_word' id='word_1_173' title='bbox 743 1346 849 1379; x_wconf 88' lang='lat' dir='ltr'>datum</span> <span class='ocrx_word' id='word_1_174' title='bbox 874 1342 1025 1377; x_wconf 85' lang='lat' dir='ltr'>fratribus</span> <span class='ocrx_word' id='word_1_175' title='bbox 1049 1341 1181 1378; x_wconf 89' lang='lat' dir='ltr'>Ordinis</span> <span class='ocrx_word' id='word_1_176' title='bbox 1205 1352 1370 1377; x_wconf 75' lang='lat' dir='ltr'>servorum</span> <span class='ocrx_word' id='word_1_177' title='bbox 1394 1343 1427 1376; x_wconf 94' lang='lat' dir='ltr'>B.</span> <span class='ocrx_word' id='word_1_178' title='bbox 1452 1343 1571 1377; x_wconf 88' lang='lat' dir='ltr'>Mariae</span> <span class='ocrx_word' id='word_1_179' title='bbox 1598 1344 1667 1377; x_wconf 86' lang='lat' dir='ltr'>eius</span> <span class='ocrx_word' id='word_1_180' title='bbox 1699 1343 1813 1377; x_wconf 85' lang='lat' dir='ltr'>festum</span> <span class='ocrx_word' id='word_1_181' title='bbox 1844 1341 2049 1384; x_wconf 80' lang='lat' dir='ltr'>celebrandi,</span> 
     </span>
     <span class='ocr_line' id='line_1_22' title="bbox 597 1395 2051 1442; baseline -0.002 -9"><span class='ocrx_word' id='word_1_182' title='bbox 597 1399 689 1440; x_wconf 78' lang='lat' dir='ltr'>ibid.;</span> <span class='ocrx_word' id='word_1_183' title='bbox 714 1399 867 1433; x_wconf 88' lang='lat' dir='ltr'>lectiones</span> <span class='ocrx_word' id='word_1_184' title='bbox 893 1399 1041 1442; x_wconf 85' lang='lat' dir='ltr'>propriae</span> <span class='ocrx_word' id='word_1_185' title='bbox 1065 1397 1104 1431; x_wconf 90' lang='lat' dir='ltr'>de</span> <span class='ocrx_word' id='word_1_186' title='bbox 1130 1396 1227 1431; x_wconf 87' lang='lat' dir='ltr'>Beato</span> <span class='ocrx_word' id='word_1_187' title='bbox 1252 1397 1469 1441; x_wconf 87' lang='lat' dir='ltr'>approbantur</span> <span class='ocrx_word' id='word_1_188' title='bbox 1494 1406 1511 1430; x_wconf 91' lang='lat' dir='ltr'>a</span> <span class='ocrx_word' id='word_1_189' title='bbox 1535 1396 1632 1431; x_wconf 87' lang='lat' dir='ltr'>Paulo</span> <span class='ocrx_word' id='word_1_190' title='bbox 1664 1395 1706 1439; x_wconf 92' lang='lat' dir='ltr'>V,</span> <span class='ocrx_word' id='word_1_191' title='bbox 1728 1397 1791 1431; x_wconf 76' lang='lat'>429</span> <span class='ocrx_word' id='word_1_192' title='bbox 1806 1425 1814 1440; x_wconf 93' lang='lat'>,</span> <span class='ocrx_word' id='word_1_193' title='bbox 1837 1407 1867 1430; x_wconf 83' lang='lat' dir='ltr'>a.</span> <span class='ocrx_word' id='word_1_194' title='bbox 1891 1395 2051 1431; x_wconf 88' lang='lat' dir='ltr'>Indultum</span> 
     </span>
     <span class='ocr_line' id='line_1_23' title="bbox 597 1449 2051 1494; baseline -0.003 -5"><span class='ocrx_word' id='word_1_195' title='bbox 597 1455 781 1489; x_wconf 80' lang='lat' dir='ltr'>extenditur</span> <span class='ocrx_word' id='word_1_196' title='bbox 805 1454 843 1488; x_wconf 89' lang='lat' dir='ltr'>ad</span> <span class='ocrx_word' id='word_1_197' title='bbox 870 1454 1032 1488; x_wconf 77' lang='lat' dir='ltr'>civitatem</span> <span class='ocrx_word' id='word_1_198' title='bbox 1056 1452 1278 1494; x_wconf 72' lang='lat' dir='ltr'>Flet-emmam,</span> <span class='ocrx_word' id='word_1_199' title='bbox 1302 1452 1364 1486; x_wconf 84' lang='lat'>430</span> <span class='ocrx_word' id='word_1_200' title='bbox 1389 1462 1418 1493; x_wconf 85' lang='lat' dir='ltr'>a,</span> <span class='ocrx_word' id='word_1_201' title='bbox 1444 1454 1475 1486; x_wconf 88' lang='lat' dir='ltr'>et</span> <span class='ocrx_word' id='word_1_202' title='bbox 1499 1451 1539 1486; x_wconf 89' lang='lat' dir='ltr'>ad</span> <span class='ocrx_word' id='word_1_203' title='bbox 1564 1450 1753 1486; x_wconf 88' lang='lat' dir='ltr'>Tudertinos</span> <span class='ocrx_word' id='word_1_204' title='bbox 1777 1452 1865 1485; x_wconf 79' lang='lat' dir='ltr'>cives</span> <span class='ocrx_word' id='word_1_205' title='bbox 1891 1452 1961 1486; x_wconf 88' lang='lat' dir='ltr'>eius</span> <span class='ocrx_word' id='word_1_206' title='bbox 1985 1449 2051 1484; x_wconf 81' lang='lat' dir='ltr'>effi·</span> 
     </span>
     <span class='ocr_line' id='line_1_24' title="bbox 596 1506 1042 1550; baseline -0.009 -7"><span class='ocrx_word' id='word_1_207' title='bbox 596 1510 680 1543; x_wconf 88' lang='lat' dir='ltr'>cium</span> <span class='ocrx_word' id='word_1_208' title='bbox 705 1507 899 1550; x_wconf 80' lang='lat' dir='ltr'>celebrandi,</span> <span class='ocrx_word' id='word_1_209' title='bbox 926 1506 988 1540; x_wconf 70' lang='lat'>4⁶27</span> <span class='ocrx_word' id='word_1_210' title='bbox 1011 1517 1042 1540; x_wconf 80' lang='lat' dir='ltr'>a.</span> 
     </span>
    </p>

    <p class='ocr_par' dir='ltr' id='par_1_10' title="bbox 509 1558 2048 1660">
     <span class='ocr_line' id='line_1_25' title="bbox 509 1558 2048 1608; baseline -0.003 -10"><span class='ocrx_word' id='word_1_211' title='bbox 509 1564 672 1608; x_wconf 87' lang='lat' dir='ltr'>Philippus</span> <span class='ocrx_word' id='word_1_212' title='bbox 697 1563 724 1596; x_wconf 93' lang='lat' dir='ltr'>II</span> <span class='ocrx_word' id='word_1_213' title='bbox 748 1562 974 1606; x_wconf 86' lang='lat' dir='ltr'>Hispaniarum</span> <span class='ocrx_word' id='word_1_214' title='bbox 1006 1570 1062 1595; x_wconf 88' lang='lat' dir='ltr'>rex</span> <span class='ocrx_word' id='word_1_215' title='bbox 1094 1561 1316 1596; x_wconf 83' lang='lat' dir='ltr'>investituram</span> <span class='ocrx_word' id='word_1_216' title='bbox 1344 1561 1437 1606; x_wconf 83' lang='lat' dir='ltr'>regni</span> <span class='ocrx_word' id='word_1_217' title='bbox 1471 1560 1599 1594; x_wconf 84' lang='lat' dir='ltr'>Siciliae</span> <span class='ocrx_word' id='word_1_218' title='bbox 1630 1569 1647 1594; x_wconf 88' lang='lat' dir='ltr'>a</span> <span class='ocrx_word' id='word_1_219' title='bbox 1678 1559 1758 1595; x_wconf 93' lang='lat' dir='ltr'>Iulio</span> <span class='ocrx_word' id='word_1_220' title='bbox 1786 1559 1844 1594; x_wconf 89' lang='lat' dir='ltr'>PP.</span> <span class='ocrx_word' id='word_1_221' title='bbox 1870 1558 1913 1594; x_wconf 93' lang='lat'>111</span> <span class='ocrx_word' id='word_1_222' title='bbox 1942 1560 2048 1605; x_wconf 87' lang='lat' dir='ltr'>impe-</span> 
     </span>
     <span class='ocr_line' id='line_1_26' title="bbox 597 1617 809 1660; baseline -0.014 -8"><span class='ocrx_word' id='word_1_223' title='bbox 597 1621 666 1660; x_wconf 87' lang='lat' dir='ltr'>trat,</span> <span class='ocrx_word' id='word_1_224' title='bbox 693 1617 755 1651; x_wconf 88' lang='grc'>630</span> <span class='ocrx_word' id='word_1_225' title='bbox 781 1627 809 1649; x_wconf 87' lang='grc' dir='ltr'>α.</span> 
     </span>
    </p>

    <p class='ocr_par' dir='ltr' id='par_1_11' title="bbox 510 1666 2055 2198">
     <span class='ocr_line' id='line_1_27' title="bbox 510 1666 2053 1717; baseline -0.002 -12"><span class='ocrx_word' id='word_1_226' title='bbox 510 1672 672 1717; x_wconf 84' lang='lat' dir='ltr'>Philippus</span> <span class='ocrx_word' id='word_1_227' title='bbox 696 1670 738 1704; x_wconf 89' lang='lat'>111</span> <span class='ocrx_word' id='word_1_228' title='bbox 764 1670 986 1714; x_wconf 83' lang='lat' dir='ltr'>Hispaniarum</span> <span class='ocrx_word' id='word_1_229' title='bbox 1012 1674 1043 1704; x_wconf 86' lang='lat' dir='ltr'>et</span> <span class='ocrx_word' id='word_1_230' title='bbox 1068 1669 1280 1714; x_wconf 87' lang='lat' dir='ltr'>Portugalliae</span> <span class='ocrx_word' id='word_1_231' title='bbox 1304 1669 1471 1712; x_wconf 79' lang='lat' dir='ltr'>rex‚10‹1.</span> <span class='ocrx_word' id='word_1_232' title='bbox 1488 1668 1690 1703; x_wconf 83' lang='lat' dir='ltr'>Provinciam</span> <span class='ocrx_word' id='word_1_233' title='bbox 1706 1667 1746 1702; x_wconf 90' lang='lat' dir='ltr'>de</span> <span class='ocrx_word' id='word_1_234' title='bbox 1772 1666 2002 1710; x_wconf 79' lang='lat' dir='ltr'>Pernambuco,</span> <span class='ocrx_word' id='word_1_235' title='bbox 2018 1670 2053 1702; x_wconf 84' lang='lat' dir='ltr'>ut</span> 
     </span>
     <span class='ocr_line' id='line_1_28' title="bbox 598 1721 2053 1770; baseline -0.003 -11"><span class='ocrx_word' id='word_1_236' title='bbox 598 1724 816 1770; x_wconf 85' lang='lat' dir='ltr'>spiritualibus</span> <span class='ocrx_word' id='word_1_237' title='bbox 848 1724 1023 1758; x_wconf 85' lang='lat' dir='ltr'>incolarum</span> <span class='ocrx_word' id='word_1_238' title='bbox 1060 1723 1246 1767; x_wconf 79' lang='lat' dir='ltr'>indigentiis</span> <span class='ocrx_word' id='word_1_239' title='bbox 1278 1724 1481 1766; x_wconf 87' lang='lat' dir='ltr'>consulatur,</span> <span class='ocrx_word' id='word_1_240' title='bbox 1512 1724 1544 1756; x_wconf 93' lang='lat' dir='ltr'>in</span> <span class='ocrx_word' id='word_1_241' title='bbox 1576 1723 1730 1756; x_wconf 62' lang='lat' dir='ltr'>vicariam</span> <span class='ocrx_word' id='word_1_242' title='bbox 1755 1725 1944 1766; x_wconf 86' lang='lat' dir='ltr'>perpetuam</span> <span class='ocrx_word' id='word_1_243' title='bbox 1971 1721 2053 1765; x_wconf 85' lang='lat' dir='ltr'>erigi</span> 
     </span>
     <span class='ocr_line' id='line_1_29' title="bbox 598 1774 2054 1824; baseline -0.004 -10"><span class='ocrx_word' id='word_1_244' title='bbox 598 1780 750 1821; x_wconf 89' lang='lat' dir='ltr'>curat,10</span> <span class='ocrx_word' id='word_1_245' title='bbox 767 1779 793 1812; x_wconf 88' lang='lat' dir='ltr'>b.</span> <span class='ocrx_word' id='word_1_246' title='bbox 819 1779 921 1824; x_wconf 83' lang='lat' dir='ltr'>Atque</span> <span class='ocrx_word' id='word_1_247' title='bbox 946 1780 1042 1813; x_wconf 87' lang='lat' dir='ltr'>etiam</span> <span class='ocrx_word' id='word_1_248' title='bbox 1068 1779 1267 1822; x_wconf 73' lang='lat' dir='ltr'>provinciam</span> <span class='ocrx_word' id='word_1_249' title='bbox 1291 1777 1331 1811; x_wconf 91' lang='lat' dir='ltr'>de</span> <span class='ocrx_word' id='word_1_250' title='bbox 1355 1776 1586 1821; x_wconf 86' lang='lat' dir='ltr'>Mozambique‚</span> <span class='ocrx_word' id='word_1_251' title='bbox 1614 1776 1652 1810; x_wconf 71' lang='lat'>21</span> <span class='ocrx_word' id='word_1_252' title='bbox 1679 1775 1706 1809; x_wconf 81' lang='lat' dir='ltr'>b.</span> <span class='ocrx_word' id='word_1_253' title='bbox 1725 1775 1900 1821; x_wconf 88' lang='lat' dir='ltr'>Tamquam</span> <span class='ocrx_word' id='word_1_254' title='bbox 1918 1774 2054 1809; x_wconf 86' lang='lat' dir='ltr'>admini-</span> 
     </span>
     <span class='ocr_line' id='line_1_30' title="bbox 599 1826 2052 1873; baseline -0.003 -6"><span class='ocrx_word' id='word_1_255' title='bbox 599 1837 710 1867; x_wconf 85' lang='lat' dir='ltr'>strator</span> <span class='ocrx_word' id='word_1_256' title='bbox 732 1832 863 1866; x_wconf 86' lang='lat' dir='ltr'>militiae</span> <span class='ocrx_word' id='word_1_257' title='bbox 888 1833 928 1866; x_wconf 90' lang='lat' dir='ltr'>de</span> <span class='ocrx_word' id='word_1_258' title='bbox 953 1832 1107 1867; x_wconf 86' lang='lat' dir='ltr'>Montesia</span> <span class='ocrx_word' id='word_1_259' title='bbox 1124 1831 1326 1866; x_wconf 79' lang='lat' dir='ltr'>concordiam</span> <span class='ocrx_word' id='word_1_260' title='bbox 1346 1832 1405 1866; x_wconf 90' lang='lat' dir='ltr'>init</span> <span class='ocrx_word' id='word_1_261' title='bbox 1424 1840 1496 1865; x_wconf 86' lang='lat' dir='ltr'>cum</span> <span class='ocrx_word' id='word_1_262' title='bbox 1520 1830 1730 1864; x_wconf 83' lang='lat' dir='ltr'>universitate</span> <span class='ocrx_word' id='word_1_263' title='bbox 1750 1829 1861 1873; x_wconf 87' lang='lat' dir='ltr'>oppidi</span> <span class='ocrx_word' id='word_1_264' title='bbox 1887 1828 1927 1862; x_wconf 91' lang='lat' dir='ltr'>de</span> <span class='ocrx_word' id='word_1_265' title='bbox 1948 1826 2052 1871; x_wconf 88' lang='lat' dir='ltr'>Onda,</span> 
     </span>
     <span class='ocr_line' id='line_1_31' title="bbox 600 1881 2055 1932; baseline -0.003 -12"><span class='ocrx_word' id='word_1_266' title='bbox 600 1887 659 1920; x_wconf 84' lang='lat'>171</span> <span class='ocrx_word' id='word_1_267' title='bbox 687 1897 716 1919; x_wconf 90' lang='grc' dir='ltr'>α.</span> <span class='ocrx_word' id='word_1_268' title='bbox 740 1886 776 1920; x_wconf 91' lang='lat' dir='ltr'>Ei</span> <span class='ocrx_word' id='word_1_269' title='bbox 801 1886 986 1920; x_wconf 82' lang='lat' dir='ltr'>conceditur</span> <span class='ocrx_word' id='word_1_270' title='bbox 1011 1886 1169 1921; x_wconf 88' lang='lat' dir='ltr'>indultum</span> <span class='ocrx_word' id='word_1_271' title='bbox 1194 1886 1353 1932; x_wconf 85' lang='lat' dir='ltr'>quaedam</span> <span class='ocrx_word' id='word_1_272' title='bbox 1370 1886 1624 1919; x_wconf 82' lang='lat' dir='ltr'>extraordinaria</span> <span class='ocrx_word' id='word_1_273' title='bbox 1645 1883 1789 1918; x_wconf 89' lang='lat' dir='ltr'>subsidia</span> <span class='ocrx_word' id='word_1_274' title='bbox 1805 1882 1846 1917; x_wconf 89' lang='lat' dir='ltr'>ah</span> <span class='ocrx_word' id='word_1_275' title='bbox 1863 1881 2055 1916; x_wconf 86' lang='lat' dir='ltr'>ecclesiasti-</span> 
     </span>
     <span class='ocr_line' id='line_1_32' title="bbox 600 1936 2055 1985; baseline -0.003 -10"><span class='ocrx_word' id='word_1_276' title='bbox 600 1943 645 1975; x_wconf 89' lang='lat' dir='ltr'>cis</span> <span class='ocrx_word' id='word_1_277' title='bbox 662 1942 749 1984; x_wconf 82' lang='lat' dir='ltr'>regni</span> <span class='ocrx_word' id='word_1_278' title='bbox 774 1939 927 1975; x_wconf 84' lang='lat' dir='ltr'>Castellac</span> <span class='ocrx_word' id='word_1_279' title='bbox 952 1941 991 1975; x_wconf 90' lang='lat' dir='ltr'>ad</span> <span class='ocrx_word' id='word_1_280' title='bbox 1016 1943 1208 1975; x_wconf 76' lang='lat' dir='ltr'>sexennium</span> <span class='ocrx_word' id='word_1_281' title='bbox 1234 1939 1446 1985; x_wconf 88' lang='lat' dir='ltr'>percipiendi,</span> <span class='ocrx_word' id='word_1_282' title='bbox 1473 1939 1536 1973; x_wconf 73' lang='lat'>424</span> <span class='ocrx_word' id='word_1_283' title='bbox 1561 1938 1588 1972; x_wconf 85' lang='lat' dir='ltr'>b.</span> <span class='ocrx_word' id='word_1_284' title='bbox 1613 1937 1839 1972; x_wconf 85' lang='lat' dir='ltr'>Venerabilem</span> <span class='ocrx_word' id='word_1_285' title='bbox 1867 1936 2055 1971; x_wconf 85' lang='lat' dir='ltr'>Paschalem</span> 
     </span>
     <span class='ocr_line' id='line_1_33' title="bbox 601 1990 2054 2039; baseline -0.003 -10"><span class='ocrx_word' id='word_1_286' title='bbox 601 1994 718 2039; x_wconf 69' lang='lat' dir='ltr'>Baylon</span> <span class='ocrx_word' id='word_1_287' title='bbox 744 1995 909 2029; x_wconf 85' lang='lat' dir='ltr'>Beatorum</span> <span class='ocrx_word' id='word_1_288' title='bbox 934 1995 1005 2029; x_wconf 86' lang='lat' dir='ltr'>albo</span> <span class='ocrx_word' id='word_1_289' title='bbox 1032 1995 1171 2029; x_wconf 81' lang='lat' dir='ltr'>adscribi</span> <span class='ocrx_word' id='word_1_290' title='bbox 1197 1997 1306 2036; x_wconf 86' lang='lat' dir='ltr'>curat,</span> <span class='ocrx_word' id='word_1_291' title='bbox 1334 1994 1397 2028; x_wconf 88' lang='grc'>466</span> <span class='ocrx_word' id='word_1_292' title='bbox 1422 1994 1449 2026; x_wconf 84' lang='grc' dir='ltr'>Ι).</span> <span class='ocrx_word' id='word_1_293' title='bbox 1478 1993 1585 2038; x_wconf 80' lang='lat' dir='ltr'>Atque</span> <span class='ocrx_word' id='word_1_294' title='bbox 1614 1993 1708 2026; x_wconf 89' lang='lat' dir='ltr'>etiam</span> <span class='ocrx_word' id='word_1_295' title='bbox 1739 1991 1870 2026; x_wconf 88' lang='lat' dir='ltr'>beatum</span> <span class='ocrx_word' id='word_1_296' title='bbox 1896 1990 2054 2025; x_wconf 89' lang='lat' dir='ltr'>Isidorum</span> 
     </span>
     <span class='ocr_line' id='line_1_34' title="bbox 602 2044 2055 2092; baseline -0.003 -10"><span class='ocrx_word' id='word_1_297' title='bbox 602 2048 778 2092; x_wconf 81' lang='lat' dir='ltr'>Agricolam</span> <span class='ocrx_word' id='word_1_298' title='bbox 804 2051 885 2083; x_wconf 91' lang='lat' dir='ltr'>inter</span> <span class='ocrx_word' id='word_1_299' title='bbox 910 2050 1041 2084; x_wconf 78' lang='lat' dir='ltr'>Sanctus</span> <span class='ocrx_word' id='word_1_300' title='bbox 1065 2050 1197 2090; x_wconf 85' lang='lat' dir='ltr'>referri,</span> <span class='ocrx_word' id='word_1_301' title='bbox 1225 2049 1288 2082; x_wconf 87' lang='lat'>488</span> <span class='ocrx_word' id='word_1_302' title='bbox 1313 2059 1342 2081; x_wconf 83' lang='lat' dir='ltr'>a.</span> <span class='ocrx_word' id='word_1_303' title='bbox 1368 2046 1615 2081; x_wconf 88' lang='lat' dir='ltr'>Universitatem</span> <span class='ocrx_word' id='word_1_304' title='bbox 1643 2046 1740 2081; x_wconf 89' lang='lat' dir='ltr'>studii</span> <span class='ocrx_word' id='word_1_305' title='bbox 1775 2044 1937 2090; x_wconf 87' lang='lat' dir='ltr'>generalis</span> <span class='ocrx_word' id='word_1_306' title='bbox 1967 2044 2055 2079; x_wconf 89' lang='lat' dir='ltr'>Pam-</span> 
     </span>
     <span class='ocr_line' id='line_1_35' title="bbox 604 2100 2054 2146; baseline 0.001 -12"><span class='ocrx_word' id='word_1_307' title='bbox 604 2103 801 2145; x_wconf 88' lang='lat' dir='ltr'>pilonensem</span> <span class='ocrx_word' id='word_1_308' title='bbox 826 2104 938 2144; x_wconf 80' lang='lat' dir='ltr'>erexit,</span> <span class='ocrx_word' id='word_1_309' title='bbox 957 2103 1019 2136; x_wconf 72' lang='lat'>593</span> <span class='ocrx_word' id='word_1_310' title='bbox 1041 2103 1070 2141; x_wconf 76' lang='grc' dir='ltr'>Ι),</span> <span class='ocrx_word' id='word_1_311' title='bbox 1098 2107 1128 2136; x_wconf 92' lang='lat' dir='ltr'>et</span> <span class='ocrx_word' id='word_1_312' title='bbox 1154 2102 1332 2146; x_wconf 72' lang='lat' dir='ltr'>privilegiis</span> <span class='ocrx_word' id='word_1_313' title='bbox 1358 2101 1553 2143; x_wconf 87' lang='lat' dir='ltr'>cumulavit,</span> <span class='ocrx_word' id='word_1_314' title='bbox 1579 2101 1643 2135; x_wconf 78' lang='lat'>594</span> <span class='ocrx_word' id='word_1_315' title='bbox 1667 2111 1696 2134; x_wconf 84' lang='grc' dir='ltr'>α,</span> <span class='ocrx_word' id='word_1_316' title='bbox 1722 2100 1821 2135; x_wconf 83' lang='lat' dir='ltr'>Instat</span> <span class='ocrx_word' id='word_1_317' title='bbox 1844 2109 1901 2144; x_wconf 89' lang='lat' dir='ltr'>pro</span> <span class='ocrx_word' id='word_1_318' title='bbox 1925 2101 2054 2135; x_wconf 84' lang='lat' dir='ltr'>canoni·</span> 
     </span>
     <span class='ocr_line' id='line_1_36' title="bbox 603 2156 1129 2198; baseline 0.002 -9"><span class='ocrx_word' id='word_1_319' title='bbox 603 2157 723 2190; x_wconf 88' lang='lat' dir='ltr'>zatione</span> <span class='ocrx_word' id='word_1_320' title='bbox 749 2156 780 2190; x_wconf 88' lang='lat' dir='ltr'>B.</span> <span class='ocrx_word' id='word_1_321' title='bbox 805 2156 986 2198; x_wconf 75' lang='lat' dir='ltr'>Theresiae,</span> <span class='ocrx_word' id='word_1_322' title='bbox 1013 2157 1075 2190; x_wconf 73' lang='lat'>678</span> <span class='ocrx_word' id='word_1_323' title='bbox 1102 2157 1129 2190; x_wconf 80' lang='lat' dir='ltr'>b.</span> 
     </span>
    </p>

    <p class='ocr_par' dir='ltr' id='par_1_12' title="bbox 516 2207 2056 2309">
     <span class='ocr_line' id='line_1_37' title="bbox 516 2207 2056 2255; baseline -0.001 -12"><span class='ocrx_word' id='word_1_324' title='bbox 516 2210 678 2254; x_wconf 82' lang='lat' dir='ltr'>Philippus</span> <span class='ocrx_word' id='word_1_325' title='bbox 703 2210 743 2243; x_wconf 88' lang='lat' dir='ltr'>lv</span> <span class='ocrx_word' id='word_1_326' title='bbox 770 2220 825 2243; x_wconf 76' lang='lat' dir='ltr'>rex</span> <span class='ocrx_word' id='word_1_327' title='bbox 850 2210 1072 2253; x_wconf 76' lang='lat' dir='ltr'>Hispaniarum</span> <span class='ocrx_word' id='word_1_328' title='bbox 1099 2211 1378 2255; x_wconf 79' lang='lat' dir='ltr'>Pampilonensem</span> <span class='ocrx_word' id='word_1_329' title='bbox 1402 2210 1647 2244; x_wconf 79' lang='lat' dir='ltr'>universitatem</span> <span class='ocrx_word' id='word_1_330' title='bbox 1671 2207 1850 2243; x_wconf 86' lang='lat' dir='ltr'>studiorum</span> <span class='ocrx_word' id='word_1_331' title='bbox 1874 2208 2056 2243; x_wconf 81' lang='lat' dir='ltr'>confirmari</span> 
     </span>
     <span class='ocr_line' id='line_1_38' title="bbox 605 2261 2056 2309; baseline -0.001 -12"><span class='ocrx_word' id='word_1_332' title='bbox 605 2266 682 2309; x_wconf 88' lang='lat' dir='ltr'>petit</span> <span class='ocrx_word' id='word_1_333' title='bbox 711 2274 729 2298; x_wconf 92' lang='lat' dir='ltr'>a</span> <span class='ocrx_word' id='word_1_334' title='bbox 753 2264 905 2308; x_wconf 80' lang='lat' dir='ltr'>Gregorio</span> <span class='ocrx_word' id='word_1_335' title='bbox 932 2265 1007 2306; x_wconf 76' lang='lat' dir='ltr'>XV,</span> <span class='ocrx_word' id='word_1_336' title='bbox 1033 2265 1095 2298; x_wconf 71' lang='lat'>594</span> <span class='ocrx_word' id='word_1_337' title='bbox 1120 2276 1150 2298; x_wconf 79' lang='lat' dir='ltr'>a.</span> <span class='ocrx_word' id='word_1_338' title='bbox 1176 2265 1322 2299; x_wconf 77' lang='lat' dir='ltr'>Pontifex</span> <span class='ocrx_word' id='word_1_339' title='bbox 1347 2265 1461 2308; x_wconf 83' lang='lat' dir='ltr'>erigit,</span> <span class='ocrx_word' id='word_1_340' title='bbox 1487 2265 1584 2309; x_wconf 87' lang='lat' dir='ltr'>cique</span> <span class='ocrx_word' id='word_1_341' title='bbox 1609 2262 1760 2297; x_wconf 89' lang='lat' dir='ltr'>nonnulla</span> <span class='ocrx_word' id='word_1_342' title='bbox 1791 2261 1963 2307; x_wconf 83' lang='lat' dir='ltr'>privilegia</span> <span class='ocrx_word' id='word_1_343' title='bbox 1979 2261 2056 2296; x_wconf 85' lang='lat' dir='ltr'>elar-</span> 
     </span>
    </p>
   </div>
   <div class='ocr_carea' id='block_1_3' title="bbox 606 2316 2114 2363">
    <p class='ocr_par' dir='ltr' id='par_1_13' title="bbox 606 2316 2114 2363">
     <span class='ocr_line' id='line_1_39' title="bbox 606 2316 2114 2363; baseline -0.001 -11"><span class='ocrx_word' id='word_1_344' title='bbox 606 2321 706 2363; x_wconf 83' lang='lat' dir='ltr'>gitur,</span> <span class='ocrx_word' id='word_1_345' title='bbox 732 2319 794 2352; x_wconf 74' lang='lat'>594</span> <span class='ocrx_word' id='word_1_346' title='bbox 819 2319 846 2351; x_wconf 86' lang='lat' dir='ltr'>b.</span> <span class='ocrx_word' id='word_1_347' title='bbox 883 2318 918 2352; x_wconf 85' lang='lat' dir='ltr'>Ei</span> <span class='ocrx_word' id='word_1_348' title='bbox 952 2319 1132 2353; x_wconf 82' lang='lat' dir='ltr'>facultatem</span> <span class='ocrx_word' id='word_1_349' title='bbox 1165 2320 1322 2353; x_wconf 87' lang='lat' dir='ltr'>concessit</span> <span class='ocrx_word' id='word_1_350' title='bbox 1353 2318 1526 2362; x_wconf 82' lang='lat' dir='ltr'>Gregorius</span> <span class='ocrx_word' id='word_1_351' title='bbox 1556 2317 1613 2351; x_wconf 83' lang='lat' dir='ltr'>XV</span> <span class='ocrx_word' id='word_1_352' title='bbox 1637 2316 1807 2351; x_wconf 85' lang='lat' dir='ltr'>nonnullas</span> <span class='ocrx_word' id='word_1_353' title='bbox 1837 2317 1992 2361; x_wconf 87' lang='lat' dir='ltr'>pecunias</span> <span class='ocrx_word' id='word_1_354' title='bbox 2016 2316 2056 2350; x_wconf 88' lang='lat' dir='ltr'>ab</span> <span class='ocrx_word' id='word_1_355' title='bbox 2111 2323 2114 2326; x_wconf 62' lang='lat'><strong>⁴</strong></span> 
     </span>
    </p>
   </div>
   <div class='ocr_carea' id='block_1_4' title="bbox 604 2370 2058 2737">
    <p class='ocr_par' dir='ltr' id='par_1_14' title="bbox 604 2370 2058 2737">
     <span class='ocr_line' id='line_1_40' title="bbox 604 2370 2056 2417; baseline 0 -12"><span class='ocrx_word' id='word_1_356' title='bbox 604 2372 828 2406; x_wconf 88' lang='lat' dir='ltr'>ecclesiasticis</span> <span class='ocrx_word' id='word_1_357' title='bbox 859 2374 951 2416; x_wconf 82' lang='lat' dir='ltr'>regni</span> <span class='ocrx_word' id='word_1_358' title='bbox 976 2373 1102 2406; x_wconf 79' lang='lat' dir='ltr'>Siciliae</span> <span class='ocrx_word' id='word_1_359' title='bbox 1127 2373 1266 2407; x_wconf 85' lang='lat' dir='ltr'>donativi</span> <span class='ocrx_word' id='word_1_360' title='bbox 1291 2373 1359 2406; x_wconf 91' lang='lat' dir='ltr'>loco</span> <span class='ocrx_word' id='word_1_361' title='bbox 1385 2372 1588 2417; x_wconf 88' lang='lat' dir='ltr'>accipiendi,</span> <span class='ocrx_word' id='word_1_362' title='bbox 1613 2372 1677 2406; x_wconf 83' lang='lat'>600</span> <span class='ocrx_word' id='word_1_363' title='bbox 1702 2383 1722 2405; x_wconf 89' lang='lat' dir='ltr'>a</span> <span class='ocrx_word' id='word_1_364' title='bbox 1745 2382 1806 2416; x_wconf 81' lang='lat' dir='ltr'>seq.</span> <span class='ocrx_word' id='word_1_365' title='bbox 1832 2370 2056 2406; x_wconf 86' lang='lat' dir='ltr'>Investituram</span> 
     </span>
     <span class='ocr_line' id='line_1_41' title="bbox 607 2423 2058 2471; baseline 0 -13"><span class='ocrx_word' id='word_1_366' title='bbox 607 2427 696 2468; x_wconf 84' lang='lat' dir='ltr'>regni</span> <span class='ocrx_word' id='word_1_367' title='bbox 733 2425 858 2459; x_wconf 87' lang='lat' dir='ltr'>Siciliae</span> <span class='ocrx_word' id='word_1_368' title='bbox 891 2435 908 2459; x_wconf 92' lang='lat' dir='ltr'>a</span> <span class='ocrx_word' id='word_1_369' title='bbox 941 2425 1093 2470; x_wconf 85' lang='lat' dir='ltr'>Gregorio</span> <span class='ocrx_word' id='word_1_370' title='bbox 1124 2426 1180 2460; x_wconf 80' lang='lat' dir='ltr'>XV</span> <span class='ocrx_word' id='word_1_371' title='bbox 1214 2426 1354 2470; x_wconf 86' lang='lat' dir='ltr'>obtinet,</span> <span class='ocrx_word' id='word_1_372' title='bbox 1381 2427 1441 2460; x_wconf 82' lang='lat'>631</span> <span class='ocrx_word' id='word_1_373' title='bbox 1469 2427 1496 2460; x_wconf 84' lang='lat' dir='ltr'>b.</span> <span class='ocrx_word' id='word_1_374' title='bbox 1528 2426 1627 2460; x_wconf 88' lang='lat' dir='ltr'>Instat</span> <span class='ocrx_word' id='word_1_375' title='bbox 1657 2436 1715 2471; x_wconf 91' lang='lat' dir='ltr'>pro</span> <span class='ocrx_word' id='word_1_376' title='bbox 1738 2425 1973 2460; x_wconf 83' lang='lat' dir='ltr'>beatificatione</span> <span class='ocrx_word' id='word_1_377' title='bbox 1996 2423 2058 2458; x_wconf 89' lang='lat' dir='ltr'>Ve-</span> 
     </span>
     <span class='ocr_line' id='line_1_42' title="bbox 608 2477 2057 2514; baseline 0.001 -4"><span class='ocrx_word' id='word_1_378' title='bbox 608 2477 781 2511; x_wconf 86' lang='lat' dir='ltr'>nerabilem</span> <span class='ocrx_word' id='word_1_379' title='bbox 814 2479 896 2512; x_wconf 89' lang='lat' dir='ltr'>Petri</span> <span class='ocrx_word' id='word_1_380' title='bbox 935 2480 974 2513; x_wconf 85' lang='lat' dir='ltr'>de</span> <span class='ocrx_word' id='word_1_381' title='bbox 1011 2479 1177 2513; x_wconf 76' lang='lat' dir='ltr'>Alcantara</span> <span class='ocrx_word' id='word_1_382' title='bbox 1214 2481 1277 2514; x_wconf 78' lang='lat'>683</span> <span class='ocrx_word' id='word_1_383' title='bbox 1309 2480 1335 2514; x_wconf 85' lang='lat' dir='ltr'>b.</span> <span class='ocrx_word' id='word_1_384' title='bbox 1365 2479 1550 2514; x_wconf 83' lang='lat' dir='ltr'>Subsidium</span> <span class='ocrx_word' id='word_1_385' title='bbox 1586 2479 1796 2514; x_wconf 88' lang='lat' dir='ltr'>ducentorum</span> <span class='ocrx_word' id='word_1_386' title='bbox 1832 2477 1967 2512; x_wconf 91' lang='lat' dir='ltr'>millium</span> <span class='ocrx_word' id='word_1_387' title='bbox 2000 2486 2057 2512; x_wconf 88' lang='lat' dir='ltr'>au-</span> 
     </span>
     <span class='ocr_line' id='line_1_43' title="bbox 611 2530 2058 2579; baseline 0.001 -15"><span class='ocrx_word' id='word_1_388' title='bbox 611 2541 735 2565; x_wconf 87' lang='lat' dir='ltr'>reorum</span> <span class='ocrx_word' id='word_1_389' title='bbox 759 2533 789 2565; x_wconf 91' lang='lat' dir='ltr'>ei</span> <span class='ocrx_word' id='word_1_390' title='bbox 813 2533 998 2566; x_wconf 86' lang='lat' dir='ltr'>conceditur</span> <span class='ocrx_word' id='word_1_391' title='bbox 1021 2533 1060 2567; x_wconf 86' lang='lat' dir='ltr'>ab</span> <span class='ocrx_word' id='word_1_392' title='bbox 1085 2534 1311 2568; x_wconf 81' lang='lat' dir='ltr'>ecclesiasticis</span> <span class='ocrx_word' id='word_1_393' title='bbox 1336 2533 1585 2579; x_wconf 88' lang='lat' dir='ltr'>persolvendum</span> <span class='ocrx_word' id='word_1_394' title='bbox 1610 2543 1668 2577; x_wconf 90' lang='lat' dir='ltr'>pro</span> <span class='ocrx_word' id='word_1_395' title='bbox 1688 2532 1873 2567; x_wconf 82' lang='lat' dir='ltr'>defensione</span> <span class='ocrx_word' id='word_1_396' title='bbox 1895 2530 2058 2566; x_wconf 88' lang='lat' dir='ltr'>Indiarum</span> 
     </span>
     <span class='ocr_line' id='line_1_44' title="bbox 609 2584 2056 2634; baseline 0.001 -18"><span class='ocrx_word' id='word_1_397' title='bbox 609 2585 807 2618; x_wconf 86' lang='lat' dir='ltr'>orientalium</span> <span class='ocrx_word' id='word_1_398' title='bbox 837 2585 876 2619; x_wconf 90' lang='lat' dir='ltr'>ab</span> <span class='ocrx_word' id='word_1_399' title='bbox 907 2586 1156 2630; x_wconf 86' lang='lat' dir='ltr'>haeretieorum,</span> <span class='ocrx_word' id='word_1_400' title='bbox 1187 2588 1431 2634; x_wconf 82' lang='lat' dir='ltr'>infideliumque</span> <span class='ocrx_word' id='word_1_401' title='bbox 1461 2587 1701 2630; x_wconf 88' lang='lat' dir='ltr'>invasionibus,</span> <span class='ocrx_word' id='word_1_402' title='bbox 1734 2586 1796 2620; x_wconf 82' lang='lat'>697</span> <span class='ocrx_word' id='word_1_403' title='bbox 1825 2585 1842 2619; x_wconf 84' lang='lat' dir='ltr'>b</span> <span class='ocrx_word' id='word_1_404' title='bbox 1869 2595 1931 2630; x_wconf 82' lang='lat' dir='ltr'>seq.</span> <span class='ocrx_word' id='word_1_405' title='bbox 1960 2584 2056 2619; x_wconf 92' lang='lat' dir='ltr'>Aliud</span> 
     </span>
     <span class='ocr_line' id='line_1_45' title="bbox 612 2636 2055 2682; baseline 0.001 -12"><span class='ocrx_word' id='word_1_406' title='bbox 612 2647 735 2682; x_wconf 89' lang='lat' dir='ltr'>quoque</span> <span class='ocrx_word' id='word_1_407' title='bbox 763 2638 938 2674; x_wconf 90' lang='lat' dir='ltr'>subsidium</span> <span class='ocrx_word' id='word_1_408' title='bbox 964 2645 1090 2675; x_wconf 89' lang='lat' dir='ltr'>centum</span> <span class='ocrx_word' id='word_1_409' title='bbox 1118 2640 1252 2674; x_wconf 91' lang='lat' dir='ltr'>millium</span> <span class='ocrx_word' id='word_1_410' title='bbox 1276 2641 1461 2676; x_wconf 88' lang='lat' dir='ltr'>ducatorum</span> <span class='ocrx_word' id='word_1_411' title='bbox 1486 2640 1525 2675; x_wconf 90' lang='lat' dir='ltr'>ab</span> <span class='ocrx_word' id='word_1_412' title='bbox 1550 2640 1776 2675; x_wconf 79' lang='lat' dir='ltr'>ecelesiasticiS</span> <span class='ocrx_word' id='word_1_413' title='bbox 1805 2640 1898 2682; x_wconf 87' lang='lat' dir='ltr'>regni</span> <span class='ocrx_word' id='word_1_414' title='bbox 1921 2636 2055 2672; x_wconf 85' lang='lat' dir='ltr'>Galitiae</span> 
     </span>
     <span class='ocr_line' id='line_1_46' title="bbox 612 2690 2053 2737; baseline 0.003 -14"><span class='ocrx_word' id='word_1_415' title='bbox 612 2690 855 2735; x_wconf 85' lang='lat' dir='ltr'>persolvendum</span> <span class='ocrx_word' id='word_1_416' title='bbox 879 2703 934 2737; x_wconf 88' lang='lat' dir='ltr'>pro</span> <span class='ocrx_word' id='word_1_417' title='bbox 961 2694 1153 2730; x_wconf 78' lang='lat' dir='ltr'>fabricandis</span> <span class='ocrx_word' id='word_1_418' title='bbox 1180 2693 1315 2729; x_wconf 80' lang='lat' dir='ltr'>navibus</span> <span class='ocrx_word' id='word_1_419' title='bbox 1339 2695 1378 2729; x_wconf 85' lang='lat' dir='ltr'>ad</span> <span class='ocrx_word' id='word_1_420' title='bbox 1403 2695 1622 2731; x_wconf 88' lang='lat' dir='ltr'>defensionem</span> <span class='ocrx_word' id='word_1_421' title='bbox 1644 2702 1773 2729; x_wconf 89' lang='lat' dir='ltr'>orarum</span> <span class='ocrx_word' id='word_1_422' title='bbox 1794 2694 2053 2736; x_wconf 85' lang='lat' dir='ltr'>marittimarum,</span> 
     </span>
    </p>
   </div>
   <div class='ocr_carea' id='block_1_5' title="bbox 2196 0 2293 3231">
    <p class='ocr_par' dir='ltr' id='par_1_15' title="bbox 2196 0 2293 3231">
     <span class='ocr_line' id='line_1_47' title="bbox 2196 0 2293 3231; baseline 0 0"><span class='ocrx_word' id='word_1_423' title='bbox 2196 0 2293 3231; x_wconf 95' lang='lat' dir='ltr'> </span> 
     </span>
    </p>
   </div>
  </div>
 </body>
</html>
