2293 3231
304 294 353 322 An.
368 293 396 322 e.
421 292 489 321 ¹622
534 284 597 319 756

380 2266 491 2297 Clausulae

308 2296 488 2319 praeservativae.

500 341 743 386 possessionum,
768 340 941 378 vinearum,
966 338 1165 378 olivetorum,
1187 342 1244 371 ter-

501 405 619 434 rarum,
633 395 774 427 locorum
792 403 828 425 ac
844 392 978 425 aliorum
997 391 1152 424 bonorum
1170 401 1244 434 quo-

501 457 709 489 rumcumque
733 445 873 478 eiusdem
899 444 1072 484 Societatis‚
1097 444 1128 476 in
1153 444 1244 477 dictis

502 501 607 543 regnis
620 500 790 539 dumtaxat,
802 504 830 531 et
844 508 923 542 quae
937 498 1076 542 propriis
1089 497 1243 538 manibus,

501 560 553 586 aut
577 553 775 596 sumptibus,
804 557 835 584 et
861 562 918 595 per
942 551 1091 595 proprios
1115 552 1244 585 colonos

500 617 585 639 nunc
608 606 771 645 excolunt,
796 610 827 637 et
850 615 909 648 pro
934 610 1079 648 tempore
1103 605 1246 638 excolue-

501 659 572 699 rint,
597 659 662 692 sive
687 658 805 702 predia,
825 657 1049 701 possessiones,
1073 658 1197 698 oliveta,
1215 663 1245 690 et

501 712 560 745 alia
584 712 666 745 bona
683 711 863 745 huiusmodi
880 712 918 745 ad
935 712 1133 753 Societatem,
1150 712 1246 745 illius-

501 776 563 809 que
587 765 698 799 domos
722 770 753 798 et
777 765 910 809 collegia
934 772 964 799 et
988 766 1048 798 alia
1072 766 1140 799 loca
1160 776 1246 810 prae-

501 820 582 853 dicta
606 830 642 853 ex
667 830 778 853 eorum
803 819 997 859 fundatione,
1008 824 1060 854 aut
1071 820 1141 852 aliis
1155 820 1247 863 largi-

502 872 649 913 tionibus,
661 872 1028 916 donationibusslegatis,
1043 873 1245 914 testamentis,

502 926 674 967 codicillis,
704 931 757 959 aut
789 926 857 959 aliis
880 926 1000 959 ultimis
1025 927 1246 967 voluntatibus,

501 979 671 1012 unionibus
685 1006 692 1020 ‚
721 979 983 1023 applicationibus
997 1007 1004 1020 ,
1036 979 1246 1013 concessioni-

502 1034 571 1073 bus,
589 1033 804 1077 emptionibus
820 1039 873 1066 aut
889 1033 959 1066 aliis
978 1033 1246 1077 acquisitionibus,

503 1092 534 1120 et
549 1086 625 1120 alias
647 1086 945 1130 quomodocumque
970 1092 1000 1119 et
1024 1087 1247 1130 qualitercum-

502 1150 573 1184 que,
591 1140 743 1173 hactenus
762 1140 823 1173 iam
842 1140 904 1175 sint
927 1140 1089 1184 acquisita,
1107 1140 1171 1173 sive
1193 1140 1248 1173 im-

504 1197 668 1237 posterum
690 1193 729 1226 ad
747 1193 888 1226 eamdem
907 1194 1106 1234 Societatem,
1123 1193 1248 1236 religio-

503 1256 618 1290 sosque
635 1246 718 1279 illius
736 1247 853 1280 deferri
877 1246 1055 1289 contigerit,
1072 1246 1131 1279 nisi
1153 1252 1247 1290 prout

503 1299 556 1332 alii
592 1299 803 1332 Mendicantes
838 1299 961 1333 solvere
995 1305 1246 1340 consueverunt,

504 1352 634 1386 minime
659 1357 824 1386 teneantur
849 1352 1038 1396 (praedictis
1061 1352 1135 1385 dicti
1161 1353 1246 1385 Pauli

503 1405 616 1440 litteris
639 1405 672 1438 in
700 1405 769 1438 aliis
801 1405 949 1438 omnibus
984 1405 1084 1439 firmis
1108 1410 1138 1438 et
1166 1406 1248 1439 illae-

504 1460 546 1492 sis
569 1459 826 1503 remanentibus)
851 1459 1025 1503 apostolica
1050 1460 1247 1501 auctoritate,

505 1518 614 1546 tenore
629 1513 853 1556 praesentium,
874 1512 1076 1546 concedimus
1101 1518 1132 1546 et
1150 1513 1249 1546 indul-

504 1575 630 1608 gemus:
648 1576 705 1598 nec
723 1566 792 1599 illos
811 1576 870 1610 per
893 1565 1160 1609 archiepiscopos,
1181 1566 1248 1610 epi-

505 1629 636 1663 scopos,
661 1619 832 1663 praesules
857 1629 979 1652 necnon
1004 1619 1160 1662 capitula,
1189 1621 1249 1653 col-

505 1672 597 1715 legia,
621 1677 652 1705 et
674 1677 815 1705 rectores
847 1673 1174 1716 metropolitanarum,
1201 1684 1249 1706 ca-

505 1725 706 1766 thedralium,
734 1725 982 1768 collegiatarum,
1006 1726 1247 1770 parochialium,

505 1778 702 1822 aliarumque
723 1779 929 1812 ecclesiarum
954 1779 1113 1812 dictorum
1138 1790 1248 1823 regno-

505 1842 577 1864 rum
601 1842 684 1865 nunc
707 1837 738 1865 et
761 1843 820 1876 pro
851 1836 995 1877 tempore
1027 1832 1194 1866 existentes
1218 1838 1248 1866 et

504 1885 632 1929 quosvis
656 1885 734 1919 alios
759 1885 797 1918 ad
828 1885 1017 1919 solutionem
1050 1886 1245 1919 decimarum

505 1938 698 1979 huiusmodi,
714 1940 836 1973 ratione
854 1939 1013 1973 bonorum
1037 1940 1177 1973 eiusdem
1196 1940 1248 1974 So-

505 1992 636 2034 cietatis‚
656 2003 736 2037 quae
760 1992 897 2037 propriis
922 1993 1068 2026 manibus
1092 1994 1140 2026 vel
1165 2004 1248 2027 sum-

505 2046 623 2090 ptibus,
639 2051 673 2080 ut
696 2047 884 2090 praefertur,
901 2047 1057 2089 excolunt,
1074 2057 1131 2080 seu
1147 2048 1247 2081 excoli

505 2099 622 2132 faciunt
653 2105 707 2132 aut
737 2100 900 2140 excolent,
925 2100 1016 2133 aliter
1047 2100 1247 2142 faciendum,

506 2163 600 2196 quam
615 2156 710 2196 prout
722 2152 797 2186 dicti
813 2152 1023 2186 Mendicantcs
1039 2154 1162 2187 solvere
1177 2164 1248 2188 con-

506 2211 686 2246 sueverunt,
705 2206 776 2249 cogi
801 2211 854 2239 aut
878 2207 1024 2250 compelli
1049 2217 1157 2250 posse;

551 2260 566 2303 g
589 2258 618 2292 3.
644 2259 808 2303 Minusque
828 2270 882 2293 eos
901 2259 1048 2304 desuper,
1065 2260 1247 2294 earumdem

507 2312 682 2346 litterarum
696 2313 783 2346 Pauli
793 2313 815 2346 V
826 2313 1091 2357 praedecessoris,
1101 2324 1156 2347 seu
1169 2325 1247 2358 quo-

507 2377 642 2411 cumque
667 2367 728 2401 alio
753 2368 859 2402 colore
883 2368 931 2401 vel
954 2368 1099 2411 ingenio,
1121 2369 1247 2412 publice

507 2420 554 2452 vel
579 2420 718 2461 occulte,
748 2420 867 2454 directe
892 2421 939 2454 vel
964 2421 1117 2454 indirecte
1142 2423 1244 2455 mole-

507 2473 594 2514 stari,
610 2473 800 2517 perturbari,
814 2479 867 2507 aut
884 2473 1091 2518 inquieta1·i;¹
1105 2485 1250 2518 praesen—

507 2531 615 2569 tesque
639 2526 695 2559 has
726 2532 850 2560 nostras
874 2527 994 2560 litteras
1017 2538 1056 2561 ex
1080 2538 1118 2561 eo
1132 2555 1140 2569 ,
1163 2528 1248 2572 quod

507 2578 650 2612 moderni
674 2580 922 2625 archiepiscopi,
947 2581 1108 2625 episcopi,
1133 2581 1248 2625 aliique

1087 291 1270 315 ntJLLAmtm
1290 291 1442 315 ROMANUM

1277 337 1438 381 praedicti,
1463 342 1494 370 et
1517 337 1569 370 alii
1595 337 1786 381 quicumque
1812 337 1843 370 in
1867 337 2018 382 praemis-

1278 391 1320 424 sis
1344 391 1495 424 interesse
1519 390 1758 434 quomodolibet
1782 390 1944 431 habentes,
1969 391 2018 423 vel

1279 444 1395 476 babere
1405 443 1654 487 praetendentes,
1665 443 1695 475 in
1704 442 1821 475 eisdem
1837 443 2019 486 praemissis

1278 507 1341 531 non
1358 497 1584 537 consenserint,
1601 497 1640 529 ad
1658 507 1758 541 eaque
1776 497 1876 531 vocati
1893 507 1956 530 non
1975 497 2020 530 su-

1279 551 1375 589 erint,
1400 556 1451 583 aut
1480 551 1556 583 alias
1580 561 1617 583 ex
1641 560 1843 594 quocumque
1872 554 1902 584 et
1931 559 2022 583 enor-

1279 604 1455 637 missimae¹
1474 604 1621 637 laesionis
1637 614 1692 636 seu
1711 603 1772 637 alio
1797 603 1898 647 capite
1921 612 2022 646 quan-

1279 658 1393 690 tumvis
1404 658 1546 701 legitimo
1560 662 1590 690 et
1603 657 1738 690 iuridico
1750 656 1788 690 de
1798 656 2022 700 subreptionis,

1280 711 1327 743 vel
1345 711 1549 755 obreptionis,
1562 715 1616 743 aut
1631 710 1782 743 nullitatis
1801 709 1887 750 vitio,
1905 719 1961 742 seu
1977 709 2022 742 in·

1280 764 1426 798 tentionis
1445 769 1571 797 nostrae
1587 764 1635 797 vel
1655 764 1803 808 quopiam
1821 763 1883 796 alio
1899 762 2024 796 defectu

1279 817 1400 858 notari,
1425 817 1623 861 impugnari,
1654 816 1838 857 retractari,
1862 815 2022 856 revocari,

1280 871 1419 914 infringi,
1439 871 1605 911 annullari,
1626 876 1680 904 aut
1703 871 1734 903 in
1753 870 1802 903 ius
1825 870 1874 903 vel
1898 874 2025 903 contro-

1280 925 1414 957 versiam
1435 925 1551 965 vocari,
1568 929 1622 957 aut
1641 924 1681 957 ad
1696 924 1778 956 viam
1805 923 1852 957 vel
1872 922 2024 957 terminos

1280 977 1359 1010 iuris
1383 977 1502 1018 reduci,
1519 988 1575 1011 seu
1599 977 1750 1010 adversus
1768 977 1837 1010 illas
1853 975 2025 1021 quodcum-

1281 1041 1341 1075 que
1366 1031 1455 1071 iuris,
1471 1031 1601 1074 gratiae,
1619 1031 1667 1064 vel
1684 1030 1756 1064 facti
1775 1030 1954 1063 remedium
1969 1029 2025 1062 im-

1280 1085 1398 1128 petrari
1430 1095 1486 1118 seu
1513 1084 1642 1118 concedi
1672 1084 1852 1118 nullatenus
1882 1092 2025 1127 unquam

1282 1147 1392 1181 posse;
1410 1137 1465 1170 sed
1489 1137 1558 1171 illas
1582 1148 1708 1182 semper
1727 1142 1757 1171 et
1775 1142 1930 1182 perpetuo
1953 1135 2026 1170 vali-

1281 1190 1336 1224 das
1367 1196 1397 1224 et
1421 1191 1563 1225 efficaces
1591 1202 1659 1225 esse
1690 1197 1721 1224 et
1748 1191 1832 1232 sore,
1856 1201 1892 1224 ac
1923 1189 2025 1224 dictae

1281 1244 1442 1285 Societati,
1466 1245 1613 1288 illiusque
1636 1245 1801 1285 domibus,
1821 1243 1973 1287 collegiis,
1993 1248 2025 1277 et

1281 1298 1350 1330 aliis
1369 1298 1447 1331 locis
1465 1298 1646 1342 praedictis,
1665 1308 1745 1342 quae
1769 1301 1974 1338 concernunt,
1994 1302 2026 1331 et

1281 1351 1313 1383 in
1337 1351 1479 1384 futurum
1503 1361 1696 1385 concernere
1719 1355 1883 1395 poterunt,
1907 1350 2024 1394 plenis-

1282 1405 1360 1437 sime
1383 1405 1562 1447 suffragari,
1583 1410 1613 1438 et
1636 1405 1676 1437 ab
1701 1404 1857 1445 omnibus,
1881 1403 1921 1436 ad
1944 1413 2025 1447 quos

1282 1461 1400 1500 spectat
1417 1462 1448 1490 et
1466 1458 1619 1501 spectabit
1635 1457 1667 1490 in
1682 1458 1834 1499 futurum,
1851 1456 2023 1497 observari3

1282 1511 1403 1556 sicque,
1417 1516 1448 1544 et
1463 1521 1527 1544 non
1546 1511 1647 1553 aliter,
1664 1522 1722 1556 per
1743 1520 1960 1556 quoscumque
1979 1510 2025 1544 iu-

1281 1565 1366 1598 dices
1390 1569 1420 1599 et
1443 1566 1696 1608 commissarios,
1729 1566 1823 1599 etiam
1855 1574 2024 1599 causarum

1283 1619 1389 1662 palatii
1403 1619 1568 1663 apostolici
1584 1619 1754 1660 auditores,
1768 1629 1804 1653 ac
1821 1619 1850 1653 S.
1865 1619 1900 1652 R.
1912 1618 1946 1652 E.
1959 1628 2026 1652 car-

1282 1672 1410 1713 dinales,
1428 1672 1522 1705 etiam
1547 1672 1585 1705 de
1609 1673 1706 1706 latere
1730 1672 1861 1715 legatos,
1880 1682 1917 1705 ac
1936 1671 2025 1705 Sedis

1281 1727 1480 1770 Apostolicae
1504 1727 1636 1760 nuncios
1653 1726 1789 1770 (sublata
1806 1726 1851 1759 eis
1866 1731 1897 1759 et
1913 1735 2024 1759 eorum

1281 1781 1411 1813 cuilibet
1434 1781 1543 1824 quavis
1570 1781 1661 1814 aliter
1691 1779 1850 1814 iudicandi
1873 1783 1904 1814 et
1926 1779 2024 1812 inter-

1280 1833 1424 1877 pretandi
1456 1834 1634 1876 facultate),
1665 1833 1798 1867 iudicari
1834 1838 1865 1867 et
1897 1831 2024 1866 definiri

1281 1887 1406 1928 debere,
1430 1887 1556 1920 irritum
1581 1897 1707 1931 quoque
1723 1891 1753 1920 et
1769 1887 1861 1919 inane
1885 1884 2025 1920 decerni-

1281 1951 1360 1982 mus,
1378 1940 1403 1973 si
1421 1951 1510 1974 secus
1527 1951 1622 1984 super
1638 1940 1687 1973 his
1700 1950 1718 1972 a
1731 1949 1901 1983 quoquam,
1914 1939 2024 1983 quavis

1279 1994 1475 2035 auctoritate,
1500 1994 1635 2028 scienter
1658 1994 1710 2027 vel
1732 1993 1928 2037 ignoranter,
1951 2003 2025 2027 con-

1282 2047 1387 2091 tigerit
1410 2048 1566 2082 attentari.

1325 2101 1340 2144 g
1363 2101 1394 2134 4.
1418 2101 1571 2141 Quocirca
1602 2102 1773 2135 venerabili
1801 2102 1890 2136 fratri
1914 2101 2023 2136 Ferdi-
2037 2109 2221 2164 dolfflatffitewn

1281 2154 1384 2188 nando
1409 2155 1484 2188 olim
1516 2155 1666 2199 episcopo
1690 2155 1882 2189 Faraonensi
1912 2155 2023 2189 haere-

1281 2208 1361 2241 ticae
1384 2208 1546 2252 pravitatis
1575 2208 1607 2241 in
1631 2209 1841 2252 Portugalliae
1864 2214 1895 2242 et
1917 2209 2024 2253 Algar-

1281 2261 1405 2295 biorum
1419 2261 1526 2305 regnis
1538 2262 1717 2305 inquisitori
1733 2263 1884 2305 generali,
1900 2273 2024 2297 necnon

1282 2314 1399 2347 iurium
1415 2319 1446 2347 et
1462 2315 1636 2358 spoliorum
1653 2325 1798 2349 camerae
1813 2319 1940 2350 nostrae
1951 2326 2024 2360 apo-

1281 2367 1409 2401 stolicae
1432 2367 1464 2400 in
1488 2367 1607 2400 eisdem
1631 2368 1738 2411 regnis
1761 2367 1941 2402 debitorum
1957 2368 2024 2402 col-

1281 2420 1391 2454 lectori
1409 2420 1558 2463 generali,
1576 2420 1698 2454 dilectis
1714 2420 1798 2462 filiis,
1814 2431 1899 2454 nunc
1917 2425 1949 2454 et
1963 2430 2023 2464 pro

1282 2479 1424 2517 tempore
1441 2473 1655 2515 existentibus,
1672 2484 1729 2518 per
1745 2479 1926 2518 praesentes
1939 2484 2024 2508 com-

1282 2527 1436 2561 mittimus
1453 2533 1483 2560 et
1499 2527 1694 2568 mandamus,
1711 2532 1864 2571 quatenus
1883 2527 1955 2571 ipsi,
1973 2527 2022 2561 vel

1281 2581 1354 2622 duo,
1378 2586 1433 2615 aut
1455 2592 1537 2615 unus
1560 2592 1680 2622 eorum,
1697 2591 1754 2625 per
1777 2591 1820 2622 se,
1840 2581 1888 2614 vel
1912 2581 2019 2623 alium,

509 2633 686 2675 praesules,
716 2643 838 2667 necnon
868 2634 1025 2678 capitula,
1049 2638 1080 2668 et
1107 2639 1248 2668 rectores
1281 2645 1335 2668 seu
1351 2635 1439 2676 alios,
1455 2639 1635 2679 praesentes
1654 2635 1773 2668 litteras
1789 2639 1820 2668 et
1836 2634 1867 2668 in
1883 2635 1930 2668 eis
1945 2645 2018 2670 con-

545 2696 558 2722 1
568 2695 668 2723 Vocem
674 2703 730 2732 per
737 2697 848 2726 omnino
858 2700 1016 2726 extraneam
1024 2697 1146 2726 delemus
1156 2697 1248 2734 (ns.)-

1315 2698 1329 2725 1
1351 2697 1422 2725 Edit.
1439 2697 1521 2726 Mein.
1537 2697 1602 2733 legit
1614 2696 1820 2726 enormissima
1835 2698 1872 2734 (a.
1889 2696 1939 2734 au).

2036 289 2086 316 An.
2098 289 2128 317 C.
2149 289 2221 320 ten.
