2293 3231
823 265 923 291 INDEX
949 264 1152 290 RUBRICARUM

316 319 451 364 eiusque
474 318 586 353 relatio
607 318 637 352 in
658 327 825 352 numerum
845 324 966 352 saisoni-
993 339 995 345 ,

316 382 386 406 rum
410 373 590 414 virginum,
615 375 646 404 et
670 372 849 404 festivitatis
881 372 968 404 insti-

318 426 395 458 tutio
434 423 485 457 die
525 425 636 468 quinta
675 425 794 456 mensis
829 422 968 457 octobris

319 478 489 521 quotannis
514 476 735 517 celebrandae,
760 470 834 510 673.

230 529 306 564 LIV.
331 530 487 564 Institutio
512 529 639 573 collegii
673 531 703 563 S.
730 529 969 563 Bonaventurae

320 584 352 616 in
384 584 512 616 civitate
538 583 658 626 Pragac
684 593 740 626 pro
771 583 970 616 studentibus

319 636 450 670 fratrum
464 636 621 670 Minorum
638 636 895 670 conventualium
912 636 971 671 Or-

319 689 403 723 dinis
428 689 458 723 S.
483 689 644 723 Franeisci
669 699 741 723 cum
761 689 971 733 applicatione

318 744 417 776 annui
440 743 582 777 redditus
615 742 654 776 ab
686 744 876 785 imperatore
902 743 973 775 Fer-

319 795 459 830 dinando
483 795 510 829 II
537 797 583 829 eis
608 796 771 838 assignati,
789 796 863 829 682.

231 847 291 881 LV.
308 848 510 883 Confirmatio
535 848 785 892 privilegiorum,
802 850 974 891 gratiarum
999 848 1001 857 ¹

320 905 352 935 et
384 901 603 942 indultorum,
636 905 699 935 tam
737 901 974 944 spiritualium,

322 963 418 999 quam
433 954 666 998 temporalium,
681 964 906 988 concessorum
920 953 976 987 Or-

323 1007 391 1042 dini
423 1011 454 1041 et
482 1008 631 1042 fratribus
660 1010 878 1042 sanctissimae
902 1007 976 1041 Tri-
1001 999 1003 1024 ³

324 1062 430 1095 nitatis
444 1061 671 1105 redemptionis
684 1064 891 1106 captivorum,
901 1062 976 1095 683.

237 1114 313 1150 LVI.
337 1115 531 1149 Beatifieatio
568 1117 653 1149 servi
683 1115 741 1149 Dei
766 1116 870 1149 fratris
894 1116 976 1149 Petri

325 1169 366 1203 de
385 1168 565 1211 Alcantara‚
586 1168 717 1203 Ordinis
733 1169 889 1202 Minorum
908 1171 978 1202 stri-

326 1222 434 1256 ctioris
467 1221 688 1255 observantiae
712 1221 979 1255 Disealceatorum

327 1275 524 1319 professoris,
549 1276 733 1318 provinciae
754 1276 784 1308 S.
805 1275 931 1317 Iosephi
948 1275 979 1307 in

328 1338 427 1372 regno
452 1328 606 1362 Castellae
622 1328 807 1370 fundatoris,
824 1338 896 1362 cum
913 1329 981 1361 offi-

327 1382 378 1415 cio
401 1385 432 1415 et
456 1383 551 1415 missa
575 1383 670 1415 unlus
695 1381 889 1415 Confessoris
919 1391 980 1414 non

330 1435 500 1478 pontificis,
510 1434 562 1468 die
574 1444 629 1468 rix
639 1433 775 1468 octobris
790 1434 981 1467 celebrando

328 1497 347 1522 a
370 1490 434 1522 tota
457 1487 613 1532 religione
638 1487 795 1521 dictorum
814 1487 981 1528 Minorum,

330 1542 405 1575 685.

244 1593 332 1628 LVII.
347 1595 439 1636 Quod
456 1594 571 1628 testum
587 1598 714 1628 sanctae
728 1595 860 1628 Annnae
874 1595 982 1627 matris

330 1649 448 1683 Mariae
484 1648 537 1682 SS.
569 1648 709 1692 Virginis
742 1648 782 1681 de
814 1651 983 1691 praecepto

333 1702 453 1748 ubique
478 1702 675 1744 observetur,
700 1702 773 1736 686.

245 1754 350 1789 LVIII.
374 1755 494 1790 Electio
511 1759 542 1790 et
559 1755 720 1799 deputatio
740 1754 866 1798 Iosephi
891 1763 908 1788 a
924 1754 986 1788 Ma-

335 1812 380 1842 tre
415 1808 475 1842 Dei
514 1810 546 1842 in
585 1810 766 1842 ministrum
801 1807 985 1850 generalem

336 1862 430 1896 totius
449 1860 710 1905 Congregationis
729 1860 922 1894 clericorum
937 1870 986 1894 re-

335 1914 494 1958 gularium
507 1924 683 1958 pauperum
698 1914 804 1948 Matris
817 1914 877 1947 Dei
889 1914 985 1947 Scho—

336 1967 438 2002 larum
461 1967 599 2008 piarum,
620 1970 653 2001 ut
678 1976 739 2001 una
763 1976 834 2000 cum
855 1971 988 2011 quatuor

336 2019 388 2054 hic
412 2020 581 2064 descriptis
612 2021 707 2053 sociis
732 2029 843 2053 vocem
874 2019 989 2054 habeat

337 2074 473 2107 activam
497 2077 528 2107 et
552 2076 719 2117 passivam,
741 2076 902 2117 totumque
922 2082 990 2107 cor-

337 2137 398 2171 pus
420 2126 586 2170 religionis
610 2126 649 2160 ad
676 2127 871 2160 novennium
889 2131 988 2170 regat,

251 2233 326 2269 le.
345 2234 517 2279 Ampliatio
535 2238 566 2268 et
582 2233 752 2268 declaratio
768 2232 990 2276 prohibitionis

341 2287 505 2322 asserendi
530 2287 655 2321 beatam
679 2287 810 2321 Mariam
826 2285 991 2329 Virginem

342 2345 530 2385 conceptam
553 2341 650 2375 fuisse
682 2341 713 2373 in
742 2343 873 2383 peccato
896 2340 992 2382 origi-

343 2394 417 2437 nali,
442 2395 518 2428 688.

255 2448 315 2483 LX.
339 2447 464 2483 Erectio
484 2447 740 2491 congregationis
756 2445 796 2480 de
812 2445 993 2489 Propagan-

345 2501 386 2536 da
409 2500 496 2543 Fide,
513 2501 587 2534 690.

257 2553 334 2590 LXI.
348 2554 490 2589 Annulos
502 2552 726 2594 cardinalium,
740 2554 808 2586 sive
826 2552 961 2595 pretium
976 2561 994 2584 a

345 2607 560 2642 cardinalibus
584 2615 696 2640 recens
715 2606 865 2649 promotis
885 2604 994 2638 annuli

347 2669 442 2696 eausa
457 2659 596 2705 persolvi
614 2658 751 2703 solitum,
771 2661 898 2693 sanctae
914 2656 994 2693 Con-

999 869 1002 890 l

1646 253 1709 284 8755

1106 316 1282 359 gregationi
1313 315 1352 349 de
1376 314 1583 358 Propaganda
1602 314 1676 347 Fide
1703 313 1755 346 ad-

1109 370 1198 410 dicit,
1226 370 1299 401 693.

1022 422 1107 455 LXII.
1125 422 1286 464 linpositio
1304 420 1436 454 subsidii
1453 421 1661 454 ducentorum
1690 418 1757 451 inil-

1110 475 1187 507 lium
1211 477 1369 507 scutorum
1393 483 1411 507 a
1435 475 1525 516 regni
1552 471 1759 513 l’ortugalliae

1111 527 1334 560 ecclesiasticis
1367 528 1434 570 regi
1471 526 1673 570 persolvendi
1704 536 1759 568 pro

1111 581 1294 613 defensioue
1308 579 1468 612 ludiarum
1477 578 1675 612 orientalium
1689 587 1761 611 con-

1113 637 1158 666 tra
1190 635 1368 666 invasiones
1405 634 1635 666 haereticorum
1667 636 1760 674 atque

1114 687 1300 725 infidelium,
1326 688 1399 721 697.

1027 739 1132 773 LXIII.
1158 739 1325 774 Odoardus
1358 740 1488 773 Parmae
1520 744 1549 773 et
1582 739 1760 772 Placentiae

1114 794 1178 827 dux
1197 796 1229 826 in
1244 793 1493 827 cont'alonerium
1509 798 1635 827 sanetae
1654 793 1762 827 Roma-

1115 855 1174 879 nae
1199 846 1361 879 Ecclesiae
1386 847 1578 890 dcsignatur,
1601 847 1672 879 701.

1029 898 1126 931 LXIV.
1143 899 1293 933 Moniales
1307 909 1416 933 omnes
1435 899 1656 942 hospitalariao
1673 901 1762 942 regni

1117 952 1298 994 Galliarum,
1313 955 1457 997 exceptis
1470 953 1520 986 bis
1537 962 1618 997 quae
1638 955 1666 985 in
1686 952 1763 986 urbe

1117 1010 1147 1039 ct
1171 1005 1332 1039 suburbiis
1356 1006 1545 1040 Parisiorum
1571 1015 1764 1039 commoran-

1118 1063 1176 1101 tur,
1191 1058 1432 1093 Ordinariorum
1446 1060 1653 1093 iurisdictioni
1671 1059 1765 1091 subii-

1118 1114 1253 1154 ciuntur,
1277 1114 1349 1146 705.

1031 1164 1119 1198 LXV.
1147 1166 1318 1199 Revocatio
1343 1175 1615 1210 quarumcumque
1635 1175 1764 1199 conces-

1119 1220 1243 1252 sionum
1277 1221 1369 1252 vivae
1402 1221 1487 1252 vocis
1519 1219 1645 1253 oraculo
1677 1220 1767 1252 facta-

1121 1282 1198 1313 rum,
1217 1273 1358 1315 exceptis
1374 1272 1510 1306 oraculis
1527 1274 1614 1305 tactis
1632 1273 1661 1305 S.
1679 1272 1713 1305 ll.
1732 1273 1766 1305 E.

1122 1323 1360 1367 Cardinalibus,
1396 1329 1427 1358 et
1458 1334 1566 1359 eorum
1591 1335 1684 1359 manu
1710 1326 1764 1358 fil·-

1122 1379 1223 1419 matis‚
1248 1379 1322 1412 706.

1034 1430 1136 1463 LXVI.
1158 1431 1272 1465 Contra
1301 1432 1478 1465 haereticos
1505 1434 1535 1466 in
1561 1432 1636 1465 locis
1661 1431 1767 1465 ltaliae

1123 1488 1153 1517 et
1189 1485 1363 1518 insularum
1411 1485 1625 1518 adiacentIum
1661 1487 1771 1529 quovis

1123 1541 1289 1580 praetextu
1320 1542 1565 1579 commorantes,
1599 1547 1770 1581 eorumque

1124 1590 1273 1630 fautores,
1299 1591 1373 1625 708.

1036 1642 1153 1676 LXVII.
1174 1643 1334 1686 Impositio
1359 1644 1553 1678 decimarum
1577 1655 1632 1689 pro
1657 1645 1771 1688 Repu-

1125 1697 1205 1731 blica
1223 1697 1415 1732 Venetorum
1431 1700 1551 1733 ratione
1573 1699 1647 1733 belli
1665 1704 1772 1733 eontra

1125 1750 1251 1793 Tui-cas,
1273 1752 1346 1785 709.

1040 1802 1172 1836 LXVIII.
1197 1804 1352 1848 Episcopo
1381 1805 1539 1839 Adurensi
1573 1807 1774 1839 committitur

1128 1857 1270 1900 regimen
1301 1860 1561 1892 monasteriorum
1593 1858 1775 1892 monialium

1127 1910 1377 1945 Reformatarum
1394 1909 1524 1946 Ordinis
1549 1913 1648 1945 sancti
1668 1912 1775 1945 Bene—

1128 1963 1203 1997 dicti
1223 1965 1254 1996 in
1272 1964 1393 1997 Galliae
1410 1974 1517 2007 regno,
1543 1966 1574 1998 in
1600 1965 1702 1998 locum
1727 1974 1778 1998 ar-

1128 2016 1323 2061 chiepiscopi
1347 2017 1548 2059 Senonensis,
1576 2019 1648 2051 714.

1041 2069 1144 2103 LXIX.
1171 2069 1354 2104 Subsidium
1377 2075 1504 2104 eentum
1523 2071 1657 2104 millium
1681 2072 1777 2105 duca-

1130 2128 1231 2157 torum
1255 2123 1294 2157 ah
1319 2123 1542 2158 ecclesiasticis
1567 2126 1658 2167 regni
1693 2124 1778 2157 Gali-

1130 2179 1190 2211 tiae
1222 2178 1290 2220 regi
1314 2177 1468 2210 catholico
1500 2187 1556 2220 pro
1585 2177 1778 2211 fabricandis

1130 2229 1265 2263 navibus
1289 2229 1328 2263 ad
1353 2229 1570 2263 defendendas
1595 2238 1665 2263 oras
1689 2232 1779 2263 niari-

1129 2285 1219 2317 timas
1244 2292 1285 2316 ex
1316 2282 1567 2316 intestationibus
1598 2283 1781 2317 haeretico-

1131 2347 1200 2370 rum
1234 2340 1265 2369 et
1294 2337 1466 2379 piratarum
1497 2337 1651 2379 praestari
1687 2346 1780 2379 posse

1132 2390 1293 2433 permittit,
1319 2388 1396 2422 715.

1044 2441 1135 2476 Lxx.
1160 2442 1328 2475 Concessio
1353 2441 1500 2475 fratribus
1529 2440 1661 2476 Ordinis
1692 2442 1780 2475 Prae-

1132 2495 1307 2530 dicatorum
1331 2495 1371 2529 de
1396 2497 1529 2529 materia
1560 2495 1782 2538 Conceptionis

1132 2549 1332 2583 beatissimae
1374 2548 1511 2591 Virginis
1548 2548 1664 2581 Mariae
1704 2550 1784 2581 iuter

1132 2612 1167 2635 se
1191 2603 1222 2635 in
1248 2603 1377 2646 privatis
1400 2601 1566 2645 colloquiis
1591 2600 1782 2644 disserendi,
1829 2611 1833 2613 ·
