2293 3231
308 287 356 314 An.
375 288 403 315 C.
420 287 490 316 1613

339 461 493 482 Seminarium-

308 493 350 514 que
359 494 379 508 iu
389 487 446 508 Urbe
456 492 493 516 pro

308 514 388 535 eisdem
423 514 493 534 tratri·

307 540 346 561 bus
369 541 493 566 congrega-

307 567 370 588 noni«
382 568 456 587 ltaliae
465 567 492 587 ad

307 594 376 614 eumd·
387 602 405 614 ιιι
444 594 492 615 rile-

307 623 363 641 ctum
383 620 450 646 eii-git.

332 1734 415 1754 Gratias
438 1734 491 1754 alio-

306 1766 350 1781 rum
390 1766 489 1787 quorum-

302 1792 393 1813 cumque
424 1788 489 1808 Ordi-

307 1819 356 1834 num
366 1814 475 1840 elargitur.

378 2370 488 2392 Clausulas

303 2398 487 2423 praesen-vanvas,

304 2426 324 2442 ct
340 2423 448 2444 decretum
463 2424 488 2444 ir-

303 2450 369 2470 ritans
380 2451 474 2476 apponit.

508 335 670 369 irritamus
688 341 717 368 et
739 336 949 369 annullamus.
967 334 1150 377 viribusque
1167 339 1196 367 et
1214 333 1254 367 ef-

510 389 590 421 fectu
616 399 794 421 vacuamus.

553 443 567 485 5
591 441 620 475 3.
646 441 811 485 Cupientes
836 447 939 473 auu-m
957 441 1030 473 dicti
1051 440 1178 473 Ordinis
1195 442 1253 473 sra-

508 500 572 528 tres
590 495 619 527 in
641 494 693 537 pio
718 505 828 527 eorum
847 494 1070 540 propagandae
1088 493 1252 537 religionis

509 548 575 580 zelo
600 548 779 583 confovere,
796 547 938 591 nihilque
959 547 1044 590 quod
1069 552 1252 580 converten-

508 601 555 634 dis
571 601 608 633 ad
629 601 723 634 fidem
745 601 924 634 infidelibus
937 606 964 633 et
981 600 1167 633 reducendis
1183 601 1253 633 liae-

508 653 614 687 reticis
639 659 855 698 opportunum
874 654 904 686 in
922 654 1054 687 Domino
1076 654 1252 687 iudicamus

507 706 771 750 praetermittere,
790 707 820 739 in
843 707 983 742 aedibus.
1003 718 1060 751 per
1077 706 1177 740 dictos
1194 708 1252 740 sra-

508 765 572 793 tres
597 759 628 792 in
652 760 754 793 Monte
778 760 928 799 Quirinali
961 770 1060 804 prope
1085 760 1250 793 ecelesiam

508 814 692 847 monasterii
719 814 902 847 monialium
935 819 1059 847 sanctae
1091 814 1249 847 Susannae

508 867 546 900 de
573 867 655 909 Urbe
680 867 803 901 noviter
827 867 989 908 extructis,
1005 877 1102 900 unum
1119 867 1251 900 semina-

507 921 590 953 rium
616 920 690 953 dicti
715 920 841 953 Ordinis
857 919 1118 963 Congrogationis
1135 919 1249 961 ltaliae,

508 973 565 1006 sub
591 973 787 1006 invocatione
806 973 902 1006 saneti
926 973 1022 1014 Pauli,
1036 973 1065 1006 in
1085 984 1147 1016 quo
1164 984 1250 1017 prae-

507 1026 581 1060 dicti
606 1026 732 1060 Ordinis
757 1028 880 1067 fratres,
905 1027 956 1070 qui
983 1027 1021 1059 ad
1046 1037 1180 1059 messem
1197 1027 1251 1059 do-

507 1080 655 1113 minicam
680 1080 817 1124 aptiores
835 1080 1034 1120 videbuntur,
1052 1079 1249 1113 diversarum

507 1133 687 1177 linguarum
713 1139 740 1166 et
767 1134 1055 1167 controversiarum
1086 1133 1258 1166 scientiam

507 1186 546 1219 ad
560 1186 746 1220 evertendos
757 1197 883 1220 errores
897 1186 1141 1226 haereticorum,
1156 1187 1250 1219 schis-

507 1240 708 1280 maticorum,
722 1250 957 1280 saracenorum,
975 1240 1138 1283 gentilium
1157 1245 1186 1273 et
1207 1240 1250 1272 iu—

507 1293 676 1333 daeorum,
702 1293 901 1336 aliorumque
926 1293 1118 1334 infidelium,
1143 1304 1249 1326 neees-

507 1346 623 1379 sariam
647 1346 827 1385 addiscere,
854 1353 881 1379 et
908 1347 1081 1379 maioribus
1113 1347 1247 1390 vigiliis,

506 1399 723 1440 abstinentiis,
748 1400 879 1444 aliisque
911 1400 1061 1433 virtutum
1092 1400 1249 1433 exercitiis

507 1464 688 1486 assuescere
713 1454 853 1498 possint,
880 1454 1013 1497 indeque
1040 1454 1165 1495 edocti,
1190 1466 1248 1498 pro

506 1507 638 1540 arbitrio
663 1507 867 1551 superiorum
885 1508 922 1540 ad
948 1507 1123 1541 infidelium
1142 1514 1248 1552 partes

505 1571 565 1605 pro
589 1561 796 1595 conversione
820 1561 996 1594 animarum
1020 1561 1177 1605 proficisci
1199 1561 1248 1595 de-

505 1614 608 1655 beant,
635 1620 734 1655 motu,
760 1615 901 1655 scientia,
919 1620 947 1648 et
965 1615 1129 1659 potestatis
1153 1615 1249 1659 pleni-

506 1667 612 1701 tudine
629 1668 794 1709 similibus,
808 1668 902 1701 etiam
918 1673 1071 1713 perpetuo
1084 1669 1245 1711 erigimus.

549 1722 564 1763 5
588 1720 617 1754 4.
643 1721 706 1754 Nec
730 1731 792 1754 non
818 1721 987 1755 seminario
1005 1721 1197 1763 huiusmodi,
1216 1722 1248 1755 il-

505 1775 628 1819 liusque
652 1775 779 1816 rectori,
805 1780 834 1807 et
859 1775 1018 1816 fratribus,
1043 1775 1127 1819 quod
1145 1777 1247 1809 omni-

503 1828 563 1861 bus
586 1828 770 1873 privilegiis,
796 1828 1055 1869 immunitatibus,
1080 1830 1248 1873 exemptio-

503 1881 608 1922 nibus,
633 1881 848 1921 libertatibus,
873 1881 1086 1922 sacultatibus,
1111 1892 1243 1915 conces-

503 1934 660 1974 sionibus,
685 1934 794 1977 gratiis
817 1939 880 1966 tam
906 1934 1124 1978 spiritualibus
1151 1945 1245 1979 quam

503 1987 730 2031 temporalibus
755 1993 783 2020 et
809 1987 948 2027 indultis,
973 1988 1088 2031 quibus
1112 1988 1164 2021 alii
1190 1989 1246 2021 sra-

504 2044 567 2074 tres
592 2045 656 2073 tam
682 2040 894 2073 mendicantes
912 2051 1006 2084 quam
1031 2050 1093 2073 non
1118 2041 1241 2073 mendi-

503 2099 598 2135 cates,
622 2099 766 2134 utuntur,
790 2094 954 2137 potiuntur
978 2099 1007 2126 et
1032 2094 1184 2136 gaudent,
1209 2106 1244 2127 ac

502 2147 558 2187 uti,
583 2147 676 2191 potiri
703 2152 731 2179 et
752 2147 889 2189 gaudere
906 2151 1038 2190 possunt
1055 2152 1083 2179 et
1097 2152 1245 2191 poterunt

502 2200 737 2244 quomodolibet
763 2200 793 2232 in
818 2200 977 2240 futurum,
1009 2200 1155 2233 similiter
1179 2201 1244 2241 uti,

503 2253 599 2298 potiri
617 2258 644 2287 et
663 2253 801 2296 gaudere
819 2253 936 2297 possint
959 2259 986 2285 et
1013 2253 1156 2293 debeant,
1175 2264 1245 2287 con-

503 2307 645 2341 cedimus
670 2312 699 2340 et
724 2307 933 2350 indulgemus.

548 2361 563 2404 ᾗ
587 2360 615 2394 5.
641 2361 860 2401 Decernentes,
878 2365 1061 2404 praesentes
1078 2360 1197 2394 litteras
1215 2367 1242 2393 et

504 2414 535 2447 in
560 2414 605 2447 eis
621 2417 766 2448 contenta
780 2424 997 2457 quaecumque
1017 2419 1172 2457 perpetuo
1191 2426 1243 2447 va—

504 2467 565 2499 lida
590 2471 620 2501 et
643 2468 780 2501 efficacia
805 2468 889 2507 fore,
921 2478 956 2500 ac
981 2478 1058 2502 suos
1082 2468 1243 2512 plenarios

504 2526 534 2553 et
546 2521 685 2563 integros
702 2520 832 2553 effectus
849 2521 955 2554 sortiri
976 2525 1006 2554 et
1023 2521 1175 2560 obunci-03
1188 2522 1244 2554 sic-

503 2584 563 2617 que
582 2573 612 2605 in
635 2573 817 2616 praemissis
841 2584 898 2617 per
921 2584 1138 2617 quoscumque
1156 2574 1235 2607 iudi-

503 2635 555 2657 ces
579 2625 755 2659 ordinarios
780 2631 810 2659 et
829 2626 998 2669 delegatos,
1023 2627 1116 2659 etiam
1138 2637 1243 2660 causa-

504 2689 574 2712 rum
599 2679 703 2724 palatii
729 2681 891 2724 apostolici
917 2681 1086 2720 auditores,
1110 2680 1240 2714 iudicari

1055 287 1234 314 BULLAth
1254 286 1409 312 Romnum

1285 339 1315 367 et
1344 333 1468 367 definiri
1503 334 1638 371 debere.
1663 346 1696 367 ac
1722 335 1846 368 irritum
1872 341 1899 367 et
1934 335 2026 367 inane

1285 384 1436 428 quicquid
1449 395 1539 417 secus
1552 395 1648 429 super
1665 385 1713 418 his
1731 396 1748 418 a
1763 396 1936 430 quoquam,
1953 395 2026 429 qua-

1284 437 1330 470 vis
1355 437 1561 478 auctoritate,
1587 438 1722 471 scienter
1746 439 1792 471 vel
1819 439 2025 481 ignoranter,

1284 490 1451 533 contigerit
1471 491 1626 524 attentari.

1328 544 1343 585 ,Ε
1357 543 1385 577 6.
1401 545 1469 578 Non
1482 544 1678 577 obstantibus
1692 545 1882 589 praemissis,
1903 556 1938 578 ac
1957 555 2027 578 con-

1284 592 1498 631 stimfionibus
1513 602 1541 630 et
1559 597 1811 631 ordinationibus
1828 597 2025 642 apostolicis,

1283 661 1339 683 nec
1354 661 1417 684 non
1434 650 1597 694 praedicti,
1615 656 1643 683 ct
1661 661 1936 694 quorumcumque
1953 650 2027 684 alio-

1283 714 1355 736 rum
1381 703 1534 737 Ordinum
1559 703 1682 737 statutis
1707 704 1814 743 (etiam
1839 704 2026 740 iuramento.

1284 757 1524 790 confirmatione
1549 756 1734 801 apostolica,
1760 757 1807 789 rel
1831 756 1941 800 quavis
1966 755 2023 789 fir-

1283 809 1391 842 mitate
1416 810 1476 842 alia
1493 810 1676 853 roboratis),
1701 808 1874 853 privilegiis
1890 818 2026 853 quoque,

1283 862 1411 895 indultis
1436 868 1466 896 et
1490 863 1603 896 litteris
1628 862 1820 907 apostolicis,
1837 861 1957 894 eisdem
1974 860 2027 895 Or-

1281 915 1418 957 dinibus,
1432 916 1625 960 illorumque
1643 915 1862 960 superioribus
1879 919 1909 948 et
1921 925 2028 959 perso-

1283 968 1341 1009 nis,
1355 969 1413 1001 suh
1422 969 1674 1014 quibuscumque
1687 969 1850 1002 tenoribus
1863 972 1893 1001 et
1906 967 2025 1003 soi-mis.

1283 1030 1318 1053 ac
1347 1032 1418 1054 cum
1444 1021 1607 1066 quibusvis
1631 1022 1725 1054 etiam
1750 1020 2025 1064 derogatoriarum

1282 1074 1502 1118 derogatoriis‚
1527 1075 1660 1120 aliisque
1685 1074 1915 1108 efficacioribus
1937 1078 1968 1107 et
1983 1073 2026 1107 in-

1283 1128 1382 1161 solitis
1413 1129 1582 1169 clausulis,
1607 1140 1643 1162 ae
1668 1128 1865 1162 irritantibus
1895 1132 1925 1161 et
1957 1126 2026 1160 aliis

1281 1180 1425 1222 decretis,
1439 1182 1470 1215 in
1484 1182 1678 1215 eontrarium
1692 1181 1942 1226 praemissorum
1951 1190 2026 1225 quo-

1282 1235 1454 1269 modolibet
1478 1236 1636 1269 concessis
1653 1235 1848 1269 confirmatis
1868 1240 1897 1268 et
1914 1245 2026 1279 appro-

1282 1287 1372 1321 batis.
1398 1288 1516 1327 Quibus
1533 1288 1680 1321 omnibus
1697 1293 1725 1321 et
1744 1289 1886 1331 singulis,
1903 1288 2024 1322 etiamsi

1282 1351 1340 1384 pro
1354 1341 1483 1375 illorum
1497 1342 1663 1375 sufficienti
1681 1342 1896 1385 derogatione,
1908 1341 1947 1375 de
1963 1341 2024 1375 illis

1281 1404 1453 1438 eorumque
1479 1395 1550 1428 totis
1575 1395 1738 1429 tenoribus
1761 1395 1923 1439 specialis,
1947 1405 2022 1439 spe-

1281 1448 1380 1488 cifica,
1405 1458 1552 1491 expressa
1577 1459 1612 1481 ac.
1638 1448 1808 1490 individua,
1833 1458 1895 1482 non
1919 1454 2025 1483 autem

1283 1511 1340 1544 per
1356 1502 1511 1534 clausulas
1528 1503 1692 1545 generales
1705 1502 1787 1536 idem
1806 1502 2023 1546 importantes,
2041 1535 2043 1538 Α

1283 1555 1400 1588 mentio
1414 1566 1469 1588 scu
1482 1556 1613 1600 quaevis
1634 1555 1693 1588 alia
1707 1556 1868 1600 expressio
1880 1555 2023 1590 habenda

1282 1608 1371 1648 soret,
1398 1613 1524 1641 tenores
1549 1608 1740 1649 huiusmodi,
1765 1619 1801 1642 ac
1825 1609 1850 1641 si
1872 1608 1910 1642 de
1927 1609 2023 1643 verbo

1281 1660 1319 1693 ad
1339 1661 1470 1694 verbum
1488 1662 1714 1703 insererentur,
1731 1662 1950 1705 praesentibus
1964 1672 2023 1706 pro

1281 1715 1372 1757 plene
1397 1720 1425 1747 et
1447 1715 1639 1748 sufficienter
1663 1715 1820 1760 expressis
1844 1721 1874 1749 et
1898 1715 1934 1749 ad
1953 1725 2023 1749 ver-

1281 1768 1354 1800 bum
1381 1768 1506 1801 insertis
1531 1769 1699 1809 habentes,
1724 1769 1786 1802 illis
1810 1769 1885 1802 alias
1909 1769 1940 1803 in
1965 1779 2022 1803 suo

1282 1823 1397 1856 robore
1423 1824 1652 1867 permansuris,
1678 1824 1734 1857 hac
1760 1823 1827 1857 vice
1850 1823 2022 1864 dumtaxat,

1281 1876 1461 1919 specialiter
1485 1882 1513 1909 et
1540 1887 1690 1920 expresse
1713 1876 1920 1919 derogamus,
1945 1881 2024 1909 eete-

1280 1929 1387 1973 risque
1412 1929 1580 1962 contrariis
1605 1929 1865 1973 quibuscumque.

1325 1985 1339 2023 ξ
1365 1981 1392 2014 7.
1420 1982 1572 2014 Volumus
1603 1987 1727 2021 autem,
1752 1987 1783 2015 ut
1810 1983 2022 2025 praesentium

1281 2034 1483 2078 transumptis
1508 2034 1601 2067 etiam
1626 2035 1798 2078 impressis,
1816 2045 1910 2068 manu
1930 2036 2025 2070 alicu-

1280 2088 1327 2120 ius
1351 2088 1464 2121 notarii
1490 2089 1605 2132 publici
1631 2089 1827 2133 subscriptis,
1845 2094 1898 2122 aut
1920 2089 2024 2133 sigillo

1279 2141 1411 2174 alicuius
1428 2152 1581 2185 personae
1595 2142 1626 2174 in
1643 2142 1795 2185 dignitate
1812 2142 2024 2177 ecclesiastica

1279 2195 1466 2228 constitutae
1497 2195 1625 2229 munitis
1649 2196 1759 2229 eadem
1784 2206 1917 2241 prorsus
1946 2196 2024 2230 fides

1279 2248 1309 2280 in
1336 2248 1450 2281 iudicio
1468 2254 1498 2281 et
1522 2254 1608 2281 extra
1625 2249 1822 2289 adhibeatur,
1839 2259 1920 2293 quae
1936 2259 2025 2293 prae-

1279 2301 1419 2334 sentibus
1444 2302 1662 2339 adhiberetur,
1689 2303 1713 2335 si
1739 2303 1841 2336 forent
1865 2302 2023 2336 exhibitae
2068 2339 2079 2349 ‚

1278 2356 1325 2386 vel
1351 2360 1504 2388 ostensae.

1323 2409 1434 2441 Datum
1459 2410 1577 2442 Romae
1602 2410 1683 2453 apud
1709 2415 1852 2443 sanctum
1878 2411 2021 2451 Petrum,

1277 2462 1335 2494 sub
1349 2463 1465 2495 annulo
1477 2462 1643 2496 Piscatoris
1655 2462 1705 2495 die
1716 2473 1759 2496 vn
1773 2463 1877 2496 martii
1888 2473 2020 2505 noenu,

1277 2515 1476 2559 pontificatus
1500 2515 1599 2549 nostri
1624 2525 1706 2548 anno
1731 2525 1796 2549 vul.

1312 2588 1372 2615 Dat.
1394 2587 1438 2614 die
1458 2587 1472 2614 7
1493 2586 1580 2614 martii
1603 2586 1678 2619 ¹613,
1696 2587 1788 2622 pontif.
1807 2596 1850 2615 an.
1864 2595 1922 2615 vui.

2042 286 2090 314 An.
2108 285 2136 314 c.
2158 285 2223 317 iota
2240 264 2268 324 ³¹3⁷

2245 319 2271 344 ἐ

2243 346 2270 363 ὐ

2245 366 2275 388 §2

2253 394 2277 412 γ

2240 415 2272 436 ,⁰5³

2069 559 2163 589 Der-inat
2177 564 2226 582 eon·

2042 589 2121 607 (rarus.

2079 1988 2222 2017 Transumpu·

2040 2015 2099 2036 erodi
2113 2015 2179 2037 iubet.
2229 2013 2242 2023 '
2256 2020 2272 2030 ··
