<?xml version="1.0" encoding="UTF-8"?>
<!DOCTYPE html PUBLIC "-//W3C//DTD XHTML 1.0 Transitional//EN"
    "http://www.w3.org/TR/xhtml1/DTD/xhtml1-transitional.dtd">
<html xmlns="http://www.w3.org/1999/xhtml" xml:lang="en" lang="en">
 <head>
  <title>
</title>
<meta http-equiv="Content-Type" content="text/html;charset=utf-8" />
  <meta name='ocr-system' content='tesseract 3.04.00' />
  <meta name='ocr-capabilities' content='ocr_page ocr_carea ocr_par ocr_line ocrx_word'/>
</head>
<body>
  <div class='ocr_page' id='page_1' title='image "./bullarumdiplomat12cath_0678.png"; bbox 0 0 2293 3231; ppageno 0'>
   <div class='ocr_carea' id='block_1_1' title="bbox 269 289 560 326">
    <p class='ocr_par' dir='ltr' id='par_1_1' title="bbox 269 289 560 326">
     <span class='ocr_line' id='line_1_1' title="bbox 269 289 560 326; baseline -0.017 1"><span class='ocrx_word' id='word_1_1' title='bbox 269 301 316 325; x_wconf 67' lang='lat' dir='ltr'>Au.</span> <span class='ocrx_word' id='word_1_2' title='bbox 334 300 361 323; x_wconf 81' lang='lat' dir='ltr'>c.</span> <span class='ocrx_word' id='word_1_3' title='bbox 384 298 446 326; x_wconf 73' lang='lat'>¹621</span> <span class='ocrx_word' id='word_1_4' title='bbox 496 289 560 323; x_wconf 77' lang='grc'>640</span> 
     </span>
    </p>
   </div>
   <div class='ocr_carea' id='block_1_2' title="bbox 469 296 1238 2627">
    <p class='ocr_par' dir='ltr' id='par_1_2' title="bbox 469 296 1229 654">
     <span class='ocr_line' id='line_1_2' title="bbox 1050 296 1228 320; baseline 0 -1"><span class='ocrx_word' id='word_1_5' title='bbox 1050 296 1228 320; x_wconf 61' lang='lat' dir='ltr'>nummosi</span> 
     </span>
     <span class='ocr_line' id='line_1_3' title="bbox 469 344 1205 388; baseline -0.005 -9"><span class='ocrx_word' id='word_1_6' title='bbox 469 346 607 380; x_wconf 80' lang='lat' dir='ltr'>redditus</span> <span class='ocrx_word' id='word_1_7' title='bbox 631 353 658 378; x_wconf 85' lang='lat' dir='ltr'>et</span> <span class='ocrx_word' id='word_1_8' title='bbox 685 351 855 388; x_wconf 68' lang='lat' dir='ltr'>proventus</span> <span class='ocrx_word' id='word_1_9' title='bbox 890 355 948 387; x_wconf 87' lang='lat' dir='ltr'>per</span> <span class='ocrx_word' id='word_1_10' title='bbox 978 344 1079 376; x_wconf 84' lang='lat' dir='ltr'>dictos</span> <span class='ocrx_word' id='word_1_11' title='bbox 1108 353 1205 387; x_wconf 89' lang='lat' dir='ltr'>expo-</span> 
     </span>
     <span class='ocr_line' id='line_1_4' title="bbox 470 396 1210 441; baseline -0.005 -9"><span class='ocrx_word' id='word_1_12' title='bbox 470 406 587 438; x_wconf 70' lang='lat' dir='ltr'>nentes,</span> <span class='ocrx_word' id='word_1_13' title='bbox 615 403 644 432; x_wconf 89' lang='lat' dir='ltr'>ut</span> <span class='ocrx_word' id='word_1_14' title='bbox 669 397 856 441; x_wconf 70' lang='lat' dir='ltr'>praefertur,</span> <span class='ocrx_word' id='word_1_15' title='bbox 877 396 1009 430; x_wconf 89' lang='lat' dir='ltr'>donatos</span> <span class='ocrx_word' id='word_1_16' title='bbox 1029 402 1057 429; x_wconf 91' lang='lat' dir='ltr'>et</span> <span class='ocrx_word' id='word_1_17' title='bbox 1075 396 1210 438; x_wconf 80' lang='lat' dir='ltr'>assigna-</span> 
     </span>
     <span class='ocr_line' id='line_1_5' title="bbox 470 448 1211 493; baseline -0.004 -10"><span class='ocrx_word' id='word_1_18' title='bbox 470 459 516 484; x_wconf 77' lang='lat' dir='ltr'>tos</span> <span class='ocrx_word' id='word_1_19' title='bbox 532 450 716 486; x_wconf 88' lang='lat' dir='ltr'>(dummodo</span> <span class='ocrx_word' id='word_1_20' title='bbox 734 456 836 482; x_wconf 78' lang='lat' dir='ltr'>tamen</span> <span class='ocrx_word' id='word_1_21' title='bbox 857 459 914 493; x_wconf 91' lang='lat' dir='ltr'>pro</span> <span class='ocrx_word' id='word_1_22' title='bbox 927 448 1067 493; x_wconf 85' lang='lat' dir='ltr'>quolibet</span> <span class='ocrx_word' id='word_1_23' title='bbox 1088 457 1211 481; x_wconf 87' lang='lat' dir='ltr'>corum-</span> 
     </span>
     <span class='ocr_line' id='line_1_6' title="bbox 469 500 1210 545; baseline -0.003 -10"><span class='ocrx_word' id='word_1_24' title='bbox 469 505 539 536; x_wconf 88' lang='lat' dir='ltr'>‹lem</span> <span class='ocrx_word' id='word_1_25' title='bbox 565 503 827 536; x_wconf 68' lang='lat' dir='ltr'>monasteriorum</span> <span class='ocrx_word' id='word_1_26' title='bbox 854 502 963 535; x_wconf 87' lang='lat' dir='ltr'>saltem</span> <span class='ocrx_word' id='word_1_27' title='bbox 981 500 1210 545; x_wconf 69' lang='lat' dir='ltr'>quadringenta</span> 
     </span>
     <span class='ocr_line' id='line_1_7' title="bbox 469 555 1229 613; baseline -0.004 -23"><span class='ocrx_word' id='word_1_28' title='bbox 469 562 555 590; x_wconf 60' lang='lat' dir='ltr'>scuta</span> <span class='ocrx_word' id='word_1_29' title='bbox 577 562 720 590; x_wconf 85' lang='lat' dir='ltr'>monetae</span> <span class='ocrx_word' id='word_1_30' title='bbox 748 556 872 588; x_wconf 83' lang='lat' dir='ltr'>illarum</span> <span class='ocrx_word' id='word_1_31' title='bbox 889 555 1026 613; x_wconf 86' lang='lat' dir='ltr'>partium</span> <span class='ocrx_word' id='word_1_32' title='bbox 1051 555 1229 591; x_wconf 65' lang='lat' dir='ltr'>annuatim,</span> 
     </span>
     <span class='ocr_line' id='line_1_8' title="bbox 470 607 1211 654; baseline -0.001 -13"><span class='ocrx_word' id='word_1_33' title='bbox 470 615 667 654; x_wconf 80' lang='lat' dir='ltr'>pimeniam)</span> <span class='ocrx_word' id='word_1_34' title='bbox 688 608 799 653; x_wconf 80' lang='lat' dir='ltr'>quam&#39;</span> <span class='ocrx_word' id='word_1_35' title='bbox 818 608 923 641; x_wconf 91' lang='lat' dir='ltr'>omnia</span> <span class='ocrx_word' id='word_1_36' title='bbox 941 612 970 642; x_wconf 90' lang='lat' dir='ltr'>et</span> <span class='ocrx_word' id='word_1_37' title='bbox 987 607 1108 651; x_wconf 87' lang='lat' dir='ltr'>singula</span> <span class='ocrx_word' id='word_1_38' title='bbox 1133 607 1211 648; x_wconf 90' lang='lat' dir='ltr'>alia,</span> 
     </span>
    </p>

    <p class='ocr_par' dir='ltr' id='par_1_3' title="bbox 470 661 1212 708">
     <span class='ocr_line' id='line_1_9' title="bbox 470 661 1212 708; baseline 0.001 -15"><span class='ocrx_word' id='word_1_39' title='bbox 470 663 687 708; x_wconf 72' lang='lat' dir='ltr'>pr·opiietates,</span> <span class='ocrx_word' id='word_1_40' title='bbox 704 662 796 702; x_wconf 83' lang='lat' dir='ltr'>bona,</span> <span class='ocrx_word' id='word_1_41' title='bbox 814 672 936 703; x_wconf 88' lang='lat' dir='ltr'>census,</span> <span class='ocrx_word' id='word_1_42' title='bbox 962 661 1113 702; x_wconf 83' lang='lat' dir='ltr'>redditus,</span> <span class='ocrx_word' id='word_1_43' title='bbox 1133 661 1212 701; x_wconf 87' lang='lat' dir='ltr'>iura,</span> 
     </span>
    </p>

    <p class='ocr_par' dir='ltr' id='par_1_4' title="bbox 470 715 1231 867">
     <span class='ocr_line' id='line_1_10' title="bbox 470 715 1231 758; baseline -0.003 -9"><span class='ocrx_word' id='word_1_44' title='bbox 470 716 684 753; x_wconf 70' lang='lat' dir='ltr'><strong>obventiones</strong></span> <span class='ocrx_word' id='word_1_45' title='bbox 708 721 737 748; x_wconf 90' lang='lat' dir='ltr'>et</span> <span class='ocrx_word' id='word_1_46' title='bbox 764 715 976 748; x_wconf 90' lang='lat' dir='ltr'>emolumenta</span> <span class='ocrx_word' id='word_1_47' title='bbox 996 724 1231 758; x_wconf 88' lang='lat' dir='ltr'>quaecumque</span> 
     </span>
     <span class='ocr_line' id='line_1_11' title="bbox 471 755 1231 812; baseline -0.001 -10"><span class='ocrx_word' id='word_1_48' title='bbox 471 770 561 804; x_wconf 88' lang='lat' dir='ltr'>dictis</span> <span class='ocrx_word' id='word_1_49' title='bbox 586 769 709 803; x_wconf 88' lang='lat' dir='ltr'>duobus</span> <span class='ocrx_word' id='word_1_50' title='bbox 734 779 845 802; x_wconf 89' lang='lat' dir='ltr'>monas</span> <span class='ocrx_word' id='word_1_51' title='bbox 832 769 945 808; x_wconf 75' lang='lat' dir='ltr'>teins,</span> <span class='ocrx_word' id='word_1_52' title='bbox 970 774 1003 802; x_wconf 89' lang='lat' dir='ltr'>ut</span> <span class='ocrx_word' id='word_1_53' title='bbox 1026 768 1213 812; x_wconf 84' lang='lat' dir='ltr'>praefertur,</span> <span class='ocrx_word' id='word_1_54' title='bbox 1229 755 1231 796; x_wconf 57' lang='grc' dir='ltr'>ἶ</span> 
     </span>
     <span class='ocr_line' id='line_1_12' title="bbox 472 819 1231 867; baseline -0.001 -11"><span class='ocrx_word' id='word_1_55' title='bbox 472 823 631 867; x_wconf 75' lang='lat' dir='ltr'>erigendis</span> <span class='ocrx_word' id='word_1_56' title='bbox 655 833 712 867; x_wconf 90' lang='lat' dir='ltr'>per</span> <span class='ocrx_word' id='word_1_57' title='bbox 736 833 952 866; x_wconf 87' lang='lat' dir='ltr'>quoscumque</span> <span class='ocrx_word' id='word_1_58' title='bbox 983 819 1231 863; x_wconf 57' lang='lat' dir='ltr'>christifideles}</span> 
     </span>
    </p>

    <p class='ocr_par' dir='ltr' id='par_1_5' title="bbox 470 873 1238 2627">
     <span class='ocr_line' id='line_1_13' title="bbox 470 873 1214 919; baseline -0.003 -10"><span class='ocrx_word' id='word_1_59' title='bbox 470 882 499 909; x_wconf 88' lang='lat' dir='ltr'>et</span> <span class='ocrx_word' id='word_1_60' title='bbox 517 876 616 909; x_wconf 92' lang='lat' dir='ltr'>dictae</span> <span class='ocrx_word' id='word_1_61' title='bbox 631 875 891 919; x_wconf 58' lang='lat' dir='ltr'>congregationis</span> <span class='ocrx_word' id='word_1_62' title='bbox 915 873 1135 919; x_wconf 79' lang='lat' dir='ltr'>hospitalarios</span> <span class='ocrx_word' id='word_1_63' title='bbox 1159 884 1214 908; x_wconf 88' lang='lat' dir='ltr'>seu</span> 
     </span>
     <span class='ocr_line' id='line_1_14' title="bbox 471 917 1232 983; baseline -0.003 -23"><span class='ocrx_word' id='word_1_64' title='bbox 471 926 700 971; x_wconf 76' lang='lat' dir='ltr'>hospitalarias</span> <span class='ocrx_word' id='word_1_65' title='bbox 718 931 769 959; x_wconf 90' lang='lat' dir='ltr'>aut</span> <span class='ocrx_word' id='word_1_66' title='bbox 798 926 930 960; x_wconf 90' lang='lat' dir='ltr'>alicuius</span> <span class='ocrx_word' id='word_1_67' title='bbox 954 935 1065 959; x_wconf 90' lang='lat' dir='ltr'>eorum</span> <span class='ocrx_word' id='word_1_68' title='bbox 1090 917 1232 983; x_wconf 53' lang='lat' dir='ltr'>intuitu,{</span> 
     </span>
     <span class='ocr_line' id='line_1_15' title="bbox 471 978 1213 1024; baseline 0 -12"><span class='ocrx_word' id='word_1_69' title='bbox 471 990 527 1024; x_wconf 81' lang='lat' dir='ltr'>pei</span> <span class='ocrx_word' id='word_1_70' title='bbox 552 979 634 1012; x_wconf 66' lang='lat' dir='ltr'>iiam</span> <span class='ocrx_word' id='word_1_71' title='bbox 659 979 894 1020; x_wconf 82' lang='lat' dir='ltr'>codicilloium,</span> <span class='ocrx_word' id='word_1_72' title='bbox 919 979 1097 1013; x_wconf 89' lang='lat' dir='ltr'>donationis</span> <span class='ocrx_word' id='word_1_73' title='bbox 1121 978 1213 1013; x_wconf 89' lang='lat' dir='ltr'>etiam</span> 
     </span>
     <span class='ocr_line' id='line_1_16' title="bbox 471 1032 1215 1074; baseline 0 -8"><span class='ocrx_word' id='word_1_74' title='bbox 471 1034 552 1067; x_wconf 88' lang='lat' dir='ltr'>inter</span> <span class='ocrx_word' id='word_1_75' title='bbox 578 1033 674 1073; x_wconf 74' lang='lat' dir='ltr'>viros,</span> <span class='ocrx_word' id='word_1_76' title='bbox 692 1038 722 1066; x_wconf 88' lang='lat' dir='ltr'>et</span> <span class='ocrx_word' id='word_1_77' title='bbox 747 1035 841 1067; x_wconf 81' lang='lat' dir='ltr'>causa</span> <span class='ocrx_word' id='word_1_78' title='bbox 867 1033 988 1074; x_wconf 90' lang='lat' dir='ltr'>mortis,</span> <span class='ocrx_word' id='word_1_79' title='bbox 1005 1043 1059 1066; x_wconf 87' lang='lat' dir='ltr'>seu</span> <span class='ocrx_word' id='word_1_80' title='bbox 1085 1032 1215 1066; x_wconf 89' lang='lat' dir='ltr'>alterius</span> 
     </span>
     <span class='ocr_line' id='line_1_17' title="bbox 476 1086 1232 1133; baseline -0.001 -13"><span class='ocrx_word' id='word_1_81' title='bbox 476 1088 701 1132; x_wconf 88' lang='lat' dir='ltr'>cuiuscumque</span> <span class='ocrx_word' id='word_1_82' title='bbox 737 1088 971 1133; x_wconf 76' lang='lat' dir='ltr'>dispositionis,</span> <span class='ocrx_word' id='word_1_83' title='bbox 996 1098 1031 1120; x_wconf 88' lang='lat' dir='ltr'>ac</span> <span class='ocrx_word' id='word_1_84' title='bbox 1064 1087 1157 1120; x_wconf 90' lang='lat' dir='ltr'>etiam</span> <span class='ocrx_word' id='word_1_85' title='bbox 1182 1086 1232 1119; x_wconf 57' lang='lat' dir='ltr'>in*</span> 
     </span>
     <span class='ocr_line' id='line_1_18' title="bbox 472 1141 1214 1186; baseline 0 -12"><span class='ocrx_word' id='word_1_86' title='bbox 472 1141 713 1186; x_wconf 76' lang='lat' dir='ltr'>eleemosynam,</span> <span class='ocrx_word' id='word_1_87' title='bbox 733 1142 779 1175; x_wconf 78' lang='lat' dir='ltr'>vel</span> <span class='ocrx_word' id='word_1_88' title='bbox 799 1141 874 1175; x_wconf 75' lang='lat' dir='ltr'>alias</span> <span class='ocrx_word' id='word_1_89' title='bbox 897 1152 956 1185; x_wconf 91' lang='lat' dir='ltr'>pro</span> <span class='ocrx_word' id='word_1_90' title='bbox 980 1146 1122 1185; x_wconf 88' lang='lat' dir='ltr'>tempore</span> <span class='ocrx_word' id='word_1_91' title='bbox 1139 1151 1214 1184; x_wconf 91' lang='lat' dir='ltr'>quo-</span> 
     </span>
     <span class='ocr_line' id='line_1_19' title="bbox 473 1194 1233 1239; baseline 0 -12"><span class='ocrx_word' id='word_1_92' title='bbox 473 1194 704 1239; x_wconf 87' lang='lat' dir='ltr'>modocumque</span> <span class='ocrx_word' id='word_1_93' title='bbox 720 1222 727 1236; x_wconf 87' lang='lat'>‚</span> <span class='ocrx_word' id='word_1_94' title='bbox 752 1201 782 1228; x_wconf 90' lang='lat' dir='ltr'>et</span> <span class='ocrx_word' id='word_1_95' title='bbox 813 1195 1084 1239; x_wconf 77' lang='lat' dir='ltr'>qualitercumque</span> <span class='ocrx_word' id='word_1_96' title='bbox 1113 1194 1233 1228; x_wconf 73' lang='lat' dir='ltr'>relin-‘</span> 
     </span>
     <span class='ocr_line' id='line_1_20' title="bbox 472 1248 1216 1292; baseline -0.001 -11"><span class='ocrx_word' id='word_1_97' title='bbox 472 1248 594 1292; x_wconf 88' lang='lat' dir='ltr'>quenda</span> <span class='ocrx_word' id='word_1_98' title='bbox 618 1253 648 1281; x_wconf 88' lang='lat' dir='ltr'>et</span> <span class='ocrx_word' id='word_1_99' title='bbox 673 1248 841 1292; x_wconf 84' lang='lat' dir='ltr'>eroganda,</span> <span class='ocrx_word' id='word_1_100' title='bbox 859 1258 894 1281; x_wconf 81' lang='lat' dir='ltr'>ex</span> <span class='ocrx_word' id='word_1_101' title='bbox 913 1254 996 1289; x_wconf 89' lang='lat' dir='ltr'>tunc,</span> <span class='ocrx_word' id='word_1_102' title='bbox 1014 1252 1108 1292; x_wconf 92' lang='lat' dir='ltr'>prout</span> <span class='ocrx_word' id='word_1_103' title='bbox 1133 1252 1216 1291; x_wconf 90' lang='lat' dir='ltr'>post-</span> 
     </span>
     <span class='ocr_line' id='line_1_21' title="bbox 473 1300 1215 1345; baseline 0 -11"><span class='ocrx_word' id='word_1_104' title='bbox 473 1312 567 1345; x_wconf 83' lang='lat' dir='ltr'>quam</span> <span class='ocrx_word' id='word_1_105' title='bbox 591 1302 695 1335; x_wconf 89' lang='lat' dir='ltr'>donati</span> <span class='ocrx_word' id='word_1_106' title='bbox 716 1307 746 1335; x_wconf 89' lang='lat' dir='ltr'>et</span> <span class='ocrx_word' id='word_1_107' title='bbox 770 1302 917 1345; x_wconf 77' lang='lat' dir='ltr'>assignati</span> <span class='ocrx_word' id='word_1_108' title='bbox 946 1312 981 1334; x_wconf 91' lang='lat' dir='ltr'>ac</span> <span class='ocrx_word' id='word_1_109' title='bbox 1010 1300 1119 1335; x_wconf 86' lang='lat' dir='ltr'>relicta</span> <span class='ocrx_word' id='word_1_110' title='bbox 1149 1301 1215 1334; x_wconf 83' lang='lat' dir='ltr'>fue-</span> 
     </span>
     <span class='ocr_line' id='line_1_22' title="bbox 474 1353 1214 1399; baseline -0.001 -11"><span class='ocrx_word' id='word_1_111' title='bbox 474 1355 535 1388; x_wconf 90' lang='lat' dir='ltr'>rint</span> <span class='ocrx_word' id='word_1_112' title='bbox 564 1355 624 1396; x_wconf 80' lang='lat' dir='ltr'>(ita</span> <span class='ocrx_word' id='word_1_113' title='bbox 657 1360 760 1388; x_wconf 90' lang='lat' dir='ltr'>tamen</span> <span class='ocrx_word' id='word_1_114' title='bbox 797 1355 879 1399; x_wconf 90' lang='lat' dir='ltr'>quod</span> <span class='ocrx_word' id='word_1_115' title='bbox 910 1355 999 1388; x_wconf 89' lang='lat' dir='ltr'>liceat</span> <span class='ocrx_word' id='word_1_116' title='bbox 1031 1353 1214 1388; x_wconf 90' lang='lat' dir='ltr'>eorumdem</span> 
     </span>
     <span class='ocr_line' id='line_1_23' title="bbox 474 1407 1215 1452; baseline -0.003 -10"><span class='ocrx_word' id='word_1_117' title='bbox 474 1409 739 1442; x_wconf 75' lang='lat' dir='ltr'>monasteriorum</span> <span class='ocrx_word' id='word_1_118' title='bbox 769 1408 957 1452; x_wconf 85' lang='lat' dir='ltr'>praeposito,</span> <span class='ocrx_word' id='word_1_119' title='bbox 983 1418 1037 1441; x_wconf 85' lang='lat' dir='ltr'>seu</span> <span class='ocrx_word' id='word_1_120' title='bbox 1062 1407 1215 1447; x_wconf 89' lang='lat' dir='ltr'>ministro,</span> 
     </span>
     <span class='ocr_line' id='line_1_24' title="bbox 474 1460 1215 1506; baseline -0.004 -11"><span class='ocrx_word' id='word_1_121' title='bbox 474 1462 640 1506; x_wconf 83' lang='lat' dir='ltr'>superiori,</span> <span class='ocrx_word' id='word_1_122' title='bbox 665 1466 693 1495; x_wconf 87' lang='lat' dir='ltr'>et</span> <span class='ocrx_word' id='word_1_123' title='bbox 720 1461 915 1501; x_wconf 75' lang='lat' dir='ltr'>abbatissae,</span> <span class='ocrx_word' id='word_1_124' title='bbox 944 1472 998 1494; x_wconf 90' lang='lat' dir='ltr'>seu</span> <span class='ocrx_word' id='word_1_125' title='bbox 1028 1460 1215 1504; x_wconf 87' lang='lat' dir='ltr'>priorissae,</span> 
     </span>
     <span class='ocr_line' id='line_1_25' title="bbox 475 1514 1235 1558; baseline -0.004 -9"><span class='ocrx_word' id='word_1_126' title='bbox 475 1526 596 1550; x_wconf 84' lang='lat' dir='ltr'>necnon</span> <span class='ocrx_word' id='word_1_127' title='bbox 621 1515 805 1549; x_wconf 87' lang='lat' dir='ltr'>eorumdem</span> <span class='ocrx_word' id='word_1_128' title='bbox 832 1514 1036 1548; x_wconf 80' lang='lat' dir='ltr'>conventibus</span> <span class='ocrx_word' id='word_1_129' title='bbox 1060 1524 1118 1558; x_wconf 89' lang='lat' dir='ltr'>pro</span> <span class='ocrx_word' id='word_1_130' title='bbox 1143 1515 1235 1547; x_wconf 78' lang='lat' dir='ltr'>tem-¹</span> 
     </span>
     <span class='ocr_line' id='line_1_26' title="bbox 475 1567 1217 1613; baseline -0.003 -10"><span class='ocrx_word' id='word_1_131' title='bbox 475 1580 551 1613; x_wconf 85' lang='lat' dir='ltr'>pore</span> <span class='ocrx_word' id='word_1_132' title='bbox 576 1569 790 1608; x_wconf 79' lang='lat' dir='ltr'>existentibus,</span> <span class='ocrx_word' id='word_1_133' title='bbox 815 1568 1024 1612; x_wconf 83' lang='lat' dir='ltr'>corporalem,</span> <span class='ocrx_word' id='word_1_134' title='bbox 1042 1567 1158 1601; x_wconf 89' lang='lat' dir='ltr'>realem</span> <span class='ocrx_word' id='word_1_135' title='bbox 1188 1570 1217 1601; x_wconf 88' lang='lat' dir='ltr'>et</span> 
     </span>
     <span class='ocr_line' id='line_1_27' title="bbox 477 1621 1235 1657; baseline -0.001 -2"><span class='ocrx_word' id='word_1_136' title='bbox 477 1623 630 1657; x_wconf 74' lang='lat' dir='ltr'>actualem</span> <span class='ocrx_word' id='word_1_137' title='bbox 656 1623 782 1656; x_wconf 89' lang='lat' dir='ltr'>illorum</span> <span class='ocrx_word' id='word_1_138' title='bbox 807 1622 949 1655; x_wconf 91' lang='lat' dir='ltr'>omnium</span> <span class='ocrx_word' id='word_1_139' title='bbox 979 1632 1014 1654; x_wconf 85' lang='lat' dir='ltr'>ac</span> <span class='ocrx_word' id='word_1_140' title='bbox 1044 1621 1162 1654; x_wconf 91' lang='lat' dir='ltr'>iurium</span> <span class='ocrx_word' id='word_1_141' title='bbox 1187 1626 1235 1654; x_wconf 63' lang='lat' dir='ltr'>et*</span> 
     </span>
     <span class='ocr_line' id='line_1_28' title="bbox 476 1677 1216 1721; baseline -0.003 -12"><span class='ocrx_word' id='word_1_142' title='bbox 476 1677 737 1721; x_wconf 74' lang='lat' dir='ltr'>pertinentiarum</span> <span class='ocrx_word' id='word_1_143' title='bbox 774 1686 904 1709; x_wconf 89' lang='lat' dir='ltr'>suorum</span> <span class='ocrx_word' id='word_1_144' title='bbox 941 1685 1216 1719; x_wconf 90' lang='lat' dir='ltr'>quorumcumque</span> 
     </span>
     <span class='ocr_line' id='line_1_29' title="bbox 476 1727 1216 1774; baseline -0.003 -12"><span class='ocrx_word' id='word_1_145' title='bbox 476 1730 705 1774; x_wconf 82' lang='lat' dir='ltr'>possessionem</span> <span class='ocrx_word' id='word_1_146' title='bbox 730 1740 786 1774; x_wconf 87' lang='lat' dir='ltr'>per</span> <span class='ocrx_word' id='word_1_147' title='bbox 806 1740 849 1767; x_wconf 83' lang='lat' dir='ltr'>se,</span> <span class='ocrx_word' id='word_1_148' title='bbox 868 1729 914 1762; x_wconf 87' lang='lat' dir='ltr'>vel</span> <span class='ocrx_word' id='word_1_149' title='bbox 931 1728 1038 1769; x_wconf 85' lang='lat' dir='ltr'>alium,</span> <span class='ocrx_word' id='word_1_150' title='bbox 1057 1738 1111 1761; x_wconf 88' lang='lat' dir='ltr'>seu</span> <span class='ocrx_word' id='word_1_151' title='bbox 1128 1727 1216 1769; x_wconf 87' lang='lat' dir='ltr'>alios,</span> 
     </span>
     <span class='ocr_line' id='line_1_30' title="bbox 476 1781 1235 1823; baseline -0.001 -8"><span class='ocrx_word' id='word_1_152' title='bbox 476 1794 584 1817; x_wconf 79' lang='lat' dir='ltr'>coium</span> <span class='ocrx_word' id='word_1_153' title='bbox 611 1785 657 1816; x_wconf 66' lang='lat' dir='ltr'>iel</span> <span class='ocrx_word' id='word_1_154' title='bbox 683 1794 802 1823; x_wconf 81' lang='lat' dir='ltr'>eainin,</span> <span class='ocrx_word' id='word_1_155' title='bbox 820 1794 855 1816; x_wconf 87' lang='lat' dir='ltr'>ac</span> <span class='ocrx_word' id='word_1_156' title='bbox 882 1781 1158 1823; x_wconf 85' lang='lat' dir='ltr'>monasteriorum,</span> <span class='ocrx_word' id='word_1_157' title='bbox 1186 1786 1235 1814; x_wconf 90' lang='lat' dir='ltr'>ut</span> 
     </span>
     <span class='ocr_line' id='line_1_31' title="bbox 477 1835 1218 1882; baseline -0.004 -11"><span class='ocrx_word' id='word_1_158' title='bbox 477 1838 662 1882; x_wconf 72' lang='lat' dir='ltr'>praefertur,</span> <span class='ocrx_word' id='word_1_159' title='bbox 687 1837 912 1880; x_wconf 73' lang='lat' dir='ltr'>erig-endoium</span> <span class='ocrx_word' id='word_1_160' title='bbox 938 1835 1128 1876; x_wconf 90' lang='lat' dir='ltr'>nominibus,</span> <span class='ocrx_word' id='word_1_161' title='bbox 1149 1845 1218 1880; x_wconf 89' lang='lat' dir='ltr'>pro-</span> 
     </span>
     <span class='ocr_line' id='line_1_32' title="bbox 479 1889 1219 1936; baseline -0.003 -12"><span class='ocrx_word' id='word_1_162' title='bbox 479 1893 546 1936; x_wconf 70' lang='lat' dir='ltr'>przit</span> <span class='ocrx_word' id='word_1_163' title='bbox 571 1891 757 1925; x_wconf 88' lang='lat' dir='ltr'>anctoritate</span> <span class='ocrx_word' id='word_1_164' title='bbox 781 1889 1031 1934; x_wconf 85' lang='lat' dir='ltr'>apprehendere,</span> <span class='ocrx_word' id='word_1_165' title='bbox 1052 1893 1083 1922; x_wconf 90' lang='lat' dir='ltr'>et</span> <span class='ocrx_word' id='word_1_166' title='bbox 1107 1899 1219 1933; x_wconf 88' lang='lat' dir='ltr'>appre-</span> 
     </span>
     <span class='ocr_line' id='line_1_33' title="bbox 478 1943 1219 1988; baseline -0.005 -10"><span class='ocrx_word' id='word_1_167' title='bbox 478 1946 606 1978; x_wconf 88' lang='lat' dir='ltr'>hensam</span> <span class='ocrx_word' id='word_1_168' title='bbox 619 1949 774 1988; x_wconf 88' lang='lat' dir='ltr'>perpetuo</span> <span class='ocrx_word' id='word_1_169' title='bbox 790 1943 937 1983; x_wconf 87' lang='lat' dir='ltr'>retiner‚e</span> <span class='ocrx_word' id='word_1_170' title='bbox 950 1943 1069 1976; x_wconf 85' lang='lat' dir='ltr'>fructus</span> <span class='ocrx_word' id='word_1_171' title='bbox 1082 1951 1219 1986; x_wconf 90' lang='lat' dir='ltr'>quoque,</span> 
     </span>
     <span class='ocr_line' id='line_1_34' title="bbox 478 1991 1238 2040; baseline -0.005 -9"><span class='ocrx_word' id='word_1_172' title='bbox 478 1997 618 2031; x_wconf 87' lang='lat' dir='ltr'>redditus</span> <span class='ocrx_word' id='word_1_173' title='bbox 643 2002 673 2030; x_wconf 90' lang='lat' dir='ltr'>et</span> <span class='ocrx_word' id='word_1_174' title='bbox 697 2001 877 2040; x_wconf 73' lang='lat' dir='ltr'>proventus,</span> <span class='ocrx_word' id='word_1_175' title='bbox 899 1996 978 2035; x_wconf 88' lang='lat' dir='ltr'>iura,</span> <span class='ocrx_word' id='word_1_176' title='bbox 1004 1991 1238 2035; x_wconf 77' lang='lat' dir='ltr'>obventiones,&#39;</span> 
     </span>
     <span class='ocr_line' id='line_1_35' title="bbox 479 2048 1221 2093; baseline -0.005 -9"><span class='ocrx_word' id='word_1_177' title='bbox 479 2057 508 2084; x_wconf 86' lang='lat' dir='ltr'>et</span> <span class='ocrx_word' id='word_1_178' title='bbox 524 2051 736 2084; x_wconf 85' lang='lat' dir='ltr'>emolumenta</span> <span class='ocrx_word' id='word_1_179' title='bbox 760 2060 796 2082; x_wconf 88' lang='lat' dir='ltr'>ex</span> <span class='ocrx_word' id='word_1_180' title='bbox 821 2049 869 2082; x_wconf 90' lang='lat' dir='ltr'>his</span> <span class='ocrx_word' id='word_1_181' title='bbox 894 2048 1109 2093; x_wconf 79' lang='lat' dir='ltr'>provenientia</span> <span class='ocrx_word' id='word_1_182' title='bbox 1127 2057 1221 2092; x_wconf 88' lang='lat' dir='ltr'>quae-</span> 
     </span>
     <span class='ocr_line' id='line_1_36' title="bbox 479 2102 1221 2148; baseline -0.004 -11"><span class='ocrx_word' id='word_1_183' title='bbox 479 2114 624 2148; x_wconf 83' lang='lat' dir='ltr'>cumque,</span> <span class='ocrx_word' id='word_1_184' title='bbox 642 2113 762 2136; x_wconf 86' lang='lat' dir='ltr'>necnon</span> <span class='ocrx_word' id='word_1_185' title='bbox 777 2102 950 2136; x_wconf 86' lang='lat' dir='ltr'>oblationes</span> <span class='ocrx_word' id='word_1_186' title='bbox 963 2106 993 2136; x_wconf 91' lang='lat' dir='ltr'>et</span> <span class='ocrx_word' id='word_1_187' title='bbox 1006 2102 1221 2146; x_wconf 73' lang='lat' dir='ltr'>eleemosynas</span> 
     </span>
     <span class='ocr_line' id='line_1_37' title="bbox 479 2155 1222 2199; baseline -0.004 -9"><span class='ocrx_word' id='word_1_188' title='bbox 479 2157 597 2190; x_wconf 87' lang='lat' dir='ltr'>eisdem</span> <span class='ocrx_word' id='word_1_189' title='bbox 623 2156 843 2193; x_wconf 79' lang='lat' dir='ltr'>monasteriis,</span> <span class='ocrx_word' id='word_1_190' title='bbox 869 2156 1059 2199; x_wconf 89' lang='lat' dir='ltr'>illorumque</span> <span class='ocrx_word' id='word_1_191' title='bbox 1084 2155 1222 2198; x_wconf 87' lang='lat' dir='ltr'>superio-</span> 
     </span>
     <span class='ocr_line' id='line_1_38' title="bbox 480 2208 1223 2254; baseline -0.004 -11"><span class='ocrx_word' id='word_1_192' title='bbox 480 2211 618 2245; x_wconf 87' lang='lat' dir='ltr'>rioribus</span> <span class='ocrx_word' id='word_1_193' title='bbox 642 2221 700 2254; x_wconf 90' lang='lat' dir='ltr'>pro</span> <span class='ocrx_word' id='word_1_194' title='bbox 733 2216 872 2253; x_wconf 86' lang='lat' dir='ltr'>tempore</span> <span class='ocrx_word' id='word_1_195' title='bbox 903 2208 1050 2251; x_wconf 82' lang='lat' dir='ltr'>elargitas</span> <span class='ocrx_word' id='word_1_196' title='bbox 1078 2213 1108 2241; x_wconf 90' lang='lat' dir='ltr'>et</span> <span class='ocrx_word' id='word_1_197' title='bbox 1141 2209 1223 2240; x_wconf 85' lang='lat' dir='ltr'>elar-</span> 
     </span>
     <span class='ocr_line' id='line_1_39' title="bbox 481 2261 1223 2308; baseline -0.005 -10"><span class='ocrx_word' id='word_1_198' title='bbox 481 2264 609 2308; x_wconf 76' lang='lat' dir='ltr'>giendas</span> <span class='ocrx_word' id='word_1_199' title='bbox 635 2263 809 2308; x_wconf 83' lang='lat' dir='ltr'>percipere,</span> <span class='ocrx_word' id='word_1_200' title='bbox 835 2262 982 2305; x_wconf 80' lang='lat' dir='ltr'>exigere,</span> <span class='ocrx_word' id='word_1_201' title='bbox 1008 2262 1121 2301; x_wconf 88' lang='lat' dir='ltr'>levare,</span> <span class='ocrx_word' id='word_1_202' title='bbox 1147 2261 1223 2294; x_wconf 87' lang='lat' dir='ltr'>reci-</span> 
     </span>
     <span class='ocr_line' id='line_1_40' title="bbox 481 2315 1223 2362; baseline -0.004 -12"><span class='ocrx_word' id='word_1_203' title='bbox 481 2329 566 2362; x_wconf 84' lang='lat' dir='ltr'>pere,</span> <span class='ocrx_word' id='word_1_204' title='bbox 580 2327 779 2361; x_wconf 83' lang='lat' dir='ltr'>recuperare,</span> <span class='ocrx_word' id='word_1_205' title='bbox 793 2315 974 2356; x_wconf 87' lang='lat' dir='ltr'>arrendare,</span> <span class='ocrx_word' id='word_1_206' title='bbox 987 2315 1102 2355; x_wconf 83' lang='lat' dir='ltr'>locare,</span> <span class='ocrx_word' id='word_1_207' title='bbox 1113 2324 1223 2358; x_wconf 82' lang='lat' dir='ltr'>regere</span> 
     </span>
     <span class='ocr_line' id='line_1_41' title="bbox 482 2369 1223 2410; baseline -0.005 -6"><span class='ocrx_word' id='word_1_208' title='bbox 482 2378 512 2404; x_wconf 74' lang='lat' dir='ltr'>ct</span> <span class='ocrx_word' id='word_1_209' title='bbox 536 2371 777 2410; x_wconf 88' lang='lat' dir='ltr'>administrare,</span> <span class='ocrx_word' id='word_1_210' title='bbox 798 2380 833 2402; x_wconf 87' lang='lat' dir='ltr'>ac</span> <span class='ocrx_word' id='word_1_211' title='bbox 858 2369 888 2402; x_wconf 92' lang='lat' dir='ltr'>in</span> <span class='ocrx_word' id='word_1_212' title='bbox 913 2379 1024 2402; x_wconf 88' lang='lat' dir='ltr'>corum</span> <span class='ocrx_word' id='word_1_213' title='bbox 1049 2374 1078 2401; x_wconf 90' lang='lat' dir='ltr'>et</span> <span class='ocrx_word' id='word_1_214' title='bbox 1103 2378 1223 2410; x_wconf 86' lang='lat' dir='ltr'>earum,</span> 
     </span>
     <span class='ocr_line' id='line_1_42' title="bbox 484 2421 1225 2468; baseline -0.005 -11"><span class='ocrx_word' id='word_1_215' title='bbox 484 2435 603 2459; x_wconf 88' lang='lat' dir='ltr'>necnon</span> <span class='ocrx_word' id='word_1_216' title='bbox 635 2425 777 2468; x_wconf 87' lang='lat' dir='ltr'>ipsorum</span> <span class='ocrx_word' id='word_1_217' title='bbox 808 2422 1072 2456; x_wconf 87' lang='lat' dir='ltr'>monasteriorum</span> <span class='ocrx_word' id='word_1_218' title='bbox 1107 2427 1138 2454; x_wconf 89' lang='lat' dir='ltr'>et</span> <span class='ocrx_word' id='word_1_219' title='bbox 1168 2421 1225 2454; x_wconf 91' lang='lat' dir='ltr'>ho-</span> 
     </span>
     <span class='ocr_line' id='line_1_43' title="bbox 484 2477 1225 2522; baseline -0.001 -13"><span class='ocrx_word' id='word_1_220' title='bbox 484 2479 644 2522; x_wconf 81' lang='lat' dir='ltr'>spitalium</span> <span class='ocrx_word' id='word_1_221' title='bbox 676 2477 855 2510; x_wconf 89' lang='lat' dir='ltr'>huiusmodi</span> <span class='ocrx_word' id='word_1_222' title='bbox 887 2486 1071 2509; x_wconf 88' lang='lat' dir='ltr'>communes</span> <span class='ocrx_word' id='word_1_223' title='bbox 1096 2485 1172 2509; x_wconf 90' lang='lat' dir='ltr'>usus</span> <span class='ocrx_word' id='word_1_224' title='bbox 1196 2480 1225 2508; x_wconf 89' lang='lat' dir='ltr'>et</span> 
     </span>
     <span class='ocr_line' id='line_1_44' title="bbox 486 2529 1227 2569; baseline -0.003 -6"><span class='ocrx_word' id='word_1_225' title='bbox 486 2531 685 2564; x_wconf 85' lang='lat' dir='ltr'>necessitates</span> <span class='ocrx_word' id='word_1_226' title='bbox 709 2541 744 2563; x_wconf 88' lang='lat' dir='ltr'>ac</span> <span class='ocrx_word' id='word_1_227' title='bbox 770 2529 935 2564; x_wconf 87' lang='lat' dir='ltr'>utilitatem</span> <span class='ocrx_word' id='word_1_228' title='bbox 961 2534 1157 2569; x_wconf 82' lang='lat' dir='ltr'>convertere,</span> <span class='ocrx_word' id='word_1_229' title='bbox 1176 2539 1227 2561; x_wconf 89' lang='lat' dir='ltr'>cu-</span> 
     </span>
     <span class='ocr_line' id='line_1_45' title="bbox 488 2582 1227 2627; baseline -0.001 -11"><span class='ocrx_word' id='word_1_230' title='bbox 488 2585 581 2617; x_wconf 79' lang='lat' dir='ltr'>iusvis</span> <span class='ocrx_word' id='word_1_231' title='bbox 606 2584 731 2617; x_wconf 78' lang='lat' dir='ltr'>licentia</span> <span class='ocrx_word' id='word_1_232' title='bbox 755 2584 890 2627; x_wconf 86' lang='lat' dir='ltr'>desuper</span> <span class='ocrx_word' id='word_1_233' title='bbox 914 2583 1043 2616; x_wconf 89' lang='lat' dir='ltr'>minime</span> <span class='ocrx_word' id='word_1_234' title='bbox 1064 2582 1227 2626; x_wconf 76' lang='lat' dir='ltr'>requisita)</span> 
     </span>
    </p>
   </div>
   <div class='ocr_carea' id='block_1_3' title="bbox 1228 990 1242 2208">
    <p class='ocr_par' dir='ltr' id='par_1_6' title="bbox 1228 990 1242 2208">
     <span class='ocr_line' id='line_1_46' title="bbox 1228 990 1242 2208; baseline 0 0"><span class='ocrx_word' id='word_1_235' title='bbox 1228 990 1242 2208; x_wconf 95' lang='lat' dir='ltr'> </span> 
     </span>
    </p>
   </div>
   <div class='ocr_carea' id='block_1_4' title="bbox 1254 295 1407 319">
    <p class='ocr_par' dir='ltr' id='par_1_7' title="bbox 1254 295 1407 319">
     <span class='ocr_line' id='line_1_47' title="bbox 1254 295 1407 319; baseline -0.007 0"><span class='ocrx_word' id='word_1_236' title='bbox 1254 295 1407 319; x_wconf 65' lang='lat' dir='ltr'>Romnum</span> 
     </span>
    </p>
   </div>
   <div class='ocr_carea' id='block_1_5' title="bbox 1226 341 1986 438">
    <p class='ocr_par' dir='ltr' id='par_1_8' title="bbox 1226 341 1986 438">
     <span class='ocr_line' id='line_1_48' title="bbox 1226 341 1985 386; baseline -0.001 -11"><span class='ocrx_word' id='word_1_237' title='bbox 1226 342 1339 386; x_wconf 51' lang='lat' dir='ltr'>¹plices</span> <span class='ocrx_word' id='word_1_238' title='bbox 1358 348 1389 375; x_wconf 88' lang='lat' dir='ltr'>et</span> <span class='ocrx_word' id='word_1_239' title='bbox 1412 341 1616 386; x_wconf 72' lang='lat' dir='ltr'>appropries,</span> <span class='ocrx_word' id='word_1_240' title='bbox 1652 341 1804 385; x_wconf 86' lang='lat' dir='ltr'>dictisque</span> <span class='ocrx_word' id='word_1_241' title='bbox 1831 345 1985 376; x_wconf 84' lang='lat' dir='ltr'>monaste-</span> 
     </span>
     <span class='ocr_line' id='line_1_49' title="bbox 1226 394 1986 438; baseline 0 -10"><span class='ocrx_word' id='word_1_242' title='bbox 1226 395 1299 428; x_wconf 62' lang='lat' dir='ltr'>,riis</span> <span class='ocrx_word' id='word_1_243' title='bbox 1322 396 1385 428; x_wconf 78' lang='lat' dir='ltr'>una</span> <span class='ocrx_word' id='word_1_244' title='bbox 1410 405 1481 429; x_wconf 89' lang='lat' dir='ltr'>cnm</span> <span class='ocrx_word' id='word_1_245' title='bbox 1506 405 1616 428; x_wconf 90' lang='lat' dir='ltr'>eorum</span> <span class='ocrx_word' id='word_1_246' title='bbox 1642 394 1850 438; x_wconf 85' lang='lat' dir='ltr'>hospitalibus</span> <span class='ocrx_word' id='word_1_247' title='bbox 1870 400 1901 428; x_wconf 83' lang='lat' dir='ltr'>et</span> <span class='ocrx_word' id='word_1_248' title='bbox 1916 404 1986 438; x_wconf 90' lang='lat' dir='ltr'>per-</span> 
     </span>
    </p>
   </div>
   <div class='ocr_carea' id='block_1_6' title="bbox 1228 447 1991 1236">
    <p class='ocr_par' dir='ltr' id='par_1_9' title="bbox 1243 447 1991 1236">
     <span class='ocr_line' id='line_1_50' title="bbox 1244 447 1984 492; baseline -0.001 -11"><span class='ocrx_word' id='word_1_249' title='bbox 1244 448 1392 488; x_wconf 89' lang='lat' dir='ltr'>tinentiis,</span> <span class='ocrx_word' id='word_1_250' title='bbox 1421 448 1475 487; x_wconf 91' lang='lat' dir='ltr'>sic,</span> <span class='ocrx_word' id='word_1_251' title='bbox 1508 453 1542 481; x_wconf 90' lang='lat' dir='ltr'>ut</span> <span class='ocrx_word' id='word_1_252' title='bbox 1566 447 1764 492; x_wconf 88' lang='lat' dir='ltr'>praefertur,</span> <span class='ocrx_word' id='word_1_253' title='bbox 1789 448 1984 485; x_wconf 82' lang='lat' dir='ltr'>constructis.</span> 
     </span>
     <span class='ocr_line' id='line_1_51' title="bbox 1243 500 1984 541; baseline -0.001 -7"><span class='ocrx_word' id='word_1_254' title='bbox 1243 500 1415 534; x_wconf 86' lang='lat' dir='ltr'>aedificatis</span> <span class='ocrx_word' id='word_1_255' title='bbox 1429 528 1436 541; x_wconf 91' lang='lat'>,</span> <span class='ocrx_word' id='word_1_256' title='bbox 1462 500 1617 535; x_wconf 87' lang='lat' dir='ltr'>distinctis</span> <span class='ocrx_word' id='word_1_257' title='bbox 1631 527 1638 540; x_wconf 94' lang='lat'>,</span> <span class='ocrx_word' id='word_1_258' title='bbox 1663 500 1796 540; x_wconf 89' lang='lat' dir='ltr'>dotatis,</span> <span class='ocrx_word' id='word_1_259' title='bbox 1820 500 1934 533; x_wconf 88' lang='lat' dir='ltr'>erectis</span> <span class='ocrx_word' id='word_1_260' title='bbox 1957 506 1984 533; x_wconf 84' lang='lat' dir='ltr'>et</span> 
     </span>
     <span class='ocr_line' id='line_1_52' title="bbox 1245 553 1987 594; baseline -0.001 -7"><span class='ocrx_word' id='word_1_261' title='bbox 1245 554 1415 594; x_wconf 88' lang='lat' dir='ltr'>institutis,</span> <span class='ocrx_word' id='word_1_262' title='bbox 1442 554 1568 588; x_wconf 89' lang='lat' dir='ltr'>Petrum</span> <span class='ocrx_word' id='word_1_263' title='bbox 1605 560 1635 587; x_wconf 89' lang='lat' dir='ltr'>et</span> <span class='ocrx_word' id='word_1_264' title='bbox 1658 553 1815 588; x_wconf 76' lang='lat' dir='ltr'>Andream</span> <span class='ocrx_word' id='word_1_265' title='bbox 1833 580 1840 594; x_wconf 93' lang='lat'>‚</span> <span class='ocrx_word' id='word_1_266' title='bbox 1865 563 1987 588; x_wconf 88' lang='lat' dir='ltr'>necnon</span> 
     </span>
     <span class='ocr_line' id='line_1_53' title="bbox 1228 607 1986 652; baseline -0.001 -11.977"><span class='ocrx_word' id='word_1_267' title='bbox 1228 607 1409 648; x_wconf 83' lang='lat' dir='ltr'>Renatum,</span> <span class='ocrx_word' id='word_1_268' title='bbox 1427 613 1455 641; x_wconf 87' lang='lat' dir='ltr'>et</span> <span class='ocrx_word' id='word_1_269' title='bbox 1477 607 1667 652; x_wconf 87' lang='lat' dir='ltr'>Philippum,</span> <span class='ocrx_word' id='word_1_270' title='bbox 1683 617 1719 640; x_wconf 92' lang='lat' dir='ltr'>ac</span> <span class='ocrx_word' id='word_1_271' title='bbox 1743 607 1942 647; x_wconf 84' lang='lat' dir='ltr'>Maturinum‚</span> <span class='ocrx_word' id='word_1_272' title='bbox 1958 612 1986 640; x_wconf 91' lang='lat' dir='ltr'>et</span> 
     </span>
     <span class='ocr_line' id='line_1_54' title="bbox 1228 657 1989 705; baseline 0 -11"><span class='ocrx_word' id='word_1_273' title='bbox 1228 657 1404 702; x_wconf 89' lang='lat' dir='ltr'>loannem,</span> <span class='ocrx_word' id='word_1_274' title='bbox 1429 671 1552 695; x_wconf 88' lang='lat' dir='ltr'>necnon</span> <span class='ocrx_word' id='word_1_275' title='bbox 1577 661 1740 702; x_wconf 87' lang='lat' dir='ltr'>Marinum,</span> <span class='ocrx_word' id='word_1_276' title='bbox 1765 665 1860 705; x_wconf 89' lang='lat' dir='ltr'>prout</span> <span class='ocrx_word' id='word_1_277' title='bbox 1884 663 1915 695; x_wconf 84' lang='lat' dir='ltr'>et</span> <span class='ocrx_word' id='word_1_278' title='bbox 1937 659 1989 694; x_wconf 90' lang='lat' dir='ltr'>Ca-</span> 
     </span>
     <span class='ocr_line' id='line_1_55' title="bbox 1228 705 1987 756; baseline -0.001 -7.974"><span class='ocrx_word' id='word_1_279' title='bbox 1228 705 1413 756; x_wconf 76' lang='lat' dir='ltr'>thermum,</span> <span class='ocrx_word' id='word_1_280' title='bbox 1441 725 1476 748; x_wconf 89' lang='lat' dir='ltr'>ac</span> <span class='ocrx_word' id='word_1_281' title='bbox 1500 714 1700 748; x_wconf 81' lang='lat' dir='ltr'>Franciscam</span> <span class='ocrx_word' id='word_1_282' title='bbox 1714 741 1722 755; x_wconf 89' lang='lat'>,</span> <span class='ocrx_word' id='word_1_283' title='bbox 1745 723 1867 747; x_wconf 85' lang='lat' dir='ltr'>necnon</span> <span class='ocrx_word' id='word_1_284' title='bbox 1897 713 1987 748; x_wconf 87' lang='lat' dir='ltr'>Clau-</span> 
     </span>
     <span class='ocr_line' id='line_1_56' title="bbox 1247 766 1988 808; baseline -0.001 -7"><span class='ocrx_word' id='word_1_285' title='bbox 1247 767 1340 808; x_wconf 90' lang='lat' dir='ltr'>diam,</span> <span class='ocrx_word' id='word_1_286' title='bbox 1365 778 1401 801; x_wconf 89' lang='lat' dir='ltr'>ac</span> <span class='ocrx_word' id='word_1_287' title='bbox 1430 768 1579 802; x_wconf 87' lang='lat' dir='ltr'>loannam</span> <span class='ocrx_word' id='word_1_288' title='bbox 1604 768 1633 801; x_wconf 84' lang='lat' dir='ltr'>le</span> <span class='ocrx_word' id='word_1_289' title='bbox 1657 767 1729 807; x_wconf 89' lang='lat' dir='ltr'>Bis,</span> <span class='ocrx_word' id='word_1_290' title='bbox 1753 771 1784 800; x_wconf 89' lang='lat' dir='ltr'>et</span> <span class='ocrx_word' id='word_1_291' title='bbox 1806 766 1936 800; x_wconf 86' lang='lat' dir='ltr'>Mariam</span> <span class='ocrx_word' id='word_1_292' title='bbox 1960 767 1988 800; x_wconf 86' lang='lat' dir='ltr'>le</span> 
     </span>
     <span class='ocr_line' id='line_1_57' title="bbox 1230 819 1990 875; baseline -0.003 -19.954"><span class='ocrx_word' id='word_1_293' title='bbox 1230 821 1358 875; x_wconf 89' lang='lat' dir='ltr'>Caron,</span> <span class='ocrx_word' id='word_1_294' title='bbox 1374 831 1410 855; x_wconf 91' lang='lat' dir='ltr'>ac</span> <span class='ocrx_word' id='word_1_295' title='bbox 1427 821 1575 856; x_wconf 89' lang='lat' dir='ltr'>Ioannam</span> <span class='ocrx_word' id='word_1_296' title='bbox 1599 820 1638 854; x_wconf 90' lang='lat' dir='ltr'>de</span> <span class='ocrx_word' id='word_1_297' title='bbox 1657 820 1784 865; x_wconf 78' lang='lat' dir='ltr'>Sausay,</span> <span class='ocrx_word' id='word_1_298' title='bbox 1800 829 1923 854; x_wconf 87' lang='lat' dir='ltr'>necnon</span> <span class='ocrx_word' id='word_1_299' title='bbox 1938 819 1990 854; x_wconf 87' lang='lat' dir='ltr'>Ca-</span> 
     </span>
     <span class='ocr_line' id='line_1_58' title="bbox 1230 861 1989 918; baseline -0.001 -9.976"><span class='ocrx_word' id='word_1_300' title='bbox 1230 861 1407 918; x_wconf 89' lang='lat' dir='ltr'>rolottam,</span> <span class='ocrx_word' id='word_1_301' title='bbox 1428 885 1464 909; x_wconf 87' lang='lat' dir='ltr'>ac</span> <span class='ocrx_word' id='word_1_302' title='bbox 1488 874 1617 908; x_wconf 83' lang='lat' dir='ltr'>Mariam</span> <span class='ocrx_word' id='word_1_303' title='bbox 1642 873 1786 914; x_wconf 87' lang='lat' dir='ltr'>Bouvier,</span> <span class='ocrx_word' id='word_1_304' title='bbox 1800 878 1989 918; x_wconf 85' lang='lat' dir='ltr'>exponentes</span> 
     </span>
     <span class='ocr_line' id='line_1_59' title="bbox 1247 926 1990 972; baseline -0.001 -11"><span class='ocrx_word' id='word_1_305' title='bbox 1247 928 1413 972; x_wconf 86' lang='lat' dir='ltr'>praefatos,</span> <span class='ocrx_word' id='word_1_306' title='bbox 1434 931 1464 962; x_wconf 91' lang='lat' dir='ltr'>et</span> <span class='ocrx_word' id='word_1_307' title='bbox 1487 928 1512 961; x_wconf 91' lang='lat' dir='ltr'>si</span> <span class='ocrx_word' id='word_1_308' title='bbox 1537 937 1618 972; x_wconf 91' lang='lat' dir='ltr'>quos</span> <span class='ocrx_word' id='word_1_309' title='bbox 1641 927 1720 961; x_wconf 88' lang='lat' dir='ltr'>alios</span> <span class='ocrx_word' id='word_1_310' title='bbox 1744 927 1792 960; x_wconf 85' lang='lat' dir='ltr'>vel</span> <span class='ocrx_word' id='word_1_311' title='bbox 1815 926 1892 960; x_wconf 87' lang='lat' dir='ltr'>alias</span> <span class='ocrx_word' id='word_1_312' title='bbox 1916 932 1990 960; x_wconf 84' lang='lat' dir='ltr'>tem-</span> 
     </span>
     <span class='ocr_line' id='line_1_60' title="bbox 1248 979 1989 1025; baseline 0 -11"><span class='ocrx_word' id='word_1_313' title='bbox 1248 991 1326 1025; x_wconf 86' lang='lat' dir='ltr'>pore</span> <span class='ocrx_word' id='word_1_314' title='bbox 1349 981 1530 1025; x_wconf 83' lang='lat' dir='ltr'>primaevae</span> <span class='ocrx_word' id='word_1_315' title='bbox 1564 980 1695 1014; x_wconf 87' lang='lat' dir='ltr'>huiusce</span> <span class='ocrx_word' id='word_1_316' title='bbox 1729 979 1897 1014; x_wconf 86' lang='lat' dir='ltr'>erectionis</span> <span class='ocrx_word' id='word_1_317' title='bbox 1921 990 1989 1014; x_wconf 85' lang='lat' dir='ltr'>sese</span> 
     </span>
     <span class='ocr_line' id='line_1_61' title="bbox 1248 1033 1991 1079; baseline 0 -11"><span class='ocrx_word' id='word_1_318' title='bbox 1248 1034 1429 1075; x_wconf 87' lang='lat' dir='ltr'>obtulerint,</span> <span class='ocrx_word' id='word_1_319' title='bbox 1442 1035 1481 1068; x_wconf 90' lang='lat' dir='ltr'>ad</span> <span class='ocrx_word' id='word_1_320' title='bbox 1494 1034 1647 1076; x_wconf 89' lang='lat' dir='ltr'>habitum,</span> <span class='ocrx_word' id='word_1_321' title='bbox 1664 1039 1699 1068; x_wconf 89' lang='lat' dir='ltr'>ut</span> <span class='ocrx_word' id='word_1_322' title='bbox 1715 1044 1820 1078; x_wconf 90' lang='lat' dir='ltr'>supra,</span> <span class='ocrx_word' id='word_1_323' title='bbox 1833 1033 1991 1079; x_wconf 85' lang='lat' dir='ltr'>specifica-</span> 
     </span>
     <span class='ocr_line' id='line_1_62' title="bbox 1248 1086 1991 1133; baseline -0.001 -11"><span class='ocrx_word' id='word_1_324' title='bbox 1248 1093 1315 1122; x_wconf 90' lang='lat' dir='ltr'>tum</span> <span class='ocrx_word' id='word_1_325' title='bbox 1331 1088 1521 1133; x_wconf 88' lang='lat' dir='ltr'>portandum</span> <span class='ocrx_word' id='word_1_326' title='bbox 1537 1098 1595 1132; x_wconf 89' lang='lat' dir='ltr'>pro</span> <span class='ocrx_word' id='word_1_327' title='bbox 1620 1087 1678 1121; x_wconf 87' lang='lat' dir='ltr'>hac</span> <span class='ocrx_word' id='word_1_328' title='bbox 1702 1087 1805 1132; x_wconf 76' lang='lat' dir='ltr'>prima</span> <span class='ocrx_word' id='word_1_329' title='bbox 1820 1087 1888 1121; x_wconf 86' lang='lat' dir='ltr'>vice</span> <span class='ocrx_word' id='word_1_330' title='bbox 1903 1086 1991 1121; x_wconf 89' lang='lat' dir='ltr'>dum-</span> 
     </span>
     <span class='ocr_line' id='line_1_63' title="bbox 1249 1140 1990 1185; baseline -0.001 -10"><span class='ocrx_word' id='word_1_331' title='bbox 1249 1146 1331 1175; x_wconf 86' lang='lat' dir='ltr'>taxat</span> <span class='ocrx_word' id='word_1_332' title='bbox 1346 1141 1502 1182; x_wconf 88' lang='lat' dir='ltr'>admittas,</span> <span class='ocrx_word' id='word_1_333' title='bbox 1520 1141 1652 1185; x_wconf 91' lang='lat' dir='ltr'>illosque</span> <span class='ocrx_word' id='word_1_334' title='bbox 1676 1146 1707 1174; x_wconf 89' lang='lat' dir='ltr'>et</span> <span class='ocrx_word' id='word_1_335' title='bbox 1723 1141 1792 1174; x_wconf 88' lang='lat' dir='ltr'>illas</span> <span class='ocrx_word' id='word_1_336' title='bbox 1810 1140 1840 1174; x_wconf 90' lang='lat' dir='ltr'>in</span> <span class='ocrx_word' id='word_1_337' title='bbox 1856 1140 1990 1174; x_wconf 89' lang='lat' dir='ltr'>Domino</span> 
     </span>
     <span class='ocr_line' id='line_1_64' title="bbox 1249 1193 1991 1236; baseline 0 -8"><span class='ocrx_word' id='word_1_338' title='bbox 1249 1195 1380 1236; x_wconf 85' lang='lat' dir='ltr'>induas,</span> <span class='ocrx_word' id='word_1_339' title='bbox 1407 1205 1442 1228; x_wconf 88' lang='lat' dir='ltr'>ac</span> <span class='ocrx_word' id='word_1_340' title='bbox 1466 1195 1510 1228; x_wconf 88' lang='lat' dir='ltr'>sic</span> <span class='ocrx_word' id='word_1_341' title='bbox 1535 1195 1662 1229; x_wconf 87' lang='lat' dir='ltr'>vestitos</span> <span class='ocrx_word' id='word_1_342' title='bbox 1679 1198 1709 1228; x_wconf 90' lang='lat' dir='ltr'>et</span> <span class='ocrx_word' id='word_1_343' title='bbox 1733 1194 1860 1227; x_wconf 81' lang='lat' dir='ltr'>vestitas</span> <span class='ocrx_word' id='word_1_344' title='bbox 1879 1193 1910 1227; x_wconf 91' lang='lat' dir='ltr'>in</span> <span class='ocrx_word' id='word_1_345' title='bbox 1927 1204 1991 1228; x_wconf 91' lang='lat' dir='ltr'>mo-</span> 
     </span>
    </p>
   </div>
   <div class='ocr_carea' id='block_1_7' title="bbox 1230 1247 1990 1292">
    <p class='ocr_par' dir='ltr' id='par_1_10' title="bbox 1230 1247 1990 1292">
     <span class='ocr_line' id='line_1_65' title="bbox 1230 1247 1990 1292; baseline -0.004 -9"><span class='ocrx_word' id='word_1_346' title='bbox 1230 1248 1394 1288; x_wconf 71' lang='lat' dir='ltr'>nasteria,</span> <span class='ocrx_word' id='word_1_347' title='bbox 1412 1248 1468 1289; x_wconf 85' lang='lat' dir='ltr'>sic,</span> <span class='ocrx_word' id='word_1_348' title='bbox 1492 1253 1525 1282; x_wconf 88' lang='lat' dir='ltr'>ut</span> <span class='ocrx_word' id='word_1_349' title='bbox 1549 1247 1737 1292; x_wconf 85' lang='lat' dir='ltr'>praefertur,</span> <span class='ocrx_word' id='word_1_350' title='bbox 1761 1252 1865 1281; x_wconf 83' lang='lat' dir='ltr'>erecta</span> <span class='ocrx_word' id='word_1_351' title='bbox 1890 1252 1920 1280; x_wconf 89' lang='lat' dir='ltr'>et</span> <span class='ocrx_word' id='word_1_352' title='bbox 1944 1247 1990 1280; x_wconf 90' lang='lat' dir='ltr'>in-</span> 
     </span>
    </p>
   </div>
   <div class='ocr_carea' id='block_1_8' title="bbox 1249 1300 1991 1346">
    <p class='ocr_par' dir='ltr' id='par_1_11' title="bbox 1249 1300 1991 1346">
     <span class='ocr_line' id='line_1_66' title="bbox 1249 1300 1991 1346; baseline -0.003 -11"><span class='ocrx_word' id='word_1_353' title='bbox 1249 1301 1363 1342; x_wconf 87' lang='lat' dir='ltr'>stituta,</span> <span class='ocrx_word' id='word_1_354' title='bbox 1390 1301 1474 1335; x_wconf 83' lang='lat' dir='ltr'>viros</span> <span class='ocrx_word' id='word_1_355' title='bbox 1497 1301 1623 1346; x_wconf 91' lang='lat' dir='ltr'>quidem</span> <span class='ocrx_word' id='word_1_356' title='bbox 1648 1301 1680 1334; x_wconf 90' lang='lat' dir='ltr'>in</span> <span class='ocrx_word' id='word_1_357' title='bbox 1704 1311 1802 1334; x_wconf 88' lang='lat' dir='ltr'>unum</span> <span class='ocrx_word' id='word_1_358' title='bbox 1823 1300 1861 1334; x_wconf 89' lang='lat' dir='ltr'>ad</span> <span class='ocrx_word' id='word_1_359' title='bbox 1885 1301 1991 1345; x_wconf 90' lang='lat' dir='ltr'>hospi-</span> 
     </span>
    </p>
   </div>
   <div class='ocr_carea' id='block_1_9' title="bbox 1232 1354 1992 1452">
    <p class='ocr_par' dir='ltr' id='par_1_12' title="bbox 1232 1354 1992 1452">
     <span class='ocr_line' id='line_1_67' title="bbox 1232 1354 1990 1397; baseline -0.003 -9"><span class='ocrx_word' id='word_1_360' title='bbox 1232 1355 1395 1397; x_wconf 66' lang='lat' dir='ltr'>,taliorum</span> <span class='ocrx_word' id='word_1_361' title='bbox 1411 1381 1418 1395; x_wconf 95' lang='lat'>,</span> <span class='ocrx_word' id='word_1_362' title='bbox 1448 1354 1600 1388; x_wconf 89' lang='lat' dir='ltr'>moniales</span> <span class='ocrx_word' id='word_1_363' title='bbox 1627 1364 1701 1387; x_wconf 78' lang='lat' dir='ltr'>vero</span> <span class='ocrx_word' id='word_1_364' title='bbox 1734 1354 1765 1387; x_wconf 90' lang='lat' dir='ltr'>in</span> <span class='ocrx_word' id='word_1_365' title='bbox 1790 1354 1925 1387; x_wconf 88' lang='lat' dir='ltr'>alterum</span> <span class='ocrx_word' id='word_1_366' title='bbox 1952 1355 1990 1387; x_wconf 89' lang='lat' dir='ltr'>ad</span> 
     </span>
     <span class='ocr_line' id='line_1_68' title="bbox 1232 1399 1992 1452; baseline 0.001 -11"><span class='ocrx_word' id='word_1_367' title='bbox 1232 1399 1234 1428; x_wconf 65' lang='lat'>,³</span> <span class='ocrx_word' id='word_1_368' title='bbox 1250 1407 1491 1452; x_wconf 90' lang='lat' dir='ltr'>hospitaliarum</span> <span class='ocrx_word' id='word_1_369' title='bbox 1507 1417 1600 1440; x_wconf 92' lang='lat' dir='ltr'>usum</span> <span class='ocrx_word' id='word_1_370' title='bbox 1614 1407 1787 1451; x_wconf 76' lang='lat' dir='ltr'>respective</span> <span class='ocrx_word' id='word_1_371' title='bbox 1803 1410 1992 1447; x_wconf 78' lang='lat' dir='ltr'>constructa,</span> 
     </span>
    </p>
   </div>
   <div class='ocr_carea' id='block_1_10' title="bbox 1234 1460 1997 1932">
    <p class='ocr_par' dir='ltr' id='par_1_13' title="bbox 1250 1460 1997 1932">
     <span class='ocr_line' id='line_1_69' title="bbox 1250 1460 1992 1504; baseline 0 -10"><span class='ocrx_word' id='word_1_372' title='bbox 1250 1460 1442 1501; x_wconf 88' lang='lat' dir='ltr'>introducas,</span> <span class='ocrx_word' id='word_1_373' title='bbox 1458 1466 1489 1494; x_wconf 88' lang='lat' dir='ltr'>et</span> <span class='ocrx_word' id='word_1_374' title='bbox 1506 1471 1566 1504; x_wconf 90' lang='lat' dir='ltr'>pro</span> <span class='ocrx_word' id='word_1_375' title='bbox 1590 1460 1802 1504; x_wconf 88' lang='lat' dir='ltr'>hospitalitate</span> <span class='ocrx_word' id='word_1_376' title='bbox 1818 1460 1992 1495; x_wconf 77' lang='lat' dir='ltr'>exercenda</span> 
     </span>
     <span class='ocr_line' id='line_1_70' title="bbox 1250 1514 1992 1548; baseline 0.001 -1"><span class='ocrx_word' id='word_1_377' title='bbox 1250 1514 1378 1548; x_wconf 84' lang='lat' dir='ltr'>ancillas</span> <span class='ocrx_word' id='word_1_378' title='bbox 1402 1519 1433 1547; x_wconf 92' lang='lat' dir='ltr'>et</span> <span class='ocrx_word' id='word_1_379' title='bbox 1456 1514 1589 1547; x_wconf 85' lang='lat' dir='ltr'>famulas</span> <span class='ocrx_word' id='word_1_380' title='bbox 1612 1514 1762 1548; x_wconf 88' lang='lat' dir='ltr'>honestae</span> <span class='ocrx_word' id='word_1_381' title='bbox 1786 1514 1867 1547; x_wconf 84' lang='lat' dir='ltr'>vitae</span> <span class='ocrx_word' id='word_1_382' title='bbox 1891 1519 1922 1548; x_wconf 90' lang='lat' dir='ltr'>et</span> <span class='ocrx_word' id='word_1_383' title='bbox 1947 1514 1992 1548; x_wconf 87' lang='lat' dir='ltr'>sa-</span> 
     </span>
     <span class='ocr_line' id='line_1_71' title="bbox 1251 1567 1993 1612; baseline 0 -11"><span class='ocrx_word' id='word_1_384' title='bbox 1251 1578 1329 1609; x_wconf 84' lang='lat' dir='ltr'>mae,</span> <span class='ocrx_word' id='word_1_385' title='bbox 1347 1578 1426 1612; x_wconf 90' lang='lat' dir='ltr'>quae</span> <span class='ocrx_word' id='word_1_386' title='bbox 1451 1567 1606 1602; x_wconf 90' lang='lat' dir='ltr'>dictarum</span> <span class='ocrx_word' id='word_1_387' title='bbox 1631 1568 1816 1602; x_wconf 91' lang='lat' dir='ltr'>monialium</span> <span class='ocrx_word' id='word_1_388' title='bbox 1835 1567 1993 1612; x_wconf 88' lang='lat' dir='ltr'>superiori</span> 
     </span>
     <span class='ocr_line' id='line_1_72' title="bbox 1251 1621 1993 1663; baseline -0.001 -7"><span class='ocrx_word' id='word_1_389' title='bbox 1251 1623 1390 1663; x_wconf 88' lang='lat' dir='ltr'>subsint,</span> <span class='ocrx_word' id='word_1_390' title='bbox 1421 1628 1451 1656; x_wconf 87' lang='lat' dir='ltr'>et</span> <span class='ocrx_word' id='word_1_391' title='bbox 1474 1622 1652 1656; x_wconf 89' lang='lat' dir='ltr'>nullatenus</span> <span class='ocrx_word' id='word_1_392' title='bbox 1677 1632 1786 1656; x_wconf 87' lang='lat' dir='ltr'>earum</span> <span class='ocrx_word' id='word_1_393' title='bbox 1815 1621 1993 1656; x_wconf 85' lang='lat' dir='ltr'>clausuram</span> 
     </span>
     <span class='ocr_line' id='line_1_73' title="bbox 1251 1674 1994 1719; baseline -0.001 -10"><span class='ocrx_word' id='word_1_394' title='bbox 1251 1675 1479 1719; x_wconf 83' lang='lat' dir='ltr'>ingrediantur,</span> <span class='ocrx_word' id='word_1_395' title='bbox 1492 1675 1611 1710; x_wconf 87' lang='lat' dir='ltr'>eisdem</span> <span class='ocrx_word' id='word_1_396' title='bbox 1627 1675 1817 1710; x_wconf 87' lang='lat' dir='ltr'>monialibus</span> <span class='ocrx_word' id='word_1_397' title='bbox 1830 1674 1994 1715; x_wconf 71' lang='lat' dir='ltr'>concedas,</span> 
     </span>
     <span class='ocr_line' id='line_1_74' title="bbox 1251 1728 1995 1773; baseline -0.001 -10"><span class='ocrx_word' id='word_1_398' title='bbox 1251 1734 1282 1763; x_wconf 91' lang='lat' dir='ltr'>et</span> <span class='ocrx_word' id='word_1_399' title='bbox 1305 1739 1386 1763; x_wconf 87' lang='lat' dir='ltr'>anno</span> <span class='ocrx_word' id='word_1_400' title='bbox 1411 1729 1607 1773; x_wconf 90' lang='lat' dir='ltr'>probationis</span> <span class='ocrx_word' id='word_1_401' title='bbox 1635 1729 1756 1773; x_wconf 88' lang='lat' dir='ltr'>elapso,</span> <span class='ocrx_word' id='word_1_402' title='bbox 1777 1728 1848 1762; x_wconf 89' lang='lat' dir='ltr'>illos</span> <span class='ocrx_word' id='word_1_403' title='bbox 1872 1733 1903 1762; x_wconf 89' lang='lat' dir='ltr'>et</span> <span class='ocrx_word' id='word_1_404' title='bbox 1926 1728 1995 1762; x_wconf 87' lang='lat' dir='ltr'>illas</span> 
     </span>
     <span class='ocr_line' id='line_1_75' title="bbox 1251 1782 1996 1826; baseline -0.001 -10"><span class='ocrx_word' id='word_1_405' title='bbox 1251 1793 1287 1816; x_wconf 91' lang='lat' dir='ltr'>ac</span> <span class='ocrx_word' id='word_1_406' title='bbox 1304 1783 1432 1817; x_wconf 89' lang='lat' dir='ltr'>illorum</span> <span class='ocrx_word' id='word_1_407' title='bbox 1449 1788 1480 1816; x_wconf 91' lang='lat' dir='ltr'>et</span> <span class='ocrx_word' id='word_1_408' title='bbox 1495 1783 1620 1816; x_wconf 91' lang='lat' dir='ltr'>illarum</span> <span class='ocrx_word' id='word_1_409' title='bbox 1645 1782 1819 1826; x_wconf 88' lang='lat' dir='ltr'>quamlibet</span> <span class='ocrx_word' id='word_1_410' title='bbox 1836 1787 1866 1816; x_wconf 87' lang='lat' dir='ltr'>et</span> <span class='ocrx_word' id='word_1_411' title='bbox 1889 1791 1996 1826; x_wconf 88' lang='lat' dir='ltr'>quem-</span> 
     </span>
     <span class='ocr_line' id='line_1_76' title="bbox 1252 1835 1996 1880; baseline -0.001 -11"><span class='ocrx_word' id='word_1_412' title='bbox 1252 1836 1327 1870; x_wconf 90' lang='lat' dir='ltr'>libet</span> <span class='ocrx_word' id='word_1_413' title='bbox 1349 1836 1388 1869; x_wconf 92' lang='lat' dir='ltr'>ad</span> <span class='ocrx_word' id='word_1_414' title='bbox 1412 1836 1640 1880; x_wconf 81' lang='lat' dir='ltr'>professionem</span> <span class='ocrx_word' id='word_1_415' title='bbox 1665 1835 1751 1869; x_wconf 82' lang='lat' dir='ltr'>iuxta</span> <span class='ocrx_word' id='word_1_416' title='bbox 1773 1835 1943 1869; x_wconf 89' lang='lat' dir='ltr'>formulam</span> <span class='ocrx_word' id='word_1_417' title='bbox 1965 1839 1996 1869; x_wconf 86' lang='lat' dir='ltr'>et</span> 
     </span>
     <span class='ocr_line' id='line_1_77' title="bbox 1234 1878 1997 1932; baseline -0.001 -10.976"><span class='ocrx_word' id='word_1_418' title='bbox 1234 1878 1375 1922; x_wconf 78' lang='lat' dir='ltr'>&#39;vivendi</span> <span class='ocrx_word' id='word_1_419' title='bbox 1400 1889 1530 1923; x_wconf 92' lang='lat' dir='ltr'>modum</span> <span class='ocrx_word' id='word_1_420' title='bbox 1555 1898 1650 1932; x_wconf 90' lang='lat' dir='ltr'>supra</span> <span class='ocrx_word' id='word_1_421' title='bbox 1674 1887 1887 1932; x_wconf 88' lang='lat' dir='ltr'>praescriptos</span> <span class='ocrx_word' id='word_1_422' title='bbox 1907 1887 1997 1921; x_wconf 89' lang='lat' dir='ltr'>emit-</span> 
     </span>
    </p>
   </div>
   <div class='ocr_carea' id='block_1_11' title="bbox 1235 1940 1998 1986">
    <p class='ocr_par' dir='ltr' id='par_1_14' title="bbox 1235 1940 1998 1986">
     <span class='ocr_line' id='line_1_78' title="bbox 1235 1940 1998 1986; baseline -0.004 -10"><span class='ocrx_word' id='word_1_423' title='bbox 1235 1942 1378 1983; x_wconf 70' lang='lat' dir='ltr'>ftendam</span> <span class='ocrx_word' id='word_1_424' title='bbox 1403 1952 1462 1986; x_wconf 87' lang='lat' dir='ltr'>pro</span> <span class='ocrx_word' id='word_1_425' title='bbox 1485 1941 1590 1986; x_wconf 78' lang='lat' dir='ltr'>prima</span> <span class='ocrx_word' id='word_1_426' title='bbox 1614 1941 1680 1974; x_wconf 73' lang='lat' dir='ltr'>vice</span> <span class='ocrx_word' id='word_1_427' title='bbox 1705 1940 1866 1975; x_wconf 87' lang='lat' dir='ltr'>dumtaxat</span> <span class='ocrx_word' id='word_1_428' title='bbox 1890 1940 1998 1973; x_wconf 89' lang='lat' dir='ltr'>simili-</span> 
     </span>
    </p>
   </div>
   <div class='ocr_carea' id='block_1_12' title="bbox 1254 1994 1999 2200">
    <p class='ocr_par' dir='ltr' id='par_1_15' title="bbox 1254 1994 1999 2200">
     <span class='ocr_line' id='line_1_79' title="bbox 1254 1994 1994 2039; baseline -0.001 -11"><span class='ocrx_word' id='word_1_429' title='bbox 1254 2001 1302 2029; x_wconf 88' lang='lat' dir='ltr'>ter</span> <span class='ocrx_word' id='word_1_430' title='bbox 1324 1995 1481 2036; x_wconf 89' lang='lat' dir='ltr'>admittas,</span> <span class='ocrx_word' id='word_1_431' title='bbox 1501 1995 1653 2039; x_wconf 90' lang='lat' dir='ltr'>illumque</span> <span class='ocrx_word' id='word_1_432' title='bbox 1677 2000 1707 2028; x_wconf 87' lang='lat' dir='ltr'>et</span> <span class='ocrx_word' id='word_1_433' title='bbox 1731 1994 1829 2035; x_wconf 88' lang='lat' dir='ltr'>illam,</span> <span class='ocrx_word' id='word_1_434' title='bbox 1846 2004 1940 2037; x_wconf 87' lang='lat' dir='ltr'>quem</span> <span class='ocrx_word' id='word_1_435' title='bbox 1965 1998 1994 2027; x_wconf 84' lang='lat' dir='ltr'>et</span> 
     </span>
     <span class='ocr_line' id='line_1_80' title="bbox 1254 2047 1999 2093; baseline -0.003 -11"><span class='ocrx_word' id='word_1_436' title='bbox 1254 2059 1348 2093; x_wconf 88' lang='lat' dir='ltr'>quam</span> <span class='ocrx_word' id='word_1_437' title='bbox 1374 2049 1474 2092; x_wconf 82' lang='lat' dir='ltr'>magis</span> <span class='ocrx_word' id='word_1_438' title='bbox 1492 2048 1622 2082; x_wconf 86' lang='lat' dir='ltr'>idoneos</span> <span class='ocrx_word' id='word_1_439' title='bbox 1638 2047 1806 2092; x_wconf 81' lang='lat' dir='ltr'>repereris,</span> <span class='ocrx_word' id='word_1_440' title='bbox 1824 2047 1856 2080; x_wconf 92' lang='lat' dir='ltr'>in</span> <span class='ocrx_word' id='word_1_441' title='bbox 1872 2057 1999 2081; x_wconf 89' lang='lat' dir='ltr'>eorum-</span> 
     </span>
     <span class='ocr_line' id='line_1_81' title="bbox 1254 2101 1997 2145; baseline -0.003 -9"><span class='ocrx_word' id='word_1_442' title='bbox 1254 2102 1326 2136; x_wconf 89' lang='lat' dir='ltr'>dem</span> <span class='ocrx_word' id='word_1_443' title='bbox 1344 2102 1610 2136; x_wconf 88' lang='lat' dir='ltr'>monasteriorum</span> <span class='ocrx_word' id='word_1_444' title='bbox 1624 2101 1804 2145; x_wconf 86' lang='lat' dir='ltr'>superiores</span> <span class='ocrx_word' id='word_1_445' title='bbox 1816 2101 1997 2138; x_wconf 87' lang='lat' dir='ltr'>constituas.</span> 
     </span>
     <span class='ocr_line' id='line_1_82' title="bbox 1254 2152 1998 2200; baseline -0.004 -11"><span class='ocrx_word' id='word_1_446' title='bbox 1254 2165 1428 2200; x_wconf 87' lang='lat' dir='ltr'>omnesque</span> <span class='ocrx_word' id='word_1_447' title='bbox 1448 2161 1478 2188; x_wconf 91' lang='lat' dir='ltr'>et</span> <span class='ocrx_word' id='word_1_448' title='bbox 1501 2155 1642 2198; x_wconf 85' lang='lat' dir='ltr'>singulos</span> <span class='ocrx_word' id='word_1_449' title='bbox 1662 2159 1852 2198; x_wconf 85' lang='lat' dir='ltr'>exponentes</span> <span class='ocrx_word' id='word_1_450' title='bbox 1876 2152 1998 2198; x_wconf 86' lang='lat' dir='ltr'>praedi-</span> 
     </span>
    </p>
   </div>
   <div class='ocr_carea' id='block_1_13' title="bbox 1238 2207 1997 2254">
    <p class='ocr_par' dir='ltr' id='par_1_16' title="bbox 1238 2207 1997 2254">
     <span class='ocr_line' id='line_1_83' title="bbox 1238 2207 1997 2254; baseline -0.003 -12"><span class='ocrx_word' id='word_1_451' title='bbox 1238 2214 1333 2254; x_wconf 71' lang='lat' dir='ltr'>3ctos,</span> <span class='ocrx_word' id='word_1_452' title='bbox 1350 2219 1386 2243; x_wconf 89' lang='lat' dir='ltr'>ac</span> <span class='ocrx_word' id='word_1_453' title='bbox 1409 2208 1487 2242; x_wconf 90' lang='lat' dir='ltr'>alios</span> <span class='ocrx_word' id='word_1_454' title='bbox 1511 2218 1590 2252; x_wconf 88' lang='lat' dir='ltr'>quos</span> <span class='ocrx_word' id='word_1_455' title='bbox 1610 2218 1668 2252; x_wconf 89' lang='lat' dir='ltr'>per</span> <span class='ocrx_word' id='word_1_456' title='bbox 1692 2213 1721 2240; x_wconf 92' lang='lat' dir='ltr'>te</span> <span class='ocrx_word' id='word_1_457' title='bbox 1745 2207 1783 2240; x_wconf 91' lang='lat' dir='ltr'>ad</span> <span class='ocrx_word' id='word_1_458' title='bbox 1807 2207 1950 2240; x_wconf 88' lang='lat' dir='ltr'>habitum</span> <span class='ocrx_word' id='word_1_459' title='bbox 1967 2211 1997 2240; x_wconf 88' lang='lat' dir='ltr'>et</span> 
     </span>
    </p>
   </div>
   <div class='ocr_carea' id='block_1_14' title="bbox 1257 2259 2003 2624">
    <p class='ocr_par' dir='ltr' id='par_1_17' title="bbox 1257 2259 2003 2624">
     <span class='ocr_line' id='line_1_84' title="bbox 1257 2259 1998 2306; baseline -0.004 -11"><span class='ocrx_word' id='word_1_460' title='bbox 1257 2262 1483 2306; x_wconf 84' lang='lat' dir='ltr'>professionem</span> <span class='ocrx_word' id='word_1_461' title='bbox 1508 2261 1689 2295; x_wconf 89' lang='lat' dir='ltr'>huiusmodi</span> <span class='ocrx_word' id='word_1_462' title='bbox 1713 2260 1834 2294; x_wconf 88' lang='lat' dir='ltr'>admitti</span> <span class='ocrx_word' id='word_1_463' title='bbox 1859 2259 1998 2303; x_wconf 84' lang='lat' dir='ltr'>contige-</span> 
     </span>
     <span class='ocr_line' id='line_1_85' title="bbox 1257 2313 1996 2358; baseline -0.005 -9"><span class='ocrx_word' id='word_1_464' title='bbox 1257 2316 1308 2356; x_wconf 88' lang='lat' dir='ltr'>rit,</span> <span class='ocrx_word' id='word_1_465' title='bbox 1326 2320 1359 2348; x_wconf 90' lang='lat' dir='ltr'>ut</span> <span class='ocrx_word' id='word_1_466' title='bbox 1375 2315 1553 2349; x_wconf 90' lang='lat' dir='ltr'>institutum</span> <span class='ocrx_word' id='word_1_467' title='bbox 1570 2313 1765 2358; x_wconf 86' lang='lat' dir='ltr'>praedictum</span> <span class='ocrx_word' id='word_1_468' title='bbox 1785 2314 1871 2346; x_wconf 84' lang='lat' dir='ltr'>iuxta</span> <span class='ocrx_word' id='word_1_469' title='bbox 1886 2322 1996 2346; x_wconf 87' lang='lat' dir='ltr'>eorum</span> 
     </span>
     <span class='ocr_line' id='line_1_86' title="bbox 1258 2365 1999 2413; baseline -0.007 -10"><span class='ocrx_word' id='word_1_470' title='bbox 1258 2369 1485 2413; x_wconf 79' lang='lat' dir='ltr'>professionem</span> <span class='ocrx_word' id='word_1_471' title='bbox 1506 2372 1641 2409; x_wconf 85' lang='lat' dir='ltr'>servent,</span> <span class='ocrx_word' id='word_1_472' title='bbox 1658 2366 1834 2410; x_wconf 80' lang='lat' dir='ltr'>divinisque</span> <span class='ocrx_word' id='word_1_473' title='bbox 1856 2365 1999 2398; x_wconf 87' lang='lat' dir='ltr'>laudibus</span> 
     </span>
     <span class='ocr_line' id='line_1_87' title="bbox 1259 2417 2000 2459; baseline -0.008 -3"><span class='ocrx_word' id='word_1_474' title='bbox 1259 2428 1287 2456; x_wconf 92' lang='lat' dir='ltr'>et</span> <span class='ocrx_word' id='word_1_475' title='bbox 1312 2422 1423 2456; x_wconf 86' lang='lat' dir='ltr'>officiis</span> <span class='ocrx_word' id='word_1_476' title='bbox 1447 2422 1479 2454; x_wconf 92' lang='lat' dir='ltr'>in</span> <span class='ocrx_word' id='word_1_477' title='bbox 1503 2421 1602 2455; x_wconf 90' lang='lat' dir='ltr'>choro</span> <span class='ocrx_word' id='word_1_478' title='bbox 1626 2419 1780 2459; x_wconf 88' lang='lat' dir='ltr'>insistant,</span> <span class='ocrx_word' id='word_1_479' title='bbox 1797 2427 1919 2452; x_wconf 90' lang='lat' dir='ltr'>necnon</span> <span class='ocrx_word' id='word_1_480' title='bbox 1942 2417 2000 2450; x_wconf 89' lang='lat' dir='ltr'>sub</span> 
     </span>
     <span class='ocr_line' id='line_1_88' title="bbox 1259 2474 2002 2521; baseline -0.008 -11"><span class='ocrx_word' id='word_1_481' title='bbox 1259 2477 1412 2521; x_wconf 76' lang='lat' dir='ltr'>perpetua</span> <span class='ocrx_word' id='word_1_482' title='bbox 1437 2474 1615 2509; x_wconf 75' lang='lat' dir='ltr'>obedientia</span> <span class='ocrx_word' id='word_1_483' title='bbox 1638 2474 1756 2513; x_wconf 79' lang='lat' dir='ltr'>nostra,</span> <span class='ocrx_word' id='word_1_484' title='bbox 1780 2482 1816 2505; x_wconf 89' lang='lat' dir='ltr'>ac</span> <span class='ocrx_word' id='word_1_485' title='bbox 1840 2482 1901 2515; x_wconf 89' lang='lat' dir='ltr'>pro</span> <span class='ocrx_word' id='word_1_486' title='bbox 1924 2476 2002 2504; x_wconf 89' lang='lat' dir='ltr'>tem-</span> 
     </span>
     <span class='ocr_line' id='line_1_89' title="bbox 1259 2524 1998 2574; baseline -0.008 -11"><span class='ocrx_word' id='word_1_487' title='bbox 1259 2540 1337 2574; x_wconf 87' lang='lat' dir='ltr'>pore</span> <span class='ocrx_word' id='word_1_488' title='bbox 1353 2528 1552 2562; x_wconf 86' lang='lat' dir='ltr'>existentium</span> <span class='ocrx_word' id='word_1_489' title='bbox 1569 2527 1782 2560; x_wconf 86' lang='lat' dir='ltr'>Romanorum</span> <span class='ocrx_word' id='word_1_490' title='bbox 1800 2524 1998 2565; x_wconf 84' lang='lat' dir='ltr'>Pontificum,</span> 
     </span>
     <span class='ocr_line' id='line_1_90' title="bbox 1260 2577 2003 2624; baseline -0.008 -8"><span class='ocrx_word' id='word_1_491' title='bbox 1260 2592 1383 2616; x_wconf 88' lang='lat' dir='ltr'>necnon</span> <span class='ocrx_word' id='word_1_492' title='bbox 1399 2580 1534 2615; x_wconf 90' lang='lat' dir='ltr'>ministri</span> <span class='ocrx_word' id='word_1_493' title='bbox 1550 2578 1716 2624; x_wconf 80' lang='lat' dir='ltr'>generalis,</span> <span class='ocrx_word' id='word_1_494' title='bbox 1733 2582 1763 2612; x_wconf 91' lang='lat' dir='ltr'>et</span> <span class='ocrx_word' id='word_1_495' title='bbox 1779 2577 1915 2611; x_wconf 87' lang='lat' dir='ltr'>aliorum</span> <span class='ocrx_word' id='word_1_496' title='bbox 1933 2587 2003 2611; x_wconf 89' lang='lat' dir='ltr'>suo-</span> 
     </span>
    </p>
   </div>
   <div class='ocr_carea' id='block_1_15' title="bbox 487 2631 2001 2680">
    <p class='ocr_par' dir='ltr' id='par_1_18' title="bbox 487 2631 2001 2680">
     <span class='ocr_line' id='line_1_91' title="bbox 487 2631 2001 2680; baseline -0.003 -11"><span class='ocrx_word' id='word_1_497' title='bbox 487 2637 630 2669; x_wconf 83' lang='lat' dir='ltr'>similiter</span> <span class='ocrx_word' id='word_1_498' title='bbox 654 2642 817 2680; x_wconf 67' lang='lat' dir='ltr'>perpetuo,</span> <span class='ocrx_word' id='word_1_499' title='bbox 833 2636 941 2669; x_wconf 80' lang='lat' dir='ltr'>eadem</span> <span class='ocrx_word' id='word_1_500' title='bbox 966 2635 1160 2675; x_wconf 83' lang='lat' dir='ltr'>auctoritate,</span> <span class='ocrx_word' id='word_1_501' title='bbox 1177 2645 1227 2678; x_wconf 82' lang='lat' dir='ltr'>ap-</span> <span class='ocrx_word' id='word_1_502' title='bbox 1261 2647 1331 2670; x_wconf 88' lang='lat' dir='ltr'>rum</span> <span class='ocrx_word' id='word_1_503' title='bbox 1349 2635 1560 2680; x_wconf 88' lang='lat' dir='ltr'>superiorum,</span> <span class='ocrx_word' id='word_1_504' title='bbox 1576 2643 1613 2667; x_wconf 84' lang='lat' dir='ltr'>ex</span> <span class='ocrx_word' id='word_1_505' title='bbox 1638 2632 1719 2666; x_wconf 75' lang='lat' dir='ltr'>dicta</span> <span class='ocrx_word' id='word_1_506' title='bbox 1738 2631 2001 2675; x_wconf 85' lang='lat' dir='ltr'>Congregatione,</span> 
     </span>
    </p>
   </div>
   <div class='ocr_carea' id='block_1_16' title="bbox 526 2666 1247 2734">
    <p class='ocr_par' dir='ltr' id='par_1_19' title="bbox 526 2666 1247 2734">
     <span class='ocr_line' id='line_1_92' title="bbox 526 2666 1247 2734; baseline -0.004 -7"><span class='ocrx_word' id='word_1_507' title='bbox 526 2702 534 2727; x_wconf 88' lang='lat' dir='ltr'>l</span> <span class='ocrx_word' id='word_1_508' title='bbox 554 2699 670 2727; x_wconf 85' lang='lat' dir='ltr'>Pessime</span> <span class='ocrx_word' id='word_1_509' title='bbox 685 2699 750 2727; x_wconf 82' lang='lat' dir='ltr'>edit.</span> <span class='ocrx_word' id='word_1_510' title='bbox 768 2699 845 2726; x_wconf 83' lang='lat' dir='ltr'>Main.</span> <span class='ocrx_word' id='word_1_511' title='bbox 864 2699 930 2734; x_wconf 85' lang='lat' dir='ltr'>legit</span> <span class='ocrx_word' id='word_1_512' title='bbox 945 2707 1018 2734; x_wconf 79' lang='lat' dir='ltr'>quae</span> <span class='ocrx_word' id='word_1_513' title='bbox 1033 2699 1128 2733; x_wconf 53' lang='lat' dir='ltr'>(antu).</span> <span class='ocrx_word' id='word_1_514' title='bbox 1242 2666 1247 2733; x_wconf 77' lang='grc' dir='ltr'>Ι</span> 
     </span>
    </p>
   </div>
   <div class='ocr_carea' id='block_1_17' title="bbox 1261 2685 2002 2734">
    <p class='ocr_par' dir='ltr' id='par_1_20' title="bbox 1261 2685 2002 2734">
     <span class='ocr_line' id='line_1_93' title="bbox 1261 2685 2002 2734; baseline -0.005 -12"><span class='ocrx_word' id='word_1_515' title='bbox 1261 2695 1295 2722; x_wconf 90' lang='lat' dir='ltr'>ut</span> <span class='ocrx_word' id='word_1_516' title='bbox 1319 2699 1425 2734; x_wconf 87' lang='lat' dir='ltr'>supra,</span> <span class='ocrx_word' id='word_1_517' title='bbox 1440 2686 1668 2731; x_wconf 87' lang='lat' dir='ltr'>eligendorum,</span> <span class='ocrx_word' id='word_1_518' title='bbox 1685 2685 1858 2720; x_wconf 87' lang='lat' dir='ltr'>directione</span> <span class='ocrx_word' id='word_1_519' title='bbox 1881 2689 1912 2719; x_wconf 88' lang='lat' dir='ltr'>et</span> <span class='ocrx_word' id='word_1_520' title='bbox 1936 2694 2002 2719; x_wconf 89' lang='lat' dir='ltr'>cor-</span> 
     </span>
    </p>
   </div>
   <div class='ocr_carea' id='block_1_18' title="bbox 2208 0 2293 3231">
    <p class='ocr_par' dir='ltr' id='par_1_21' title="bbox 2208 0 2293 3231">
     <span class='ocr_line' id='line_1_94' title="bbox 2208 0 2293 3231; baseline 0 -2733"><span class='ocrx_word' id='word_1_521' title='bbox 2208 0 2293 3231; x_wconf 95' lang='lat' dir='ltr'>   </span> 
     </span>
    </p>
   </div>
   <div class='ocr_carea' id='block_1_19' title="bbox 1995 270 2269 422">
    <p class='ocr_par' dir='ltr' id='par_1_22' title="bbox 1995 270 2269 422">
     <span class='ocr_line' id='line_1_95' title="bbox 1995 270 2269 422; baseline 0.004 -102"><span class='ocrx_word' id='word_1_522' title='bbox 1995 292 2046 320; x_wconf 70' lang='lat' dir='ltr'>An.</span> <span class='ocrx_word' id='word_1_523' title='bbox 2065 292 2094 320; x_wconf 85' lang='lat' dir='ltr'>c.</span> <span class='ocrx_word' id='word_1_524' title='bbox 2115 291 2179 321; x_wconf 74' lang='lat'>¹021</span> <span class='ocrx_word' id='word_1_525' title='bbox 2237 270 2269 422; x_wconf 65' lang='lat' dir='ltr'>i</span> 
     </span>
    </p>
   </div>
  </div>
 </body>
</html>
