2293 3231
120 280 169 306 An.
190 279 217 306 C.
236 280 303 307 1613

143 1180 202 1201 Facti
217 1181 291 1201 series.

142 2024 263 2045 commissio
272 2024 298 2045 «le

111 2056 157 2079 ,qua
174 2051 194 2072 iu
207 2051 298 2072 rubrica.

952 282 1070 306 PAULUS
1095 283 1114 305 V
1139 283 1185 306 1³1¹.

360 326 471 359 Datum
498 327 613 359 Romae
646 328 726 370 apud
760 332 896 362 sanctam
927 329 1052 361 Mariam

317 378 488 417 Maiorem,
514 380 571 411 sub
597 381 711 412 annulo
738 381 924 419 Piscatoris‚
949 382 998 413 die
1024 392 1053 413 vt

317 431 383 463 iulii
408 441 538 471 nncxm,
564 433 763 475 pontiticatus
789 434 886 466 nostri
913 444 993 466 anno
1012 445 1052 466 ix.

351 493 408 520 [lat.
430 493 483 528 die,
505 503 606 528 mense,
628 503 753 530 annoque
774 495 886 522 eisdem.

603 618 761 651 CCXXXV.

315 686 442 719 Similis
467 688 647 720 commissio
680 688 789 731 quoad
813 689 937 722 decreta
966 689 1053 722 edita

367 750 427 782 pro
455 739 671 773 observatione
699 741 784 773 sacri
816 741 955 774 Concilit'
983 741 1053 774 Tm·-

358 792 486 824 dentimss
516 793 552 825 in
576 792 684 825 eadem
710 792 880 825 Leodiensi
909 793 1051 826 dioecesi.

314 862 482 889 Venerabili
501 863 589 889 fratri
599 864 725 890 Antonio
742 864 882 897 episcopo
898 864 1053 898 Vigiliensi

349 907 379 932 in
409 907 546 940 partibus
574 907 727 934 inferioris
757 908 930 935 Germaniae
951 910 1053 935 nostro

350 953 380 977 et
405 950 594 983 Apostolicae
620 951 705 978 Sedis
731 951 840 978 nuncio

561 1004 672 1031 Paulus
688 1004 766 1037 Papa
781 1005 812 1031 V.

520 1066 705 1094 Venerabilis
734 1067 847 1101 frater,

350 1110 480 1137 salutem
501 1113 531 1137 et
552 1111 747 1144 apostolicam
768 1111 1015 1140 benedictionem.

358 1172 372 1214 ἓ
398 1171 426 1203 l.
451 1172 526 1204 Cum
542 1198 549 1209 ,
575 1172 654 1204 sieut
684 1173 883 1216 accepimus,
910 1179 962 1213 tu,
994 1185 1051 1217 pro

315 1223 484 1256 commisso
502 1223 558 1255 tibi
583 1234 599 1255 a
624 1224 714 1257 nobis
739 1235 879 1265 munere,
905 1227 1053 1259 reforma-

315 1276 391 1309 tioni
416 1276 602 1309 dilectorum
624 1278 762 1310 tiliorum
780 1279 855 1311 cleri
874 1279 1006 1313 civitatis
1023 1285 1050 1311 et

313 1328 465 1361 dioecesis
493 1329 674 1362 Leodiensis
700 1330 875 1372 invigilans,
893 1337 923 1363 et,
947 1332 1052 1375 dispo-

313 1381 418 1419 sitioni
442 1382 569 1415 Concilii
594 1382 765 1414 Tridentini
783 1383 959 1423 inhaerens,
977 1395 1054 1417 non-

314 1434 399 1466 nulla
423 1434 548 1466 decreta
580 1445 638 1477 pro
669 1435 886 1468 observatione
912 1437 1051 1470 eiusdem

314 1487 437 1520 concilii
464 1488 612 1521 haetenus
636 1488 792 1528 edideris,
822 1494 850 1523 et
874 1491 933 1522 alia
960 1490 1052 1523 edere

315 1540 477 1581 intendas,
503 1546 530 1573 et
556 1542 640 1573 clero
666 1542 834 1584 praedictis
858 1543 1052 1575 observanda

313 1593 516 1635 proposueris
549 1598 578 1625 et
609 1604 784 1636 propones3
811 1596 951 1627 nonnulli
979 1606 1052 1628 vero

313 1646 464 1686 canonici,
490 1651 519 1678 et
545 1647 649 1678 t'orsan
675 1646 820 1689 capitula,
842 1652 870 1681 et
891 1648 968 1680 aliae
985 1659 1052 1691 per-

313 1707 407 1730 sonae
432 1698 659 1731 ecclesiastieae
690 1699 893 1732 ecelesiarum
920 1701 1052 1734 civitatis·

312 1755 342 1783 et
366 1751 517 1784 dioecesis
540 1751 784 1794 praedictarum,
806 1763 936 1785 suorum
954 1759 1051 1787 status

312 1808 342 1835 et
366 1804 473 1837 salutis
497 1805 710 1845 immemores,
735 1805 859 1838 decreta
892 1807 1051 1849 praedicta

312 1867 367 1889 seu
393 1867 502 1890 eorum
527 1858 630 1901 aliqua
655 1858 819 1891 admittere
837 1864 866 1891 et
883 1859 1050 1893 observare

313 1915 475 1949 recusent,
505 1920 559 1942 seu
583 1911 687 1943 forsan
714 1912 887 1945 recusaturi
912 1913 994 1952 sint,
1020 1914 1050 1945 in

313 1963 539 2005 praeiudicium
565 1964 672 1996 salutis
702 1975 830 1997 suarum
863 1966 1049 1999 animarum.

358 2016 373 2059 ἓ
397 2015 426 2047 2.
451 2017 523 2056 Nos,
541 2017 733 2050 attendentes
758 2018 841 2060 quod
867 2030 980 2062 parum
1005 2024 1049 2054 est

313 2073 399 2101 reeta
423 2073 559 2101 statuere
584 2075 613 2102 et
637 2070 795 2111 ordinare,
814 2071 872 2103 nisi
898 2072 949 2104 itta
979 2083 1050 2105 exe-

314 2122 433 2165 qutioni
459 2122 695 2164 demandentur,
713 2124 767 2158 tibi
792 2135 847 2167 per
872 2131 1049 2168 praesentes

314 2175 539 2208 committimus
575 2180 603 2210 et
639 2177 842 2218 mandamus,
868 2183 899 2212 ut
924 2179 1049 2212 decreta

313 2228 472 2271 praedicta
496 2239 552 2271 per
576 2234 605 2261 te
626 2232 687 2262 tarn
713 2230 872 2271 haetenus,
894 2237 1048 2275 utsupra,

313 2281 415 2321 edita,
449 2291 542 2324 quam
580 2281 720 2321 edenda,
756 2283 924 2315 venerabili
960 2284 1047 2318 fratri

313 2333 510 2367 Ferdinando
535 2334 681 2378 episeopo
706 2334 869 2367 Leodiensi
891 2336 1047 2377 exhibeas,

312 2386 349 2418 ad
375 2386 443 2426 hoe,
468 2391 502 2418 ut
526 2386 577 2419 ille
601 2397 659 2430 pro
682 2389 737 2419 sna
762 2387 793 2418 in
817 2387 915 2419 Deum
935 2389 1048 2431 pietate

312 2444 343 2471 et
366 2439 528 2481 religionis
553 2440 628 2477 zelo,
646 2440 830 2473 auctoritate
854 2440 911 2472 sibi
932 2451 949 2473 a
966 2441 1048 2474 dicto

313 2492 445 2525 concilio
470 2493 629 2530 attributa,
650 2493 757 2525 satiem
779 2493 903 2526 decreta
920 2494 1047 2526 omnino

312 2545 472 2578 observari
496 2546 596 2586 faeiat,
621 2557 655 2579 ae
680 2547 925 2579 contradictores
945 2552 971 2579 et
998 2558 1046 2580 re-

313 2597 411 2630 belles
446 2609 662 2642 quoscumque
693 2600 877 2643 opportunis
909 2600 985 2632 iuris
1018 2605 1047 2632 et

315 2650 384 2683 sacti
422 2651 582 2692 remediis,
615 2652 820 2695 appellatione
856 2652 1046 2695 postposita,

1730 272 1792 305 215³,

1090 334 1287 372 rompesvat,
1322 330 1463 362 invocato
1498 329 1589 362 etiam
1622 329 1659 360 ad
1697 329 1776 367 boc,
1802 331 1826 361 si

1089 394 1167 425 opus
1194 383 1303 421 suerit,
1328 383 1443 415 auxilio
1469 382 1588 414 brarbii
1614 383 1772 414 secularis.

1133 436 1199 476 3¹53.
1226 437 1290 468 Non
1322 436 1515 468 obstantibus
1551 436 1825 469 ‹·‹mstituti0nilnts

1089 492 1114 518 et
1142 487 1390 520 ordinationibus
1414 489 1608 531 apostolicis,
1635 499 1754 521 necnon
1783 489 1825 520 di-

1088 544 1209 572 etarnm
1245 541 1449 574 e‹:‹3·lesiarum
1475 542 1591 579 (etiam
1625 542 1823 580 iuramento,

1088 592 1326 625 confirmatione
1344 594 1524 636 apostolica,
1545 595 1589 626 vel
1607 594 1716 637 quavis
1730 594 1825 626 tirmi-

1088 649 1148 676 tate
1173 645 1233 677 alia
1259 645 1439 688 roboratis)
1464 647 1585 680 statutis
1610 651 1638 680 ct
1662 652 1825 679 consuetu-

1086 696 1221 736 dinibus,
1239 697 1411 740 privilegiis
1428 709 1562 741 quoque,
1581 699 1707 732 indultis
1724 704 1754 731 et
1774 699 1823 730 lit-

1087 749 1160 782 teris
1192 751 1392 793 apostolicis,
1424 751 1540 783 eisdem
1578 752 1736 791 ecelesiis,
1761 752 1825 784 illo-

1087 812 1221 845 rumque
1246 803 1399 846 capitulis,
1418 804 1584 843 canonicis,
1606 810 1635 836 et
1663 805 1824 847 quibusvis

1086 854 1154 887 aliis
1179 855 1394 898 superioribus
1426 861 1456 888 et
1485 857 1648 898 personis,
1674 858 1731 889 snb
1755 859 1824 900 qui-

1087 907 1282 951 buscumque
1307 909 1468 940 tenoribus
1495 914 1523 940 et
1548 909 1668 947 l'ornns,
1693 920 1727 941 ac
1753 921 1823 941 cum

1086 959 1247 1002 quibusvis
1272 961 1419 993 clausulis
1444 966 1470 992 et
1498 961 1641 1000 decretis,
1659 961 1689 993 in
1705 967 1825 993 contra-

1086 1012 1167 1044 rium
1182 1013 1429 1055 praemissorum
1446 1013 1682 1056 quomodolibet
1702 1024 1826 1046 conces<

1087 1064 1138 1103 sis,
1160 1065 1353 1097 confirmatis
1368 1071 1395 1097 et
1415 1065 1604 1108 approbatis.
1626 1066 1744 1104 Quibus
1761 1077 1825 1098 om-

1087 1117 1178 1149 nibus
1204 1123 1230 1150 et
1258 1118 1407 1160 singulis,
1433 1129 1542 1150 eorum
1568 1118 1710 1151 omnium
1736 1123 1823 1151 teno-

1087 1181 1137 1202 res
1162 1171 1378 1213 praesentibus
1400 1182 1458 1214 pro
1476 1172 1566 1214 plene
1584 1177 1610 1203 et
1633 1172 1823 1204 sutiicienter

1086 1224 1241 1266 expressis
1259 1229 1285 1256 et
1309 1224 1346 1256 ad
1372 1224 1501 1256 verbum
1520 1225 1643 1257 insertis
1664 1225 1822 1265 babentes,

1088 1276 1147 1309 illis
1165 1277 1239 1308 alias
1261 1277 1291 1309 in
1312 1288 1368 1309 suo
1389 1277 1503 1309 robore
1524 1278 1747 1320 permansuris,
1766 1279 1823 1310 bae

1087 1329 1151 1361 viee
1172 1330 1329 1362 dumtaxat
1356 1330 1531 1373 specialiter
1549 1335 1578 1362 et
1602 1341 1749 1374 expresse
1774 1332 1824 1363 de-

1086 1393 1256 1425 rogamus,
1282 1384 1456 1426 ceterisque
1493 1385 1657 1416 rontrariis
1693 1385 1822 1428 quibus-

1086 1447 1229 1479 eumque.

1130 1490 1239 1522 Datum
1268 1491 1383 1523 Romae
1416 1491 1497 1534 apud
1529 1496 1667 1524 sanctam
1694 1492 1820 1524 Mariam

1086 1542 1250 1583 Maiorem,
1281 1543 1338 1575 sub
1363 1544 1477 1575 annulo
1504 1544 1680 1584 piscatoris,
1705 1545 1754 1576 die
1780 1556 1820 1577 xx

1086 1595 1150 1627 iulii
1176 1605 1305 1635 Mncxm,
1326 1596 1525 1639 pontificatus
1554 1598 1651 1629 nostri
1676 1608 1757 1630 anno
1779 1608 1818 1630 ix,

1121 1658 1180 1685 Dat.
1198 1659 1240 1685 die
1255 1659 1290 1685 ⁹20
1305 1659 1360 1685 iulii
1380 1660 1456 1692 1613,
1474 1660 1567 1694 pontif.
1590 1668 1632 1686 an.
1652 1667 1685 1687 tx.

1391 1773 1509 1807 ccxvi.

1086 1843 1294 1885 Confirmatio
1346 1844 1514 1876 erectionis
1561 1847 1820 1888 conyreqatiom's

1123 1896 1383 1940 presbyterorum
1407 1897 1603 1930 secularium
1631 1899 1666 1930 in
1690 1899 1819 1931 ecclesia

1127 1950 1231 1981 sancti
1255 1949 1428 1982 Law'entz'r'
1451 1950 1486 1982 in
1512 1950 1650 1983 Damaso
1675 1951 1712 1983 de
1740 1952 1820 1984 Urbe

1125 2012 1144 2033 α
1169 2001 1337 2034 cardinale
1360 2001 1518 2034 itlontalto
1544 2003 1748 2035 institutae&

1320 2072 1430 2099 Paulus
1450 2073 1529 2106 Papa
1549 2074 1579 2106 V,

1205 2116 1240 2143 ad
1260 2119 1437 2150 perpetuam
1451 2117 1496 2144 rei
1512 2117 1693 2144 memoriam.

1126 2177 1184 2209 Pro
1214 2178 1312 2209 nostri
1345 2178 1509 2221 pastoralis
1542 2180 1681 2211 muneris
1712 2179 1817 2211 debito

1080 2230 1273 2264 auctoritatis
1297 2236 1421 2263 nostrae
1445 2232 1559 2264 robore
1577 2232 1710 2265 libenter
1734 2243 1817 2265 com-

1081 2283 1250 2323 munimus,
1274 2293 1353 2326 quae
1377 2295 1435 2326 pro
1459 2284 1571 2317 domus
1595 2285 1648 2317 Dei
1674 2286 1756 2325 zelo,
1775 2286 1817 2318 di-

1080 2336 1204 2379 vinique
1229 2337 1329 2370 eultus
1353 2343 1560 2379 augumento,
1585 2343 1613 2370 et
1638 2339 1815 2371 animarum

1080 2389 1178 2421 salute
1201 2399 1262 2422 non
1288 2390 1353 2421 sine
1378 2390 1557 2423 maturitate
1586 2391 1708 2423 consilii
1733 2392 1817 2424 novi-

1079 2451 1149 2473 mus
1171 2441 1328 2481 instituta,
1353 2448 1445 2485 prout
1470 2443 1680 2486 conspicimus
1705 2444 1736 2476 in
1761 2444 1817 2477 Do-

1080 2494 1165 2526 mino
1190 2494 1356 2526 salubriter
1381 2495 1536 2538 expedire.

1124 2548 1138 2589 ξς
1167 2547 1191 2578 l.
1225 2547 1370 2590 Exposuit
1405 2547 1557 2590 siquidem
1595 2549 1684 2582 nobis
1714 2560 1815 2593 nuper

1079 2599 1211 2632 dilectus
1224 2600 1306 2632 tilius
1323 2605 1429 2633 noster
1442 2601 1615 2634 Alexander
1628 2603 1724 2635 sancti
1741 2603 1814 2635 Lau-

1116 2663 1124 2688 1
1146 2662 1181 2688 Ex
1198 2661 1302 2696 aegest.
1321 2663 1346 2688 in
1363 2662 1461 2689 Secret.
1480 2663 1558 2690 Brev.

1839 283 1887 309 Αιι.
1909 282 1937 309 C.
1958 282 2024 308 1613

1855 449 1968 473 „erogatio
1978 456 2025 470 cun-

1841 478 1962 497 trariorum.

1858 2188 1997 2210 Prooemium.

1830 2559 1945 2582 Cantium<
1957 2561 2013 2581 Mon-

1830 2588 1892 2606 tatto-
1925 2593 2012 2613 congre-

1829 2616 1934 2636 rationem
1965 2620 2011 2640 pre*
