2293 3231
291 309 340 336 An.
359 307 386 336 c.
407 308 476 336 ¹6¹2
527 298 587 332 180

303 638 420 664 Episcopus
435 639 473 659 Ca·

290 667 409 686 aturensis
429 668 472 686 lau-

289 693 380 712 deintum

288 721 329 739 ¹01·
336 719 411 739 endum
427 724 472 739 csse

289 749 412 771 praesuunt.

313 1106 406 1131 Actaque
421 1110 471 1125 eau-

286 1137 309 1151 sa
338 1135 369 1151 est
397 1136 470 1151 cnuti-a

287 1159 359 1178 tiu-um
373 1164 470 1178 reveren-

286 1185 326 1205 dae
343 1190 440 1205 camerae
449 1191 470 1205 a·

285 1211 414 1238 portulacae.

326 2443 406 2464 ocimu·
423 2449 469 2469 ipsa

286 2470 345 2490 Clara
375 2470 469 2490 infeuda-

285 2500 363 2517 tionein
373 2502 385 2516 {t
400 2496 471 2518 Ponti-

286 2523 324 2543 tice
340 2526 405 2549 petru

491 356 710 390 Cavallicensis
727 354 876 399 episcopi,
890 364 1049 398 censuque
1063 360 1091 386 et
1106 354 1234 387 servitio

490 415 658 447 consueto,
684 414 775 452 prout
803 408 832 440 in
858 407 1064 441 instrumento
1097 407 1234 451 desuper

489 464 631 495 cont'ccto
655 472 711 505 per
739 461 886 494 dilectum
917 460 1017 493 lilium
1041 460 1232 504 Stephanum

490 515 606 548 Marclli
632 514 788 548 notarium
814 514 914 546 dictae
942 513 1075 548 civitatis
1099 514 1232 547 Avenio-

490 569 594 601 nensis
620 568 742 611 plenius
766 567 881 599 dicitur
905 567 1069 600 contineri.

533 623 547 664 ,ξ
572 622 600 654 2.
627 622 663 654 tit
680 620 822 659 subinde,
844 631 915 653 cuin
940 620 1039 653 bonae
1060 621 1232 654 memoriae

488 675 707 719 Hieronymus,
733 674 807 707 duni
833 673 917 713 vixit,
942 673 1107 717 episcopus
1126 674 1232 707 Caval-

489 727 622 767 licensis,
637 727 684 760 ius
698 726 889 760 concedendi
902 726 1118 760 investituram
1130 727 1232 759 dictae

488 781 604 820 Clarae,
629 791 686 813 uec
711 790 773 813 non
798 779 992 812 laudemium
1017 780 1136 813 ratione
1161 791 1232 813 ven-

488 833 614 866 ditionis
638 833 817 878 praedictae
843 833 873 866 in
899 833 959 865 illis
983 833 1125 877 partibus
1153 834 1230 867 solvi

487 888 624 927 solitum,
649 898 711 920 non
736 887 837 927 nobis,
863 887 916 919 sed
942 887 1010 927 sibi,
1028 892 1058 919 et
1082 898 1139 931 pro
1157 893 1232 920 tem-

487 952 564 985 pore
580 942 721 976 existenti
739 942 888 986 episcopo
905 941 1104 975 Cavallieensi
1121 942 1230 975 deberi

487 995 710 1039 praetendens,
728 995 813 1029 litem
837 1006 932 1039 super
948 995 1126 1039 receptione
1151 995 1231 1028 eius—

486 1048 558 1081 dem
584 1049 730 1082 laudemii
757 1053 785 1083 et
811 1048 1009 1082 concedenda
1047 1048 1228 1082 investitura

488 1102 648 1145 praedicta
673 1108 782 1134 contra
806 1102 917 1134 liscum
944 1107 1088 1135 nostrum
1114 1102 1144 1135 in
1170 1101 1230 1134 illis

486 1154 630 1197 partibus
661 1160 753 1198 atquc
786 1155 878 1188 etiam
915 1154 945 1187 iu
972 1155 1111 1188 Romana
1137 1155 1228 1188 Curia

485 1208 720 1249 introduxisset,
740 1214 767 1242 et
791 1209 914 1243 interim
932 1209 1013 1242 dicta
1033 1209 1120 1242 Clara
1138 1209 1231 1242 licen-

486 1262 560 1294 tiam
596 1261 735 1305 petiisset
768 1266 798 1296 et
830 1262 1013 1295 obtinuisset
1050 1262 1228 1306 possidendi

485 1315 602 1349 dictum
627 1321 765 1349 castrum
783 1327 855 1349 cum
881 1317 948 1348 eius
974 1316 1095 1349 iuribus
1111 1323 1138 1349 et
1158 1328 1229 1360 per-

485 1368 622 1402 tinentiis
645 1380 662 1401 a
687 1368 788 1401 iudice
807 1380 949 1402 camerae
966 1373 1090 1403 nostrae
1107 1375 1230 1413 aposto-

485 1421 562 1454 licae
579 1422 611 1454 in
628 1422 750 1456 civitate
772 1422 1062 1466 Carpem-torateusi
1087 1423 1229 1465 degente,

485 1475 579 1508 citato
608 1479 814 1519 procuratore
846 1476 919 1509 dicti
955 1476 1135 1520 Hieronymi
1164 1477 1229 1520 cpi—

485 1528 582 1572 scopi,
607 1534 634 1561 et
661 1528 691 1561 in
717 1528 799 1561 illius
819 1529 1046 1562 contumaciam
1067 1529 1229 1562 obtulisset

485 1582 628 1626 accipere
660 1583 898 1623 investituram,
923 1589 950 1615 et
976 1583 1097 1616 solvere
1127 1583 1230 1616 laude-

486 1635 603 1676 mium,
628 1635 679 1668 cui
704 1636 803 1678 magis
827 1636 865 1668 de
890 1636 958 1669 iure
983 1636 1170 1677 deberetur,
1194 1648 1228 1670 ac

485 1689 670 1729 successive,
690 1689 851 1733 praedicto
872 1690 1063 1734 llieronvmo
1081 1691 1228 1735 episcopo

486 1743 546 1777 vita
571 1744 687 1785 functo,
708 1744 826 1776 iurium
843 1750 871 1777 et
888 1744 1062 1788 spoliorum
1086 1755 1228 1778 camerae

485 1802 610 1830 nostrae
627 1798 818 1841 apostolicae
836 1797 1014 1831 debitorum
1032 1798 1063 1830 in
1083 1798 1143 1831 illis
1160 1809 1230 1842 par-

486 1850 567 1883 tibus
592 1850 803 1884 subcollector
826 1850 1019 1884 laudemium
1048 1851 1228 1884 huiusmodi

485 1903 566 1946 exigi
593 1909 750 1941 curasset,
776 1904 828 1936 lite
853 1909 883 1936 et
907 1907 1022 1944 causa,
1048 1910 1108 1937 tam
1134 1915 1230 1948 super

484 1956 636 1999 praedicti
660 1957 808 1990 laudemii
833 1957 998 1998 solutione,
1015 1968 1109 2001 quam
1130 1969 1228 2001 quan-

486 2009 570 2043 titate
587 2010 625 2042 ad
642 2020 736 2054 quam
751 2011 942 2043 laudemium
956 2011 1135 2044 huiusmodi
1151 2011 1228 2044 solvi

485 2062 622 2103 deberet,
640 2068 668 2096 et
686 2073 725 2095 an
742 2063 780 2095 ad
798 2074 965 2103 cameram,
980 2064 1027 2096 vel
1044 2064 1227 2108 episcopum

485 2116 680 2158 praedictum
695 2117 862 2160 pertineret
879 2122 906 2150 et
926 2123 1089 2161 spectaret,
1114 2118 1229 2151 indeci-

485 2169 526 2201 sis
539 2169 762 2212 pendentibns;
777 2169 935 2213 praedicta
948 2170 1046 2210 Clara,
1056 2171 1094 2203 ad
1112 2171 1227 2204 instan-

485 2222 559 2254 tiam
573 2222 703 2266 praefati
721 2223 957 2261 subcollectoris
972 2227 999 2257 et
1020 2224 1226 2257 commissarii

485 2275 670 2318 spoliorum,
689 2276 837 2319 persolvit
859 2281 945 2309 scuta
967 2276 1101 2309 ducenta
1126 2277 1226 2310 eidem

485 2328 703 2362 sommissario
729 2329 767 2361 ad
793 2329 912 2362 bonum
941 2336 1123 2374 computum
1153 2331 1226 2364 dicti

486 2381 646 2423 laudemii,
671 2382 744 2415 sede
769 2383 939 2426 episcopali
964 2383 1066 2416 adhuc
1090 2389 1225 2417 vacante.

531 2434 586 2478 ξῧ.
605 2435 819 2476 Postmodum,
836 2436 916 2470 saeta
931 2437 1110 2481 provisione
1127 2437 1228 2471 dictae

485 2488 633 2521 ecclesiae
650 2489 867 2522 Cavallicensis
887 2489 925 2522 dc.
945 2492 1079 2533 persona
1103 2501 1228 2524 venera-

485 2541 556 2574 bilis
580 2542 685 2575 fratris
700 2542 817 2575 Octavii
835 2543 975 2586 episcopi
1000 2544 1227 2585 Cavallicensis,

485 2606 557 2628 cum
582 2595 665 2629 dicta
687 2596 775 2629 Clara
799 2596 940 2630 differret
963 2608 1087 2630 sumere
1112 2598 1227 2631 dictam

486 2649 702 2682 investituram
733 2660 748 2681 a
781 2652 905 2683 camera
942 2652 1050 2684 nostra
1081 2651 1227 2694 illiusque

485 2702 671 2737 officialibus
695 2703 726 2736 in
752 2703 812 2737 illis
836 2704 978 2747 partibus
1005 2705 1225 2738 commoranti-

1076 306 1253 330 Bruanium
1278 304 1431 330 ROMANUM

1266 354 1335 393 bus,
1360 359 1389 386 et
1415 354 1536 387 solvere
1564 353 1725 387 residuum
1756 353 1830 389 dicti
1863 353 2010 387 laudemii

1267 406 1428 450 praedicto
1452 407 1685 447 subcollectori,
1702 407 1741 440 de
1762 407 1908 442 mandato
1931 408 2011 441 eius-

1266 459 1337 492 dem
1362 460 1600 493 subcollectoris
1628 460 1751 494 suerunt
1780 461 1877 494 sactae
1900 461 2011 505 pigno-

1267 513 1403 546 rationes
1420 517 1448 547 et
1467 514 1693 557 exequutiones
1710 513 1741 546 in
1760 519 1791 546 et
1807 524 1901 558 super
1918 514 2009 547 bonis

1267 565 1437 599 mobilibus
1453 567 1490 599 ed
1509 566 1724 600 immobilibus
1739 567 1878 600 eiusdem
1891 567 2008 607 Clarae,

1266 630 1302 652 ac
1326 619 1419 653 ctiam
1444 630 1539 663 super
1563 620 1646 654 dicto
1667 625 1770 653 castro
1798 620 2008 661 Vallisclusae,

1267 678 1328 708 tam
1353 678 1423 708 ante
1447 685 1542 718 quam
1567 678 1637 718 post
1660 674 1804 718 adeptam
1833 685 1890 719 per
1917 685 2008 718 prae-

1266 727 1383 761 dictum
1397 727 1559 760 Octavium
1577 727 1761 772 episcopum
1778 727 2008 772 possessionem

1265 779 1364 813 dictae
1389 780 1549 821 ecclesiae,
1574 791 1636 813 non
1661 781 1858 814 obstantibus
1881 781 2008 825 opposi-

1266 833 1403 867 tionibus
1427 840 1455 867 ct
1481 834 1743 878 appellationibus
1767 834 1855 869 sactis
1871 838 1899 868 ct
1916 834 2009 867 inter-

1265 887 1372 930 positis
1386 897 1443 930 per
1459 887 1573 921 dictam
1586 887 1708 921 Claram
1720 893 1750 920 et
1767 891 2006 932 procuratorem

1265 940 1395 983 praefati
1413 940 1530 974 Octavii
1555 941 1694 985 episcopi
1711 940 1943 985 praetendentis
1958 940 2008 973 ius

1265 994 1456 1027 concedendi
1496 995 1713 1028 investituram
1747 1000 1778 1028 et
1812 994 2006 1038 percipiendi

1264 1047 1382 1080 dictum
1406 1048 1598 1081 laudemium
1623 1048 1763 1082 nondum
1787 1048 1909 1091 integre
1925 1047 2009 1080 solu-

1265 1107 1330 1134 tum
1355 1101 1392 1133 ad
1417 1112 1450 1134 se
1474 1101 1642 1145 pertinere,
1660 1101 1700 1135 ob
1718 1101 1804 1146 quod
1820 1101 1902 1134 dicta
1918 1100 2007 1134 Clara

1264 1154 1291 1187 a¹
1308 1154 1422 1188 dilecto
1436 1155 1500 1188 tilio
1514 1155 1710 1189 thesaurario
1724 1164 1868 1188 camerae
1881 1159 2007 1187 nostrae

1265 1208 1295 1240 in
1321 1208 1469 1241 comitatu
1495 1208 1683 1252 Venavssino
1700 1235 1707 1247 ,
1732 1218 1805 1241 cum
1830 1208 2008 1241 interventu

1264 1261 1338 1295 dicti
1359 1261 1597 1296 subcollectoris
1623 1266 1653 1296 et
1671 1262 1805 1295 aliorum
1825 1261 2006 1295 officialium

1264 1325 1406 1348 canu-rae
1435 1320 1560 1348 nostrae
1589 1314 1778 1359 apostolicae
1807 1315 1838 1348 in
1865 1314 2007 1358 partibus

1264 1368 1433 1411 praedictis
1456 1369 1731 1408 commorantium,
1756 1373 1786 1401 et
1810 1378 1882 1401 cum
1905 1372 2008 1412 prote-

1264 1421 1459 1461 stationibus,
1477 1421 1755 1461 reservationibus‚
1772 1426 1802 1454 et,
1826 1421 1884 1454 sub
1908 1421 2007 1465 pactis

1264 1479 1292 1508 et
1323 1474 1523 1518 qualitatibus
1555 1474 1708 1508 contentis
1737 1475 1769 1507 in
1797 1475 2007 1509 instrumento

1263 1527 1400 1572 desuper
1413 1529 1554 1562 consecto
1567 1539 1624 1572 per
1637 1528 1785 1561 dilectum
1799 1528 1898 1561 silium
1914 1527 2008 1561 Fran—

1264 1581 1381 1614 ciscum
1405 1581 1514 1615 Geresi
1547 1581 1752 1614 vicescribam
1781 1581 1882 1614 dictae
1907 1591 2007 1615 came-

1263 1646 1326 1675 rae,
1341 1635 1440 1669 eidem
1453 1635 1674 1669 subcollectori
1688 1635 1884 1678 consignavit
1899 1641 1927 1668 et
1948 1641 2007 1669 tra-

1263 1688 1339 1723 didit
1352 1693 1477 1722 centum
1493 1689 1638 1721 salmatas
1651 1688 1811 1730 frumenti,
1821 1699 1857 1722 ex
1871 1692 2005 1733 quarum

1262 1741 1365 1785 pretio
1390 1741 1482 1775 solvit
1499 1747 1586 1774 scuta
1611 1745 1760 1783 tercenta,
1778 1742 1861 1775 ultra
1877 1742 1937 1775 alia
1953 1742 2007 1775 du-

1263 1800 1352 1828 centa
1369 1794 1529 1839 praedicta
1540 1794 1579 1827 ad
1595 1794 1714 1828 bonum
1729 1800 1914 1840 computum
1931 1795 2006 1830 dicti

1264 1848 1427 1890 laudemii,
1452 1848 1573 1882 ratione
1597 1848 1767 1892 supradicti
1792 1849 1882 1893 spolii
1896 1860 1904 1889 ;
1929 1849 2006 1883 ulte-

1263 1902 1425 1945 rioresque
1442 1901 1545 1934 litium
1561 1902 1718 1935 anfractus
1734 1901 1850 1935 evitare
1865 1902 2005 1946 cupiens,

1262 1966 1322 1999 pro
1346 1954 1473 1988 residuo
1497 1954 1636 1987 eiusdem
1665 1954 1831 1996 laudemii,
1855 1955 1915 1988 alia
1939 1966 2007 2000 sep—

1264 2009 1401 2053 tingenta
1434 2014 1521 2042 scuta
1555 2008 1669 2041 similia
1699 2008 1790 2042 nobis
1825 2005 2006 2052 persolvere

1262 2062 1387 2103 obtulit,
1411 2061 1584 2095 dummodo
1609 2061 1780 2095 venditioni
1805 2065 1833 2096 ct
1855 2061 2006 2106 emptioni

1262 2115 1430 2159 praedictis
1462 2115 1693 2159 beneplacitum
1728 2125 1782 2148 seu
1818 2125 2006 2149 consensum

1261 2173 1476 2213 opportunum
1501 2180 1536 2202 ac
1560 2169 1751 2212 apostolicae
1774 2174 1900 2203 nostrae
1930 2176 2006 2203 con*

1262 2222 1449 2256 firmationis
1462 2223 1562 2256 robur
1574 2223 1720 2264 adiicere,
1734 2222 1895 2267 ipsiusque
1911 2219 2005 2256 castri

1263 2276 1504 2310 infeudationem
1525 2276 1587 2309 illis
1603 2276 1698 2310 modo
1714 2280 1744 2308 et
1760 2275 1871 2316 forma,
1889 2275 2005 2319 quibus

1261 2329 1439 2373 praedictae
1463 2329 1663 2372 Magdalenae
1690 2339 1745 2362 seu
1765 2328 1848 2361 illius
1869 2333 2006 2361 anteces-

1261 2383 1385 2417 soribus
1401 2394 1549 2417 concessa
1565 2381 1687 2424 sueraff,
1705 2382 1877 2416 concedere
1893 2381 2004 2426 digna-

1261 2447 1378 2470 remur.

1306 2490 1321 2533 ξ
1337 2490 1366 2523 4.
1385 2491 1447 2523 Nos
1464 2490 1574 2533 igitur,
1590 2489 1783 2534 praedictam
1799 2489 1922 2523 Claram
1939 2499 2005 2534 spe·

1262 2543 1392 2577 cialibus
1417 2543 1578 2576 favoribus
1602 2549 1629 2576 et
1656 2543 1764 2586 gratiis
1787 2543 1936 2587 prosequi
1954 2553 2005 2577 vo·

1300 2670 1308 2695 t
1328 2669 1366 2694 An
1377 2667 1442 2703 quid
1453 2666 1533 2700 desit,
1545 2666 1646 2694 iudicet
1660 2667 1780 2703 prudens
1795 2667 1882 2695 lector
1894 2667 1934 2703 (n.
1949 2667 2000 2704 τ.).

1296 2713 1313 2740 2
1329 2712 1428 2740 Forsan
1444 2712 1486 2740 btc
1502 2711 1578 2740 deest
1594 2712 1651 2748 ipsi
1666 2712 1705 2748 (a.
1722 2713 1772 2747 τ.).

2023 306 2072 332 An.
2088 305 2116 334 c.
2136 295 2226 336 mn<-
2236 291 2272 349 fg·

2044 2507 2092 2532 Qut,
2103 2507 2202 2535 imponite
2220 2501 2221 2504 ¹

2017 2539 2082 2560 super
2089 2534 2130 2556 tue
2137 2538 2203 2556 um
2213 2538 2222 2546 ¹
2265 2535 2266 2538 ’

2017 2560 2103 2582 attentio
2121 2561 2203 2591 opimo·

1262 2602 1371 2637 tentes,
1391 2602 1421 2629 et
1446 2607 1463 2629 a
1487 2595 1738 2640 quibuscumque
1755 2595 2005 2630 excommunica·
2017 2592 2052 2614 ’ω’
2066 2588 2168 2614 ”mm
