2293 3231
512 271 576 307 836
1058 272 1233 297 arcumen
1258 270 1408 295 nonme!

1225 404 1250 438 G

470 548 597 592 Georgii
623 546 679 590 (S.)
706 544 746 579 de
771 542 904 584 Alfama,
930 540 1051 582 militia,
1077 539 1140 573 170
1165 538 1192 571 b.

470 602 600 636 Gildasii
626 599 683 643 (S.)
709 597 936 632 monasterium
960 594 999 628 ad
1024 597 1139 628 statum
1163 590 1343 626 secularem
1362 589 1541 631 redactum,
1565 588 1629 621 766
1655 590 1687 621 et
1710 597 1771 632 seq.

470 655 644 688 Goanensis
668 651 802 685 ecclesia
826 652 857 683 in
882 648 981 683 Indiis
1006 645 1232 687 orientalibuS,
1254 645 1292 679 21
1319 654 1350 677 α.
1376 641 1425 677 Ab
1449 643 1520 687 ipsa
1542 642 1722 686 seiungitur
1746 639 1850 675 insula
1873 639 2008 674 Mozam-

558 707 665 751 bique,
690 703 768 737 ibid.
794 707 825 738 et
848 713 909 747 seq.

470 762 619 804 Gorgonii
646 759 702 803 (S.)
729 757 855 792 abbatia
879 755 1011 791 Ordinis
1035 754 1064 787 S.
1090 752 1255 787 Benedicti
1280 751 1441 785 dioecesis
1464 750 1614 784 Metensis
1639 750 1671 784 in
1696 748 1798 783 Gallia
1822 750 1930 784 unitur
1959 757 2010 782 ec-

560 813 675 847 elesiae
701 811 734 845 B.
758 811 798 845 M.
823 809 858 843 V.
885 810 925 843 de
946 809 1086 852 Nancey,
1112 808 1176 841 590
1201 818 1221 840 a
1245 809 1276 841 et
1299 817 1361 850 seq.

471 867 643 911 Gregorius
667 863 735 898 xlv
760 865 999 898 universitatem
1024 862 1220 895 Bisuntinam
1247 862 1278 894 in
1303 860 1437 904 gratiam
1455 858 1603 893 Dolensis
1624 859 1804 902 supprimit,
1830 857 2011 892 revocando

559 921 638 953 Sixti
662 918 686 951 V
712 918 842 959 litteras,
870 917 887 951 2
913 928 941 950 α.

472 974 643 1018 Gregorius
666 971 722 1004 XV
747 981 836 1005 sacra
860 971 961 1004 thiara
986 968 1163 1010 redimitur,
1190 967 1252 1001 482
1278 977 1307 1000 α.
1332 966 1464 1000 Beatum
1494 965 1651 1000 Isidorum
1676 965 1858 1009 Agricolam
1882 964 2013 999 Sancto-

560 1037 626 1060 rum
653 1027 794 1069 catalogo
819 1024 981 1064 adscribit,
1008 1024 1070 1057 482
1095 1022 1141 1056 b—
1159 1023 1222 1056 490
1245 1033 1275 1055 a.
1302 1021 1471 1064 Privilegia
1499 1020 1703 1054 conelavistis
1723 1021 1778 1065 qui
1801 1020 2014 1054 interfuerunt

560 1080 702 1114 conclavi
728 1081 758 1113 in
784 1089 846 1124 quo
870 1080 938 1122 lpse
964 1078 1111 1111 Pontifex
1136 1076 1258 1110 electus
1283 1075 1343 1110 fuit
1367 1075 1529 1116 elargitur,
1548 1073 1610 1107 492
1628 1084 1646 1106 α
1664 1084 1726 1118 seq.
1751 1072 1930 1107 lubilaeum
1947 1073 2014 1106 uni-

560 1133 683 1167 versale
711 1134 799 1166 initio
826 1134 875 1165 sui
904 1132 1108 1166 Pontificatus
1133 1129 1265 1170 indicit,
1291 1128 1355 1162 500
1380 1129 1397 1161 b
1421 1139 1483 1172 seq.
1508 1126 1720 1161 Cubiculariis
1745 1128 1812 1161 suis
1836 1127 1958 1162 indulta
1982 1130 2015 1160 et

561 1189 781 1231 exemptiones
806 1186 967 1227 coneedit,
993 1185 1057 1219 510
1082 1195 1101 1218 a
1127 1188 1158 1218 et
1181 1194 1243 1228 seq.
1269 1181 1418 1225 Indulget
1442 1180 1599 1215 celebrari
1624 1180 1737 1215 festum
1762 1181 1796 1215 B.
1812 1181 1952 1215 Thomae
1972 1180 2013 1214 de

561 1240 746 1282 villanova,
773 1239 836 1273 520
861 1251 891 1273 a.
916 1238 1065 1273 Officium
1089 1238 1317 1271 camerariatus
1342 1245 1414 1270 cuin
1440 1234 1643 1269 facultatibus
1672 1235 1779 1269 multis
1804 1235 1927 1269 confert
1953 1234 2015 1269 Lu-

561 1292 674 1325 dovico
699 1291 852 1325 cardinali
878 1290 1057 1332 Ludovisio,
1075 1301 1132 1324 suo
1156 1290 1336 1324 secundum
1360 1298 1490 1323 carnem
1515 1290 1635 1334 nepoti,
1653 1289 1713 1322 521
1735 1299 1771 1329 α;
1799 1288 1952 1334 illiusque
1972 1288 2017 1321 os-

562 1348 625 1381 ficii
651 1346 815 1380 facultates
840 1345 980 1389 explicat
1004 1349 1035 1379 et
1060 1350 1166 1389 auget,
1193 1345 1253 1379 521
1282 1344 1297 1378 b
1322 1355 1383 1389 seq.
1419 1343 1522 1386 Erigit
1546 1343 1832 1387 congregationem
1860 1341 1890 1376 S.
1914 1341 2015 1376 Mauri

564 1399 694 1434 Ordinis
718 1399 748 1433 S.
774 1398 938 1433 Benedicti
963 1400 995 1432 iu
1020 1398 1141 1441 Galliis,
1167 1399 1231 1432 535
1256 1408 1318 1443 seq.
1336 1395 1502 1441 Approbat
1521 1400 1553 1430 et
1575 1397 1715 1430 instituit
1735 1397 1932 1430 erectionem
1955 1394 2016 1429 col-

563 1453 636 1497 legii
662 1454 850 1497 Gregoriani
882 1453 922 1486 de
956 1451 1040 1486 Urbe
1073 1462 1130 1496 pro
1154 1451 1303 1486 omnibus
1339 1450 1555 1485 Benedictinis
1590 1450 1723 1484 Romam
1759 1449 2015 1493 confluentibus,

563 1507 625 1540 538
649 1517 709 1551 seq.
735 1505 824 1540 Clero
849 1506 940 1549 regni
965 1505 1113 1539 Poloniae
1139 1506 1271 1539 assentit
1300 1507 1335 1538 ut
1358 1503 1538 1538 subsidium
1563 1505 1631 1548 regi
1656 1504 1778 1546 solvat,
1806 1504 1868 1537 546
1894 1503 1921 1537 b.
1949 1504 2013 1538 Sex

563 1560 703 1594 decimas
720 1561 749 1593 in
769 1560 916 1593 dominiIs
933 1558 1112 1593 Sabaudiae
1134 1569 1190 1603 pro
1207 1557 1317 1592 Carolo
1337 1557 1546 1591 Emmanuele
1572 1557 1653 1590 duce
1679 1556 1808 1599 indicit,
1833 1557 1897 1591 547
1922 1556 1939 1590 I>
1954 1567 2016 1602 seq.

564 1614 674 1647 Statuit
695 1618 726 1647 ut
745 1613 971 1647 ecclesiasticis
988 1614 1126 1647 civitatis
1142 1612 1352 1646 Bononiensis
1368 1612 1408 1646 ad
1426 1621 1523 1656 opera
1541 1611 1669 1656 publica
1686 1615 1886 1654 concurrant,
1904 1611 1966 1645 551
1988 1611 2015 1645 b.

563 1667 634 1701 iura
658 1667 767 1701 definit
792 1667 970 1710 legatorum
995 1670 1025 1701 et
1057 1667 1116 1700 fori
1147 1665 1431 1710 archiepiscopalis
1455 1665 1723 1707 Bononiensium,
1750 1666 1823 1699 552.
1849 1665 2016 1710 Episcopis

563 1721 725 1755 indiarum
749 1721 995 1755 occidentalium
1021 1721 1166 1765 indulget
1189 1720 1274 1765 quod
1307 1720 1431 1764 possint
1455 1719 1614 1753 doctorari
1645 1721 1669 1753 ii
1698 1720 1753 1764 qui
1777 1719 1960 1754 studuerint
1985 1721 2016 1753 in

564 1774 706 1818 collegiis
730 1775 895 1809 Societatis
919 1775 1003 1814 lesu,
1026 1775 1089 1808 555
1115 1785 1143 1808 a.
1169 1774 1322 1810 Officium
1345 1775 1521 1808 notariatus
1545 1774 1641 1817 erigit
1663 1784 1721 1818 pro
1745 1773 1919 1807 formandis
1943 1783 2017 1818 pro-

564 1828 708 1862 cessibus
733 1838 831 1872 super
855 1827 1061 1873 qualitatibus
1086 1828 1377 1873 promovendorum
1401 1826 1441 1861 ad
1467 1829 1620 1862 ecclesias
1645 1831 1675 1862 et
1700 1828 1895 1862 monasteria
1919 1828 2019 1861 consi-

565 1881 722 1923 storialia,
747 1891 784 1915 ac
809 1891 906 1926 super
930 1891 1039 1916 eorum
1063 1886 1162 1924 statu,
1187 1882 1249 1916 556
1275 1893 1295 1915 a
1319 1885 1351 1916 et
1373 1892 1435 1926 seq.
1469 1881 1689 1916 Universitatis
1721 1881 1922 1915 Trevirensis
1948 1889 2019 1914 ere-

567 1936 703 1968 ctionem
730 1939 761 1969 et
785 1935 954 1979 privilegia
978 1945 1130 1970 concessa
1155 1946 1214 1980 per
1237 1935 1404 1970 Nicolaum
1427 1934 1464 1976 V,
1489 1934 1613 1968 Sixtum
1637 1933 1679 1968 IV
1704 1937 1736 1968 et
1751 1933 1947 1968 Clementem
1963 1932 2019 1967 VII

567 1992 728 2031 recenset,
746 1990 808 2022 55¹3
833 2000 852 2023 α
876 2001 948 2035 seq„
975 1994 1005 2024 et
1029 1991 1193 2024 confirmat
1218 1990 1279 2024 571
1307 1989 1332 2022 b.
1358 1989 1462 2033 Regni
1487 1987 1661 2022 Galliarum
1684 1997 1835 2032 proceres
1860 1987 2020 2030 admonet,

569 2051 608 2073 ne
632 2040 790 2075 Ludovico
815 2043 881 2086 regi
914 2042 1089 2077 rebellibus
1114 2042 1262 2084 faveant,
1288 2044 1401 2087 cisque
1427 2042 1769 2076 excommunicationis
1795 2050 1932 2085 poenam
1961 2042 2021 2075 mi-

569 2098 670 2136 natur,
695 2095 757 2128 572
783 2106 801 2128 α
825 2106 886 2140 seq.
914 2095 1090 2140 Episcopos
1114 2106 1191 2130 vero
1216 2100 1249 2130 ut
1273 2097 1421 2130 assiduas
1446 2105 1559 2140 preces
1584 2105 1641 2140 pro
1665 2095 1751 2128 felici
1771 2094 1917 2128 eiusdem
1933 2096 2020 2139 regis

570 2151 677 2181 eontra
703 2147 880 2182 haereticos
904 2158 1057 2183 successu
1088 2149 1223 2183 fundant
1247 2149 1405 2192 hortatur,
1431 2151 1494 2183 576
1520 2161 1539 2183 α
1564 2154 1595 2184 et
1619 2149 1645 2183 b.
1670 2148 1898 2184 Ordinationes
1928 2158 2021 2193 prae-

572 2202 638 2235 linit
663 2211 718 2244 pro
743 2200 899 2245 gubernio
923 2202 1054 2236 fratrum
1078 2202 1235 2237 Minorum
1253 2203 1283 2236 S.
1302 2203 1462 2238 Francisci
1479 2203 1519 2236 de
1536 2202 1751 2239 observantia
1766 2203 2021 2237 Reformatorum

571 2255 601 2287 in
616 2254 713 2296 ltalia,
731 2255 794 2288 578
811 2266 830 2288 α
845 2266 906 2300 seq.
924 2255 1010 2290 Bona
1026 2256 1245 2290 ecclesiastica
1261 2256 1409 2291 concedit
1422 2257 1600 2300 affrancari,
1612 2257 1674 2290 579
1692 2257 1723 2297 b;
1741 2260 1771 2290 et
1786 2255 1965 2290 subsidium
1981 2254 2021 2290 ab

573 2307 798 2341 ecelesiasticis
813 2308 1001 2343 solvendum
1018 2311 1098 2353 regi,
1115 2310 1175 2343 581
1190 2320 1221 2349 a,
1240 2319 1300 2344 nee
1317 2320 1379 2344 non
1394 2310 1473 2344 duas
1486 2310 1627 2345 decimas
1644 2311 1758 2345 indicit
1773 2309 1812 2344 ab
1831 2309 2024 2344 ecelesiasti-

573 2361 617 2393 cis
638 2361 865 2404 persolvendas
884 2372 940 2405 pro
956 2362 1040 2396 bello
1060 2367 1169 2396 contra
1188 2362 1368 2398 haereticos
1384 2367 1415 2398 et
1432 2363 1578 2405 rebelles,
1597 2363 1661 2398 583
1675 2374 1737 2409 seq.
1754 2362 1906 2398 Fabricae
1922 2363 2023 2398 sancti

574 2413 656 2447 Petri
680 2413 833 2448 adscribit
857 2415 971 2449 decem
994 2415 1080 2449 mille
1105 2415 1236 2450 ducatos
1261 2426 1383 2451 annuos
1407 2417 1604 2461 colligendos
1629 2418 1661 2452 in
1686 2427 1787 2461 regno
1807 2416 2022 2460 Portugalliae

573 2474 612 2499 ex
637 2466 848 2511 eleemosynis
873 2468 1091 2513 indulgentiae
1117 2472 1287 2513 cruciatae,
1313 2472 1375 2506 587
1401 2482 1431 2506 α.
1456 2471 1626 2506 Abbatiam
1647 2472 1678 2505 S.
1699 2470 1851 2515 Gorgonii
1870 2470 2022 2505 Metensis

573 2519 728 2554 dioecesis
752 2523 820 2555 unit
844 2522 1000 2557 ecclesiae
1024 2522 1057 2556 B.
1081 2523 1120 2557 M.
1146 2523 1182 2557 V.
1203 2524 1243 2558 de
1267 2524 1414 2570 Naneey,
1440 2525 1504 2559 590
1528 2536 1591 2570 seq.
1619 2524 1866 2559 Universitatem
1889 2524 2023 2569 Pampi-

575 2571 736 2607 lonensem
762 2575 901 2610 cumulat
926 2576 1120 2621 privilegiis,
1143 2577 1207 2611 592
1231 2577 1248 2610 b
1280 2589 1342 2623 seq.
1366 2579 1511 2613 Formam
1536 2580 1568 2612 in
1593 2578 1736 2613 Indicum
1760 2581 2024 2612 conservatorum

576 2625 783 2661 electionibus
810 2630 1000 2664 servandam
1028 2629 1231 2674 praeseribit,
1260 2631 1322 2664 597
1344 2642 1363 2666 α
1382 2642 1444 2676 seq.
1468 2631 1614 2676 Philippo
1640 2631 1680 2665 1V
1704 2632 1774 2674 regi
1798 2630 2023 2676 Hispaniarum

578 2682 607 2712 et
631 2680 756 2714 Siciliae
782 2682 924 2726 indulget
947 2683 1132 2719 donativum
1158 2683 1203 2719 illi
1226 2684 1416 2722 solvendum
1441 2686 1481 2723 ab
1507 2686 1733 2723 ecclesiasticis
1757 2687 1850 2731 regni
1874 2684 2023 2728 Siciliae,
