2293 3231
265 279 313 306 An.
325 278 353 306 c.
377 278 444 307 ¹619
489 268 554 304 458

463 333 533 359 tuae
551 336 607 370 per
624 331 803 370 praesentes
821 325 1048 357 committimus
1073 330 1101 357 ct
1120 335 1204 357 man-

1044 277 1224 302 BULLARIL'M
1249 276 1404 303 Romami

1281 325 1296 368 ξ
1319 324 1349 358 3.
1374 326 1436 358 Nec
1460 335 1522 359 non
1547 331 1728 370 praesentes
1752 332 1876 360 nostras
1900 327 1978 360 litte-

463 379 584 418 damus,
605 383 767 421 quatenus,
788 377 922 411 eonstito
940 377 994 409 tibi
1020 377 1108 420 prius
1132 377 1205 420 legi·
1238 387 1289 410 ras
1303 377 1360 410 sub
1378 376 1540 420 quibusvis
1553 377 1702 411 similium
1717 379 1764 412 vel
1778 379 1976 413 dissimilium

465 433 539 465 time
563 432 600 463 de
625 430 823 474 praemissis,
848 430 946 462 dictas
970 429 1108 462 decimas
1132 440 1203 463 cum

465 484 610 517 omnibus
643 494 750 516 earum
786 484 906 516 iuribus
945 488 972 516 ct
1009 483 1205 527 pertinentiis

467 537 619 569 univorsis
644 536 682 568 ab
707 536 816 569 eadem
843 538 950 568 mensa
975 536 1144 580 episcopali
1169 546 1204 569 cx

466 601 557 630 nunc,
578 596 670 634 prout
696 596 863 634 postquam
886 600 995 623 omnes
1012 590 1050 622 ad
1076 600 1144 622 cam
1162 601 1208 623 rc-

466 645 590 680 ‹liei-int.
615 650 646 677 ut
671 644 866 688 praefertur,
891 645 1076 678 auctoritate
1100 647 1208 677 nostra

468 703 620 741 perpetuo
644 697 852 730 dismembres
869 703 897 730 et
916 708 1060 741 separes;
1078 698 1208 740 illasque

468 750 510 782 sie
535 750 779 783 dismembratas
796 756 826 783 ct
854 756 1012 794 separatas
1033 751 1210 795 praedictae

469 812 594 836 mensae
619 803 784 847 capitulari
816 814 876 846 pro
904 809 1074 846 augmento
1098 803 1207 837 distri-

469 856 632 889 butionum
672 856 927 899 quotidianarum
960 856 1210 900 praedictarum,

469 910 551 942 dieta
575 910 760 943 :umet-itate
785 912 910 950 nostra,
935 910 1027 943 etiam
1058 915 1212 954 perpetuo

469 963 609 1007 applices
643 972 670 995 et
704 963 909 1007 ap1·›1·oprics;
936 963 976 995 ita
1008 963 1093 1006 quod
1122 963 1210 995 liceat

472 1016 631 1049 modernis
657 1016 824 1059 praedictis
853 1027 887 1049 ae
910 1026 968 1060 pro
994 1020 1136 1060 tempore
1154 1016 1215 1048 exi-

471 1069 625 1101 stentibus
657 1069 794 1112 capitulo
825 1075 853 1102 ct
886 1069 1045 1102 canonicis
1074 1069 1213 1102 eiusdem

473 1122 642 1163 ecelesiae,
667 1133 724 1166 per
748 1133 802 1163 se,
828 1124 874 1156 vel
907 1123 1025 1163 alium,
1051 1134 1106 1156 seu
1138 1123 1215 1156 alios

473 1186 583 1208 eorum
609 1176 752 1216 nomine,
777 1176 874 1220 partis
899 1186 962 1209 non
987 1186 1164 1216 concessae,
1178 1187 1214 1209 ex

474 1239 566 1269 nunc,
585 1229 702 1262 residui
722 1240 796 1262 vero
813 1229 1006 1262 decimarum
1025 1229 1216 1270 huiusmodi,

474 1289 640 1328 postquam
667 1294 723 1327 per
747 1284 868 1317 obitum
901 1285 1098 1327 singulorum
1125 1294 1217 1318 eano-

476 1337 618 1370 nicorum
661 1337 728 1370 illas
764 1348 818 1370 scu
851 1348 959 1370 earum
998 1343 1103 1381 partes
1135 1348 1217 1371 nunc

477 1391 724 1435 percipientium
751 1401 860 1424 vacare
891 1402 926 1423 ae
958 1391 1033 1423 alias
1068 1391 1105 1424 ad
1130 1402 1217 1424 men-

477 1455 543 1476 sam
569 1445 781 1488 episcopalem
801 1444 903 1477 redire
924 1445 1102 1487 eontigerit,
1127 1445 1217 1477 simul

479 1498 525 1530 vel
551 1498 735 1539 successive,
756 1498 835 1530 sacto
861 1497 929 1530 loco
948 1497 1100 1530 vacationi
1117 1497 1221 1530 liuius-

480 1551 583 1591 modi,
609 1551 825 1595 corporalem,
858 1552 975 1583 realem
1006 1556 1035 1583 ct
1066 1551 1219 1583 actualem

479 1605 711 1648 possessionem
728 1604 976 1648 apprehendere,
995 1609 1022 1636 et
1048 1604 1222 1647 apprehen-

481 1667 546 1690 sam
563 1663 718 1701 perpetuo
735 1657 882 1698 retinere,
898 1657 1027 1700 illasque
1047 1657 1220 1700 percipere,

481 1711 616 1754 exigere,
641 1711 754 1751 levare,
778 1712 957 1752 arrendare,
983 1712 1107 1751 locare,
1132 1711 1223 1744 dislo-

482 1774 554 1797 care
575 1775 609 1797 ac
628 1764 648 1807 (¹
660 1765 860 1798 donationem
879 1775 914 1797 ex
931 1765 976 1798 eis
994 1764 1148 1797 sexcentis
1164 1775 1223 1807 pro

483 1818 634 1861 collegio,
663 1824 692 1850 et
724 1819 792 1850 aliis
824 1818 1063 1861 quadringentis
1094 1818 1223 1851 florenis

484 1871 663 1904 huiusmodi
688 1882 746 1915 pro
770 1871 941 1904 seminario
965 1871 1144 1914 praedietis,
1168 1881 1224 1914 per

484 1925 584 1958 ‹ilie-tos
608 1926 780 1968 capitulum
811 1931 836 1957 et
870 1924 1057 1963 canonicos,
1082 1930 1113 1956 ut
1139 1934 1226 1967 prae-

485 1978 604 2018 fertur,
629 1983 796 2022 postquam
831 1983 935 2010 tamen
969 1978 1110 2011 omnium
1142 1978 1225 2010 deei-

487 2043 608 2064 marum
627 2032 856 2075 pracdietarum
873 2031 1102 2075 possessionem
1121 2031 1224 2074 adepti

487 2086 612 2125 suerint,
630 2085 722 2118 modo
740 2090 767 2117 et
795 2086 894 2118 forma
922 2085 1112 2128 praemissis,
1137 2090 1164 2117 et
1186 2085 1227 2117 in-

488 2140 578 2172 terim
606 2150 663 2183 pro
694 2141 758 2172 rata
786 2150 1012 2183 possessarum,
1037 2139 1170 2181 mollegio
1199 2142 1226 2171 el

487 2193 655 2225 seminario
680 2193 859 2224 huiusmodi
881 2192 990 2224 alaudis
1015 2198 1042 2223 et
1069 2192 1228 2234 assignan-

488 2246 553 2285 dis,
580 2246 618 2277 ita
645 2245 727 2288 quod
748 2245 785 2277 ad
811 2245 839 2277 id
865 2256 920 2288 per
944 2245 1143 2277 Ordinarium
1169 2245 1227 2277 loci

489 2310 571 2332 nunc
599 2303 628 2331 et
653 2309 710 2341 pro
736 2303 876 2341 tempore
905 2298 1111 2337 existentem,
1136 2298 1227 2330 etiam

490 2364 545 2396 per
570 2362 719 2385 censuras
743 2351 969 2383 oet-,testamivas
989 2351 1070 2391 cogi,
1096 2351 1229 2394 possint)

492 2405 520 2437 in
542 2416 614 2436 suos
639 2410 665 2436 et
696 2404 850 2437 dic-tarum
876 2404 1131 2436 ‹listi-ilmliouum
1157 2414 1232 2446 quo-

492 2458 677 2492 tidianarum
705 2469 778 2490 usus
803 2463 831 2490 et
858 2458 1019 2490 utilitatem
1038 2461 1230 2497 vomet-tere,

494 2511 672 2543 ltioecesani
700 2511 757 2543 loci
777 2511 822 2542 rel
841 2511 976 2543 cuiusvis
994 2510 1121 2543 alterius
1140 2510 1232 2543 licen-

494 2564 534 2596 tia
551 2564 686 2607 desuper
704 2564 830 2596 minime
849 2563 1009 2607 requisita.

531 2635 540 2660 1
565 2633 663 2661 Forsan
685 2634 726 2661 ln‘e
747 2634 823 2661 deest
847 2642 939 2670 praep.
964 2637 1026 2669 post
1052 2634 1091 2660 rel
1113 2636 1234 2668 praeter

493 2681 532 2712 (u.
550 2680 597 2711 ἰ·.).

1238 431 1413 474 gratiarum
1430 431 1692 472 revocationibus,
1709 433 1979 477 suspensionibus,

1240 483 1487 524 limitationibus‚
1507 489 1557 516 aut
1579 483 1648 516 aliis
1664 484 1832 517 contrariis
1849 484 1980 529 disposi-

1241 536 1388 576 tionibus,
1406 546 1460 569 seu
1479 537 1606 579 regulis,
1628 537 1674 569 vel
1695 537 1980 577 constitutionibus,

1241 589 1334 621 etiam
1360 589 1564 622 revocatoriis
1587 589 1740 623 unionum
1773 595 1801 623 et
1832 590 1982 623 annexio-

1241 652 1316 674 num
1352 647 1380 675 et
1414 642 1704 686 incorporationum
1739 642 1884 677 effectum
1920 652 1982 676 non

1243 695 1437 735 sortiturum,
1457 695 1550 728 etiam
1567 705 1624 739 per
1641 706 1856 740 quoscumque
1873 696 1984 729 Roma-

1244 759 1301 782 nos
1323 748 1488 781 Pontifices
1512 746 1710 782 successffies
1735 754 1872 789 nostros,
1889 749 1983 783 etiam

1245 801 1275 833 in
1295 800 1466 834 crastinum
1483 801 1706 846 assumptionis
1723 802 1889 835 cuiuslibet
1905 802 1986 846 ipso—

1246 865 1315 887 rum
1341 854 1379 887 ad
1408 855 1522 888 summi
1551 855 1743 899 apostolatus
1771 855 1892 900 apicem
1917 855 1985 888 fieri

1245 908 1362 949 solitis,
1387 908 1538 941 minime¹
1564 909 1807 954 comprehendi,
1831 909 1885 942 sed
1909 919 1988 942 sem-

1247 972 1304 1006 per
1317 967 1345 994 et
1359 966 1510 1006 perpetuo
1523 962 1562 995 ab
1580 962 1624 996 eis
1641 968 1797 1007 exceptas,
1810 968 1850 1002 et,
1866 962 1989 1006 quoties

1248 1016 1317 1049 illae
1331 1017 1531 1057 emanabant,
1546 1017 1636 1050 toties
1649 1018 1679 1050 in
1692 1018 1861 1061 pristinum
1876 1022 1906 1050 et
1918 1017 1990 1049 rali-

1247 1069 1410 1102 dissimum
1423 1075 1548 1111 statum,
1562 1071 1655 1103 etiam
1668 1070 1727 1103 sub
1739 1069 1907 1115 posteriori
1920 1069 1990 1104 dala

1249 1133 1305 1166 per
1331 1123 1498 1157 modernos
1518 1124 1695 1168 praedictos
1711 1134 1747 1157 ac
1774 1134 1833 1168 pro
1848 1128 1991 1167 tempore

1250 1175 1418 1209 existentes
1454 1177 1594 1210 eiusdem
1633 1176 1783 1211 ecclesiae
1818 1176 1990 1221 capitulum

1251 1235 1281 1264 et
1305 1230 1473 1263 canonicos
1493 1230 1755 1274 quandocumque
1775 1230 1929 1273 eligenda,
1947 1240 1992 1263 re-

1251 1284 1383 1323 stitutas,
1401 1284 1554 1327 repositas
1571 1289 1598 1317 et
1616 1283 1755 1327 plenarie
1775 1283 1992 1326 reintegralas,

1252 1347 1287 1369 ac
1301 1337 1338 1369 de
1356 1347 1438 1370 noro
1455 1346 1618 1369 concessas
1631 1346 1699 1369 csse
1716 1341 1744 1369 et
1764 1336 1839 1375 sore,
1856 1346 1993 1379 suosque

1254 1389 1412 1434 plenarios
1444 1393 1473 1423 et
1506 1389 1645 1432 integros
1676 1388 1805 1421 effectus
1833 1388 1938 1422 sortiri
1963 1392 1994 1420 et

1253 1443 1413 1483 obtinere,
1430 1453 1466 1475 ac
1487 1442 1527 1475 ita
1552 1452 1609 1486 por
1634 1451 1851 1485 quoscumque
1876 1439 1994 1473 iudices

1254 1497 1431 1530 ordinarios
1448 1501 1477 1529 et
1496 1495 1666 1538 delegatos,
1683 1494 1792 1539 quavis
1809 1493 1994 1528 auctoritate

1255 1552 1430 1593 iungentes,
1447 1549 1540 1582 etiam
1558 1548 1664 1593 palatii
1689 1547 1854 1592 apostolici
1878 1546 1995 1581 audito-

1256 1615 1316 1644 res,
1333 1614 1367 1636 ac
1385 1603 1414 1635 S.
1433 1603 1466 1636 R.
1485 1603 1517 1635 E.
1536 1602 1720 1642 cardinales,
1737 1601 1830 1635 etiam
1847 1600 1885 1634 de
1899 1601 1997 1634 latere

1256 1657 1386 1699 legatos,
1400 1655 1532 1688 iudicari
1548 1660 1579 1687 et
1595 1654 1718 1688 deliniri
1736 1653 1862 1694 debere,
1874 1662 1996 1686 necnon

1257 1708 1410 1752 quidquid
1420 1719 1510 1741 secus
1527 1717 1622 1751 super
1639 1707 1688 1740 his
1705 1717 1722 1739 a
1738 1716 1909 1750 quoquam,
1925 1716 1998 1749 qua-

1259 1762 1303 1794 vis
1335 1761 1538 1801 auctoritate,
1563 1760 1700 1793 scienter
1725 1760 1772 1792 rel
1805 1759 1998 1803 ignoranter,

1258 1815 1424 1859 contigerit
1449 1814 1605 1854 attentari,
1626 1814 1751 1846 irritum
1777 1818 1807 1845 et
1831 1813 1922 1845 inane
1950 1813 1999 1846 ca-

1258 1870 1328 1902 dem
1346 1868 1531 1901 auctoritate
1548 1869 1654 1899 nostra
1671 1865 1880 1899 decernimus.

1303 1923 1318 1966 ξ
1335 1922 1364 1955 st.
1389 1923 1456 1955 Non
1477 1919 1672 1954 obstantibus
1688 1919 1879 1963 praemissis
1895 1929 1932 1952 ac
1947 1928 2001 1952 no-

1260 1978 1322 2009 stra
1337 1975 1374 2007 de
1396 1974 1600 2018 exprimendo
1615 1983 1689 2006 vero
1704 1973 1808 2006 valore.
1826 1972 2000 2006 secundum

1991 278 2042 306 An.
2054 277 2084 307 C.
2105 279 2175 308 ¹6¹0

2018 339 2129 362 clausulae
2137 346 2176 368 pro

1992 369 2134 393 praesentium
2143 369 2177 389 tit.-

1993 396 2084 441 {aearum
2111 395 2176 417 armi-

2082 1930 2198 1961 nei-onnia

2014 1960 2177 1979 contrariorum.

1259 2037 1461 2062 communem
1492 2026 1740 2066 estimationem,
1766 2025 1898 2070 aliisque
1930 2035 2001 2059 con·
2041 2043 2046 2051 ι

1261 2081 1473 2115 stitutionibus
1490 2086 1520 2113 et
1537 2079 1789 2113 ordinationilms
1808 2079 2001 2123 apostolicis,

1261 2146 1317 2169 nee
1342 2145 1404 2168 non
1428 2134 1566 2167 eiusdem
1593 2133 1742 2167 ecclesiae
1766 2133 1925 2167 l'locensis
1942 2132 2002 2176 (iu-

1263 2192 1414 2228 ramento,
1425 2186 1665 2220 confirmatione
1679 2186 1861 2230 apostolica,
1874 2186 1919 2219 vel
1930 2195 2003 2230 qua-

1263 2243 1308 2274 xis
1323 2242 1470 2275 tirmitatc
1486 2241 1546 2273 alia
1565 2240 1744 2283 roboratis),
1758 2239 1879 2273 statutis
1888 2244 1919 2272 et
1931 2249 2002 2272 con-

1263 2294 1491 2334 suetudinilms‚
1517 2293 1689 2337 privilegiis
1705 2302 1841 2336 quoque,
1864 2291 2002 2332 indultis,

1264 2354 1290 2381 et
1310 2349 1421 2382 litteris
1438 2347 1617 2391 apostolicis
1635 2346 1688 2386 illi,
1705 2346 1835 2388 eiusque
1854 2345 2002 2389 praesuli,

1264 2401 1412 2444 capitulo,
1437 2400 1534 2439 clero,
1559 2398 1736 2438 canonicis,
1759 2397 1891 2441 aliisque
1915 2407 2003 2441 supc-

1266 2453 1402 2487 rioribus
1426 2458 1452 2485 et
1480 2451 1640 2496 personis,
1665 2450 1724 2483 sub
1753 2450 2004 2495 quibuscumque.

1266 2507 1428 2540 tenoribus
1445 2512 1474 2539 ct
1491 2505 1610 2545 formis,
1632 2504 1872 2547 insscontrarium
1899 2503 2004 2537 forsan

1267 2560 1511 2604 praemissorum
1550 2557 1785 2602 quomodolibet
1821 2557 1979 2591 concessis
1996 2582 2004 2596 ,

1306 2677 1312 2702 l
1332 2676 1432 2703 Vocem
1449 2674 1568 2702 minime
1585 2673 1737 2701 addendum
1757 2673 1849 2701 censui
1864 2676 1902 2706 (n.
1919 2671 1967 2707 π).
