2293 3231
87 269 136 299 An.
155 270 186 300 C.
205 270 274 300 1620

89 1500 203 1527 nei-ogano
211 1507 259 1523 con-

75 1528 194 1549 tration-um.

927 273 1046 298 PAULUS
1067 273 1086 297 V
1106 273 1155 298 Pr’.

283 318 483 352 interdictum
501 320 747 353 ecclesiasticum
765 320 952 364 apponendi,
970 331 1024 353 au-

282 372 455 417 xiliumque
478 373 598 406 brachii
624 374 783 411 secularis,
808 374 1022 417 [lutuulocmn-

283 436 343 469 que
367 436 447 470 opus
470 427 575 463 fuerit,
594 427 773 463 inrocaiu‘li2
797 426 835 459 ad
860 427 1023 460 sanitatem

283 488 356 512 vero
381 489 535 519 reversos,
553 480 604 523 qui
630 480 732 512 debite
751 480 966 520 satisfecerint,
985 480 1023 512 ab

282 532 427 565 omnibus
445 533 586 565 censuris
605 537 632 564 ct
652 533 761 576 poenis
779 533 966 576 supradictis
992 533 1022 564 in

282 585 383 618 forma
398 585 553 618 Ecclesiae
568 588 718 619 consucta
733 586 924 625 absolvendif.
938 596 1023 629 prae-

282 643 367 671 tcrea
393 639 577 672 collectores
591 644 617 671 et
638 639 884 672 subcollectores
908 638 969 671 {ide
994 644 1023 672 ct

281 691 479 724 facultatibus
493 692 622 725 idoncos
634 693 663 725 in
674 693 820 726 omnibus
834 692 1021 733 civitatibus,

280 743 485 785 dioecesibus,
496 746 677 789 provinciis,
687 746 796 790 patriis
810 751 838 778 ct
852 745 1022 779 ditionibus

280 797 456 841 praedietis,
467 803 621 842 quotquot
634 798 767 830 viderint
781 798 939 841 expedire,
950 809 1020 830 cum

281 849 375 882 simili
394 855 447 883 aut
464 850 594 885 limitata
614 852 687 893 (non
707 856 809 883 tamen
827 850 1021 893 absolvendi)

280 907 448 946 potestate,
474 904 705 944 constituendi,
731 913 866 947 eumque
890 903 938 936 vel
968 914 1021 936 eos

280 955 411 989 arbitrio
428 967 484 990 suo
501 956 684 997 revocandi,
702 956 896 999 negligentes
914 961 943 989 et
957 967 1022 989 mo-

279 1018 368 1041 rosos
385 1009 585 1050 removendi,
610 1019 646 1042 ac
670 1009 766 1041 alium
784 1020 838 1042 seu
855 1008 932 1042 alios
952 1009 1021 1042 sub-

278 1062 426 1104 rogandi,
452 1062 713 1107 quotiescumque
731 1063 774 1096 eis
792 1062 964 1102 videbitur;
990 1062 1021 1095 in

278 1114 492 1158 delinquentes
520 1120 550 1149 et
579 1120 799 1158 contumaces,
824 1111 881 1160 per
905 1126 947 1157 se,
974 1116 1020 1148 vel

277 1167 383 1209 aliurn,
402 1178 456 1201 seu
487 1168 574 1210 alios,
600 1168 692 1203 etiarn
719 1168 905 1212 simpliciter
929 1173 959 1202 et
983 1168 1020 1202 de

275 1221 369 1265 plano
386 1232 421 1255 ac
440 1221 506 1255 sine
523 1222 654 1267 strepitu
673 1227 702 1256 et
722 1222 825 1266 figura
846 1222 963 1264 iudicii,
978 1222 1021 1256 in-

276 1274 432 1317 quirendi,
450 1285 485 1308 ac
505 1276 627 1308 meritis
644 1275 753 1319 poenis
770 1275 931 1319 puniendi,
956 1286 1021 1308 mo-

276 1327 332 1360 dos
346 1331 376 1360 et
392 1328 510 1361 formas
522 1328 553 1361 in
566 1329 735 1372 praedictis
748 1329 917 1362 servandos
931 1339 1020 1372 prae-

275 1381 444 1422 scribendi,
453 1381 547 1414 dubia
564 1392 781 1426 quaecumque
794 1382 825 1415 in
838 1383 1018 1426 praemissis

274 1434 354 1467 sorte
372 1434 493 1467 oritura
513 1434 703 1467 declarandi.

319 1488 333 1531 ἓ
347 1487 376 1521 5.
387 1488 456 1521 Non
467 1488 662 1521 obstantibus
679 1488 777 1521 felicis
790 1489 1018 1523 recordationis

275 1540 424 1574 Bonifacii
437 1551 535 1585 papae
548 1542 623 1581 VIII,
638 1541 889 1585 praedecessoris
906 1543 1016 1583 nostri,

274 1593 312 1626 de
332 1595 416 1635 una,
442 1599 471 1627 et
496 1594 526 1627 in
552 1595 685 1628 concilio
706 1595 845 1637 generali
871 1595 952 1628 edita
979 1596 1016 1628 dc

273 1645 394 1679 duabus
411 1647 512 1688 dietis,
529 1658 564 1680 ae
582 1647 650 1680 aliis
670 1648 849 1691 apostolicis
865 1649 1014 1681 constitu-⁷

272 1699 410 1733 tionibus
435 1706 465 1733 et
489 1700 750 1742 ordinationiljuis,
769 1712 891 1735 necnon
916 1703 1016 1735 ecele-

273 1754 402 1795 siarum,
420 1755 696 1796 monasteriorum,
713 1755 869 1797 ordinum,
883 1768 1015 1800 congre-

273 1809 455 1852 gationum,
480 1809 683 1853 hospitalium
709 1816 737 1842 et
764 1811 906 1843 locorum
924 1822 1015 1855 prae-

273 1862 430 1896 dictorum
448 1863 555 1906 (etiam
570 1863 757 1904 iuramento,
774 1865 1015 1898 confirmatione

272 1917 454 1960 apostolica,
469 1917 515 1950 vel
541 1917 650 1960 quavis
667 1918 814 1950 firmitate
840 1919 900 1951 alia
925 1920 1017 1953 robo-

272 1969 362 2012 ratis)
384 1970 505 2003 statutis
530 1975 560 2002 et
578 1970 872 2012 consuetudiniluis,
898 1972 1015 2005 stabili-

273 2021 420 2063 limentis‚
440 2022 548 2055 usibus
565 2027 595 2055 et
606 2023 744 2062 naturis;
769 2024 916 2068 quodque
942 2036 1015 2069 per·

273 2074 358 2108 sonis
367 2075 546 2118 praedictis,
557 2086 730 2119 eorumque
740 2077 880 2111 ecclesiis
894 2084 920 2111 et
937 2079 1014 2112 locis

272 2128 319 2160 vel
337 2128 500 2172 quibusvis
516 2128 585 2161 aliis
601 2130 811 2162 communiter
824 2141 841 2162 a
855 2131 1013 2174 praedicta

272 2181 308 2214 sit
324 2180 402 2214 Sede
416 2181 582 2222 indultum,
599 2182 683 2225 quod
697 2182 851 2220 interdIci,
865 2186 1013 2228 suspendi

272 2235 318 2268 vel
333 2235 598 2268 excommunicari
612 2246 675 2268 non
689 2236 807 2279 possint
822 2248 878 2280 per
894 2238 1013 2271 litteras

271 2288 458 2332 apostolicas
485 2299 547 2321 non
576 2288 723 2321 facientes
751 2290 875 2333 plenam
901 2297 927 2323 et
961 2302 1012 2323 ex-

270 2351 409 2385 pressam
424 2351 458 2373 ac
468 2341 506 2374 de
519 2342 615 2374 verbo
629 2342 667 2373 ad
685 2343 815 2374 verbum
830 2344 867 2375 de
882 2344 1012 2384 indulto,

270 2405 391 2428 necnon
419 2395 582 2439 personis,
612 2406 785 2439 eorumque
810 2397 1012 2437 nominibus,

271 2448 522 2491 cognominibus,
539 2448 689 2488 ecclesiis,
708 2450 917 2489 monasteriis,
931 2451 1013 2483 ordi-

270 2502 362 2536 nibus
385 2508 415 2535 et
443 2503 520 2536 locis
541 2503 720 2536 huiusmodi
748 2504 956 2539 nwutioncmz
983 2510 1009 2537 et

270 2556 462 2599 quibuslibet
474 2557 543 2589 aliis
556 2557 738 2600 privilegiis
749 2558 1010 2602 exemptionibus,

270 2609 538 2651 immunitatibus,
563 2610 594 2643 in
619 2621 735 2653 genere
760 2612 805 2643 rel
832 2612 863 2643 in
889 2613 1009 2656 specie,

271 2663 505 2706 quomodolibet
520 2665 686 2700 concessis,
708 2665 902 2698 consu-matis
917 2672 943 2699 et
965 2668 1009 2699 in-

356 2725 435 2754 Buca.
455 2726 538 2754 Rom.
559 2742 593 2748 —
611 2727 669 2756 Vol.
685 2727 751 2756 XM.
932 2730 962 2758 61

1058 320 1198 356 novatis,
1231 324 1261 354 et
1292 320 1463 354 solutiones
1483 321 1688 362 decimarum,
1711 322 1800 356 aliter

1058 384 1150 417 quam
1177 373 1349 406 secundum
1374 373 1534 417 antiquam
1560 380 1673 415 taxant,
1694 381 1721 407 et
1742 376 1798 407 nisi

1059 427 1088 459 in
1107 427 1274 460 universali
1305 427 1499 460 deeimarum
1523 438 1582 471 ¹per
1606 429 1715 461 orbem
1748 435 1799 461 aut

1057 491 1112 522 per
1130 480 1275 513 universa
1296 480 1417 512 romani
1436 481 1560 524 imperii
1585 482 1651 513 loca
1673 482 1799 525 imposi-

1057 532 1150 573 tione,
1169 532 1236 565 lieri
1257 533 1506 576 11›roliil)entibus;
1525 544 1645 567 necnon
1666 536 1799 578 promis-

1056 585 1206 623 sionibus,
1216 585 1447 627 donationibus,
1455 587 1709 629 obligationibus,
1721 588 1800 621 iura—

1056 639 1178 679 mentis,
1200 639 1499 679 renunciationibus,
1519 639 1650 673 vinculis
1660 646 1800 674 etcaute-

1055 691 1093 724 lis
1102 691 1133 723 in
1147 691 1358 734 assignatione
1366 692 1599 735 praedictarum
1612 694 1797 737 pensionum

1056 744 1159 786 sactis,
1186 745 1300 788 quibus
1325 756 1382 789 per
1402 745 1635 789 impositionem
1660 747 1798 781 decimae

1055 797 1235 831 huiusmodi
1267 798 1442 830 neminem¹
1471 799 1590 840 teneri,
1615 810 1716 845 neque
1748 812 1799 835 eas

1055 852 1157 894 quoad
1174 852 1346 896 praemissa
1367 858 1476 885 contra
1502 863 1732 897 quemcumque
1758 856 1799 888 lo-

1055 915 1126 937 cum
1144 905 1260 938 habere
1278 905 1491 945 declaramus3
1517 906 1648 949 aliisque
1669 907 1797 941 indultis

1055 962 1085 990 et
1101 958 1212 992 litteris
1232 959 1411 1002 apostolicis
1432 959 1634 1002 generalibus
1661 961 1707 994 vel
1732 972 1799 1005 spe·

1055 1011 1185 1045 cialibus
1202 1012 1429 1056 cuiuscumque
1446 1012 1565 1046 tenoris
1582 1013 1724 1055 existant,
1741 1026 1798 1059 per

1055 1075 1134 1107 quae
1150 1065 1367 1109 praesentibus
1392 1076 1454 1100 non
1473 1077 1629 1111 expressa,
1645 1073 1698 1100 aut
1724 1073 1797 1101 tota-

1054 1116 1124 1150 liter
1141 1127 1204 1151 non
1221 1118 1346 1160 inserta,
1368 1118 1496 1152 effectus
1521 1129 1630 1152 earum
1649 1119 1797 1164 impediri

1053 1170 1154 1204 valeat
1185 1171 1440 1216 quomodolibet,
1466 1172 1514 1205 vel
1539 1171 1675 1213 differri,
1702 1177 1732 1206 et
1760 1173 1797 1206 de

1053 1224 1168 1268 quibus
1181 1235 1381 1268 quorumque
1397 1224 1469 1258 totis
1482 1225 1646 1258 tenoribus
1655 1226 1797 1259 habenda

1054 1278 1092 1310 sit
1108 1277 1140 1310 in
1156 1278 1272 1311 nostris
1288 1278 1392 1323 literis
1405 1278 1522 1311 mentio
1546 1279 1699 1322 specialis:
1718 1290 1797 1323 quae

1053 1331 1159 1364 omnia
1179 1337 1289 1365 eontra
1304 1332 1464 1376 praedicta
1483 1333 1631 1366 nolumus
1648 1333 1795 1377 cuiquam

1052 1384 1237 1428 suffragari;
1264 1386 1440 1430 ceterisque
1469 1386 1635 1420 contrariis
1660 1387 1792 1430 quibus-

1051 1449 1195 1482 cumque.

1095 1492 1108 1535 ἕ
1133 1492 1162 1524 6.
1188 1492 1221 1525 In
1246 1491 1451 1536 percipienda
1470 1503 1544 1526 vero
1560 1492 1680 1526 decima
1706 1505 1795 1538 prae-

1050 1545 1131 1578 dicta
1158 1545 1227 1589 piae
1248 1547 1420 1579 memoriae
1443 1547 1611 1580 Clementis
1636 1548 1736 1592 Papae
1759 1549 1793 1589 V,

1050 1598 1142 1631 etiam
1175 1599 1428 1642 praedecessoris
1460 1600 1570 1641 nostri,
1592 1601 1622 1633 in
1655 1601 1793 1635 Concilio

1051 1652 1216 1685 Viennensi
1232 1652 1346 1685 editum
1365 1653 1633 1694 constitutionem,
1651 1664 1686 1686 ac
1704 1664 1792 1698 prae-

1050 1706 1157 1739 sertim
1175 1706 1258 1750 quod
1277 1706 1315 1739 ad
1332 1712 1489 1739 monetam
1508 1712 1689 1740 currentem
1700 1708 1792 1751 exigi,

1049 1759 1197 1803 quodque
1216 1770 1273 1793 nee
1291 1760 1413 1801 calices,
1439 1771 1496 1793 nec
1520 1760 1609 1801 libri,
1628 1766 1794 1805 ceteraque

1050 1813 1253 1846 ecclesiarum
1264 1818 1448 1846 ornamenta
1458 1813 1564 1847 divino
1575 1814 1672 1847 cultui
1682 1814 1792 1856 dicata,

1049 1867 1147 1899 aliave
1169 1867 1306 1910 supellex
1330 1866 1551 1907 ecelesiastica,
1566 1877 1602 1900 ex
1628 1869 1721 1900 causa
1746 1867 1792 1911 pi-

1048 1920 1156 1962 gnoris
1177 1920 1255 1964 capi,
1280 1920 1377 1964 recipi
1396 1921 1442 1953 vel
1463 1920 1612 1957 distrahi,
1638 1927 1692 1954 aut
1716 1922 1792 1955 alias

1047 1974 1285 2017 quomodolibet
1317 1975 1463 2018 occupari
1496 1975 1630 2007 debeant
1643 2003 1650 2016 ,
1676 1976 1791 2020 ubique

1047 2028 1258 2071 praecipimus
1275 2028 1445 2068 observari,
1468 2029 1609 2072 quinimo
1635 2030 1790 2067 volumus,

1048 2084 1090 2121 ut,
1119 2081 1202 2113 illius
1231 2081 1405 2122 occasione,
1423 2082 1582 2119 ecclesiae,
1602 2083 1789 2117 monasteria

1047 2134 1169 2179 aliaque
1186 2134 1237 2177 pia
1254 2139 1283 2166 et
1301 2145 1389 2167 sacra
1407 2136 1473 2167 loca
1499 2145 1716 2178 quaecumque
1741 2136 1789 2168 de—

1047 2186 1119 2219 bitis
1143 2192 1310 2231 profuerim
1327 2198 1389 2220 non
1406 2187 1592 2221 fraudentur
1609 2189 1768 2232 obsequiis
1782 2216 1788 2229 ,

1046 2251 1080 2273 ac
1095 2241 1218 2274 divinus
1231 2241 1261 2273 in
1275 2241 1318 2273 cis
1332 2242 1444 2276 cultus,
1461 2247 1488 2274 ct
1507 2241 1616 2275 solitus
1630 2242 1788 2275 Altissimo

1047 2296 1263 2327 famulantium
1281 2300 1308 2327 ct
1331 2295 1549 2329 ministrorum
1564 2306 1714 2328 numerus
1724 2296 1789 2328 nul-

1047 2354 1167 2382 tatenus
1187 2349 1366 2389 minuatur,
1392 2360 1448 2381 nec
1469 2349 1514 2381 eis
1539 2360 1665 2391 quoquo
1694 2351 1788 2383 modo

1046 2403 1183 2435 iniuncta
1204 2413 1317 2439 onera,
1336 2408 1386 2435 aut
1410 2403 1460 2446 pia
1480 2413 1559 2445 quae
1585 2403 1725 2435 exerceri
1743 2414 1788 2437 so-

1046 2457 1109 2487 lent
1129 2466 1225 2498 opera
1242 2459 1270 2488 et
1289 2455 1389 2487 cilicia
1408 2455 1471 2487 ullo
1490 2455 1583 2487 modo
1604 2455 1787 2489 muniantur

1045 2518 1097 2539 seu
1119 2508 1327 2549 negligantur,
1349 2508 1401 2539 sed
1420 2518 1530 2540 eorum
1551 2519 1690 2551 congrue
1715 2520 1787 2553 sup—

1044 2566 1208 2603 portentur
1226 2570 1321 2593 onera
1346 2565 1493 2593 consueta
1519 2562 1588 2603 (nce
1607 2561 1784 2605 quisquam,

1082 2679 1088 2703 1
1106 2676 1247 2712 Pei-peram
1260 2677 1324 2703 edit,
1337 2676 1418 2703 Μαίη.
1431 2676 1495 2712 legit
1506 2678 1681 2705 mentionem
1691 2682 1781 2713 (nm).
1804 2669 1809 2672 ¹

1698 264 1758 299 4811
1809 276 1859 304 An.
1880 276 1908 305 c.
1930 277 1999 305 1620

1866 1511 1992 1531 praeserva-

1809 1538 1838 1567 “33¹
1856 1537 1992 1558 Constitutio-

1808 1570 1840 1585 ni„-

1810 1592 1881 1617 }·apae
1900 1590 1923 1609 ὶ.

1881 1562 1993 1583 (timoniis
