2293 3231
0 0 19 146 l

4 153 11 175 t

7 245 11 266 Ι

5 311 11 330 ‚
82 298 133 326 An.
153 297 182 326 c.
198 298 266 326 1622
882 298 1058 322 GREGORIUS
1083 299 1124 322 xv
1148 299 1195 322 PP.
1692 289 1749 321 751

1801 297 1853 324 An.
1871 296 1899 323 C.
1919 295 1985 323 1622

135 622 220 643 Erectio
239 622 265 642 de

83 648 154 677 quatu
164 648 256 670 rubrica.

6 769 13 938 -.,,,,,.,,...,-
3 601 15 736 ,7,,,..,..-
7 561 10 578 ..
7 504 10 512 .

6 1274 7 1278 Α
4 1004 14 1256 -a———o——os-ue-i

118 2092 176 2113 Pallii
189 2098 274 2113 conces·

90 2119 122 2150 situ
137 2125 175 2145 pro
192 2120 273 2141 archio-

90 2151 186 2173 piscopo-

279 345 357 379 ehiis
381 350 411 378 et
435 346 512 378 locis
536 346 605 389 piis,
621 346 821 389 amplissimis
845 346 1017 379 redditibus

280 409 317 431 ex
341 408 453 440 regum
478 398 691 430 munificenthi
710 403 739 430 ct
757 398 941 431 liberalitate
959 409 1016 441 pro

279 450 429 493 singulari
455 461 564 483 eorum
590 451 703 494 pietate
724 451 847 490 dotatis,
867 451 1015 491 abuudct;

278 508 444 547 propterea
455 504 585 536 ecclesia
595 504 660 547 ipsa
672 503 854 536 Parisieusis
864 508 1019 546 metropo-

280 555 364 589 litica
385 557 576 599 praelatione
593 557 705 589 merito
723 556 816 597 digua
835 561 1016 588 censeatur:

325 609 339 651 ἐ
363 609 392 641 2.
418 610 480 642 Nos
504 609 610 650 igitur,
635 609 683 641 liis
707 614 799 651 atque
823 608 891 640 aliis
916 609 1015 640 ratio-

280 661 373 694 nibus
405 666 435 694 et
464 662 564 694 causis
596 661 742 701 adducti,
768 661 805 694 ad
836 661 960 693 laudem
990 666 1019 693 ct

282 714 434 747 honorem
460 714 682 757 omnipotentis
707 714 759 746 Dei
777 724 812 746 ac
831 714 939 746 Beatae
956 713 1020 745 Vir-

282 766 363 809 ginis
380 767 503 807 Mariae,
519 776 642 799 necnon
659 766 731 799 fidei
752 766 921 799 catholicae
942 767 1020 798 exal-

283 819 452 860 tationem,
484 823 513 853 et
541 819 636 852 totius
669 819 830 851 militantis
862 819 1019 851 Ecclesiae

283 873 425 916 gloriam,
443 877 531 906 motu
556 873 698 916 proprio,
716 878 746 905 et
762 882 798 904 ex
820 874 904 904 certa
925 872 1021 904 scien—

284 925 325 958 tia
348 927 478 965 nostra,
502 936 537 958 ac
569 925 606 958 dc
637 925 826 968 apostolicae
859 924 1020 968 potestatis

282 979 493 1023 plenitudine,
527 979 719 1023 praedictam
749 978 911 1011 ecclesiam
941 978 1022 1010 Pari-

284 1032 420 1065 siensem
445 1043 461 1064 a
486 1032 554 1064 iure
578 1031 818 1074 metropolitico,
843 1041 905 1073 quo
923 1031 1020 1063 ecele-

284 1085 348 1118 siae
370 1084 631 1128 archiepiseopali
655 1084 841 1123 Senonensi,
866 1083 958 1115 etiam
984 1083 1021 1114 ad

283 1147 430 1181 praesens
439 1137 573 1180 pastoris
583 1136 693 1169 solatio
705 1136 879 1175 destitutae,
890 1139 1020 1173 tenetur,

284 1190 412 1223 omnino
439 1200 641 1232 segregamus
666 1195 693 1221 et
720 1189 904 1228 eximimus,
931 1199 965 1221 ac
990 1189 1022 1220 in

284 1242 503 1286 metropolim,
529 1242 698 1285 sedemque
731 1242 940 1285 episcopalem
966 1242 1022 1274 Pa-

284 1295 449 1328 risiensem
468 1295 500 1327 in
520 1295 830 1338 archiepiscopalem,
856 1294 1023 1337 archiepis-

284 1349 465 1392 copalisque
489 1353 519 1381 et
543 1348 774 1391 metropolitani
798 1347 950 1391 praesidis
975 1358 1022 1379 se-

284 1401 356 1434 dem
378 1401 557 1445 provinciae
588 1406 680 1444 caput
712 1412 770 1444 pro
794 1401 877 1433 illius
902 1401 1022 1433 archie-

283 1455 412 1499 piscopo
425 1465 483 1498 pro
497 1459 639 1498 tempore
652 1453 828 1486 existentis¹
841 1454 896 1496 <ita
909 1452 1023 1493 tamen,

284 1507 368 1551 quod
392 1507 525 1540 ecclesia
556 1507 624 1550 ipsa
659 1506 843 1539 parisiensis
874 1506 1024 1539 ecclesiae

287 1560 457 1604 primatiali
481 1559 692 1602 Lugdunensi,
710 1564 740 1592 et
756 1559 838 1591 illius
858 1558 1026 1602 archiepis-

290 1623 380 1657 copo,
405 1623 461 1645 seu
483 1612 610 1656 primati
634 1612 672 1644 ad
697 1612 795 1644 instar
812 1612 910 1645 dictae
927 1612 1025 1644 eccle-

286 1665 349 1698 siae
372 1664 561 1698 Senonensis
587 1664 747 1697 subiacere
772 1664 894 1704 debeat,
913 1669 941 1695 et
959 1663 1024 1695 sine

286 1718 481 1762 praeiudicio
517 1717 780 1751 concordatorum
812 1717 901 1759 regni
932 1717 1026 1748 Fran-

286 1771 362 1811 ciae,
386 1771 504 1804 dudum
529 1771 609 1804 inter
633 1770 744 1803 Sedem
770 1769 979 1813 Apostolicam
996 1775 1022 1802 et

286 1825 388 1858 clarae
404 1824 575 1858 memoriae
592 1824 794 1856 Franciscum
812 1824 823 1856 l
841 1823 1024 1856 eorumdem

286 1878 478 1911 Francorum
492 1887 600 1920 regem
613 1877 776 1919 initorum)
791 1876 962 1919 apostolica
975 1887 1026 1908 au-

287 1931 438 1971 ctoritate,
456 1935 563 1964 tenore
582 1930 805 1974 praesentium,
823 1930 975 1972 erigimus
996 1935 1023 1962 et

287 1984 487 2025 instituimus,
499 1994 535 2017 ac
547 1984 684 2024 nomine,
695 1983 784 2016 titulo
801 1988 831 2016 et
847 1984 967 2016 honore
980 1994 1026 2015 ar-

288 2036 509 2080 chiepiscopali
526 2041 555 2069 et
571 2036 813 2080 metropolitano
830 2036 1023 2068 decoramus.

333 2089 347 2132 ἓ
371 2088 401 2122 3.
426 2090 554 2122 Necnon
577 2089 677 2122 dictae
701 2089 850 2122 ecclesiae
875 2089 1026 2121 parisien—

288 2142 330 2175 sis
354 2142 565 2185 praesulibus,
589 2143 643 2186 qui
667 2147 759 2175 erunt
782 2153 841 2185 pro
866 2147 1024 2185 tempore,

287 2195 417 2238 pallium
440 2195 473 2227 in
499 2196 625 2237 signum
655 2195 858 2238 plenitudinis
883 2194 1025 2227 videlicet

288 2247 476 2291 pontificalis
500 2247 594 2280 officii
626 2248 847 2290 assignandum
874 2248 949 2285 sore,
975 2258 1025 2279 ec-

287 2301 478 2344 clesiamque
501 2300 708 2333 Parisiensem
733 2300 1024 2343 metropolitanam,

287 2352 462 2396 praedictos
490 2353 651 2396 praesules
675 2352 928 2396 archiepiscopos
952 2362 1024 2384 cen-

288 2406 360 2446 seri,
377 2416 412 2438 ae
430 2405 591 2449 perpetuis
608 2405 720 2438 suturis
738 2405 932 2448 temporibus
950 2415 1026 2437 nun-

288 2459 395 2503 cupari
424 2458 560 2498 debere,
591 2458 869 2501 archiepiscopalia
900 2468 1025 2501 quoque

287 2517 318 2545 et
341 2511 572 2555 metropolitica
596 2507 730 2553 insignia
753 2521 873 2553 gerere,
891 2510 969 2551 iura,
983 2511 1042 2544 itt-l

287 2565 485 2611 risdictiones
509 2569 539 2597 et
562 2570 666 2597 cetera
690 2565 822 2607 singula,
846 2570 940 2608 prout
964 2575 1025 2597 me-

289 2617 484 2661 tropolitanis
508 2617 540 2649 in
563 2628 674 2650 eorum
698 2617 884 2658 civitatibus,
905 2617 1025 2651 dioece-

326 2681 337 2707 1
353 2679 485 2717 Legerem
498 2680 634 2709 existenti
648 2686 684 2716 tn.
696 2678 744 2716 T.).
1037 2656 1043 2712 i

1051 346 1135 379 sibus
1149 351 1178 379 et
1192 346 1362 389 provinciis
1382 357 1399 378 a
1419 346 1487 378 iure
1504 345 1659 378 indultum
1674 345 1786 384 existit,

1052 400 1163 439 facere,
1188 409 1352 438 exercerc,
1378 397 1598 430 administrare
1622 403 1651 430 et
1676 397 1786 440 exequi

1051 463 1152 495 posse,
1179 452 1260 484 (licta
1282 452 1466 484 auctoritate
1487 451 1698 484 concedimus.

1097 503 1152 546 gli.
1168 504 1294 536 Necnon
1307 503 1529 536 Carnotenscm
1543 508 1571 535 et
1590 502 1787 542 Mcldensem,

1052 564 1087 585 ac
1111 553 1366 586 Aurelianensem
1399 554 1563 593 ecclesias,
1592 564 1670 596 quae
1695 552 1787 585 ctiam

1052 606 1089 638 de
1104 606 1170 637 iure
1188 605 1418 649 metropolitico
1443 605 1620 649 praedictae
1639 604 1789 638 ecclesiae

1053 658 1222 691 Senonensi
1253 659 1378 691 subesse
1408 658 1645 700 dignoscuntur,
1669 668 1790 690 earum-

1053 721 1113 753 que
1138 711 1279 743 omnium
1312 716 1341 743 et
1373 711 1563 752 singularem
1592 710 1731 743 civitates
1760 715 1790 743 ct

1053 763 1223 803 dioeceses,
1241 774 1311 795 cum
1330 763 1475 796 omnibus
1493 766 1522 796 et
1539 762 1789 806 quibuscumque

1054 827 1161 848 earum
1187 816 1352 849 territoriis
1377 819 1405 849 et
1430 815 1582 855 terminis,
1599 826 1633 847 ae
1658 815 1788 848 dilectos

1055 870 1134 902 tilios
1159 880 1266 902 earum
1291 870 1485 912 singularum
1510 870 1629 902 clerum
1647 875 1677 902 et
1695 880 1790 913 popu-

1055 923 1118 954 lum
1142 923 1324 955 universum
1349 933 1421 954 cum
1437 922 1598 965 quibusvis
1618 921 1790 964 collegiatis

1054 975 1287 1018 parochialibus
1311 980 1338 1007 ct
1365 975 1432 1007 aliis
1459 975 1618 1015 ecclesiis,
1643 985 1701 1007 nec
1728 984 1791 1006 non

1055 1028 1252 1060 monasteriis
1282 1028 1446 1071 utriusque
1479 1038 1585 1068 sexus,
1615 1027 1791 1071 ceterisque

1055 1081 1216 1113 beneficiis
1239 1081 1466 1120 ecclesiasticis,
1491 1091 1561 1113 cum
1587 1082 1662 1113 cura
1680 1085 1710 1112 et
1726 1080 1790 1112 sinc

1056 1136 1141 1173 cura,
1166 1133 1359 1166 secularibus
1383 1137 1412 1166 et
1436 1133 1620 1176 quorumvis
1639 1132 1790 1166 Ordinum

1056 1192 1085 1218 et
1099 1187 1282 1219 militiarum
1297 1187 1505 1229 regularibus,
1521 1196 1642 1219 necnon
1658 1185 1792 1229 hospita-

1057 1240 1147 1279 libus,
1168 1239 1323 1279 domibus,
1340 1239 1481 1281 collegiis
1499 1244 1528 1271 et
1544 1239 1620 1271 locis
1637 1238 1792 1281 religiosis

1057 1293 1319 1336 quibuscumque,
1340 1292 1377 1324 ab
1398 1292 1529 1324 ecclesia
1555 1291 1737 1331 Senonensi,
1757 1301 1793 1323 ac

1056 1355 1114 1388 pro
1139 1350 1280 1388 tempore
1304 1344 1464 1376 existentis
1489 1344 1717 1387 archiepiscopi
1744 1344 1794 1377 Se-

1056 1397 1203 1430 nonensis
1228 1397 1420 1430 subiectione
1440 1401 1470 1430 et
1493 1397 1717 1436 iurisdictione,
1736 1406 1794 1428 nec

1057 1461 1121 1483 non
1144 1451 1360 1491 correctione,
1387 1450 1561 1483 visitatione
1592 1460 1627 1482 ac
1656 1449 1740 1482 omni
1766 1454 1795 1482 et.

1058 1514 1255 1547 quacumque
1283 1504 1343 1535 alia
1369 1503 1548 1536 obedientia
1574 1508 1603 1535 et
1627 1502 1795 1547 superiori-

1058 1561 1119 1589 tate
1147 1560 1299 1600 perpetuo
1332 1556 1499 1589 dividimus
1530 1561 1560 1588 et
1594 1566 1794 1599 separamus,

1058 1609 1189 1652 illasque
1220 1614 1250 1641 et
1281 1620 1390 1641 earum
1419 1609 1558 1642 civitates
1583 1614 1612 1641 et
1636 1608 1794 1641 dioeceses

1059 1662 1190 1706 posthac
1222 1662 1253 1694 in
1283 1662 1446 1706 provincia
1478 1661 1643 1694 Parisiensi
1674 1671 1741 1693 esse
1765 1666 1796 1694 ct

1059 1716 1229 1749 consistere
1244 1742 1252 1755 ,
1275 1726 1377 1759 neque
1402 1715 1432 1747 iu
1452 1715 1513 1747 alia
1538 1715 1700 1758 provincia
1728 1725 1795 1747 cen-

1059 1769 1169 1801 sendas
1190 1774 1220 1801 et
1243 1768 1452 1801 numerandas
1468 1778 1535 1800 esse
1550 1768 1749 1801 decernimus
1766 1773 1796 1800 et

1059 1822 1263 1855 declaramus¹
1285 1822 1451 1854 Praeterea
1481 1821 1581 1854 dictae
1610 1819 1794 1853 Parisiensi¹

1059 1876 1207 1908 ecclesiae
1227 1876 1464 1915 Carnotensem‚
1489 1880 1520 1907 et
1544 1874 1741 1915 Meldensem,
1766 1880 1795 1907 et

1059 1929 1313 1962 Aurelianensem
1328 1928 1485 1968 ecclesias,
1496 1933 1525 1960 et
1538 1928 1697 1961 dioeceses
1710 1938 1796 1971 prae-

1060 1984 1144 2023 fatas,
1170 1982 1399 2024 modernosque
1423 1991 1480 2025 pro
1505 1986 1647 2024 tempore
1664 1981 1796 2013 existen-

1059 2041 1104 2068 tes
1124 2035 1249 2066 illarum
1267 2034 1462 2076 singularum
1479 2034 1640 2077 praesules
1657 2044 1715 2077 pro
1733 2034 1795 2066 suis

1058 2099 1116 2131 pro
1142 2091 1282 2130 tempore
1307 2087 1449 2119 existenti
1479 2086 1717 2130 archiepiscopo
1743 2087 1796 2119 Pa-

1058 2140 1182 2173 risiensi
1206 2140 1431 2182 suffraganeis²
1447 2140 1524 2182 (qui,
1542 2150 1713 2182 earumque
1738 2140 1797 2172 sin-

1059 2194 1204 2235 gularum
1230 2192 1374 2235 capitula,
1398 2192 1491 2224 etiam
1515 2203 1715 2235 quocumque
1736 2192 1797 2235 pri-

1058 2247 1171 2289 vilegio
1196 2246 1333 2287 suffulta,
1360 2251 1518 2289 tamquam
1543 2247 1684 2279 membra
1701 2247 1795 2290 capiti

1058 2300 1160 2332 eidem
1184 2299 1422 2342 archiepiscopo
1447 2299 1612 2332 Parisiensi
1644 2299 1712 2331 iure
1736 2310 1796 2332 me-

1058 2352 1236 2395 tropolitico
1262 2351 1404 2391 subsint,
1433 2351 1554 2394 sibique
1587 2351 1795 2384 obedientiam

1058 2410 1088 2438 et
1112 2404 1320 2438 reverentiam
1344 2409 1503 2447 tamquam
1528 2405 1659 2448 proprio
1683 2410 1796 2438 metro-

1058 2459 1197 2503 politano
1221 2468 1353 2501 prorsus
1371 2458 1550 2501 exhibeant)
1576 2458 1669 2491 etiam
1688 2469 1797 2502 perpe—

1058 2519 1112 2545 tuo
1136 2511 1328 2545 subiicimus.

1093 2592 1103 2617 1
1124 2591 1193 2617 Edit.
1211 2590 1288 2617 Main.
1306 2590 1369 2624 legit
1385 2590 1559 2617 Parisiensis
1574 2592 1612 2625 (n.
1623 2592 1672 2621 T.)-

1091 2635 1108 2661 ‘2
1128 2636 1272 2670 Perperam
1293 2634 1356 2661 edit.
1378 2633 1456 2661 Main.
1478 2633 1558 2661 habet
1577 2635 1724 2664 emistentes
1745 2644 1795 2664 ar-

1056 2679 1226 2715 chiepiscopi
1244 2679 1420 2708 Paristensis
1439 2679 1637 2715 suffraganeos
1651 2680 1693 2715 (R.
1708 2679 1758 2715 Τ.).

1844 514 1985 534 Ecclesiarum

1806 541 1986 570 suffraganearum

1806 571 1929 593 assugnatio.
