2293 3231
86 276 140 304 An.
155 276 184 304 C.
205 276 273 304 1623

883 279 1059 303 GREGORIUS
1083 279 1126 303 xv
1149 280 1197 303 Pr.

287 334 367 365 rum,
384 324 582 369 aliorumque
607 325 720 358 civium
745 325 902 359 civitatum
922 333 947 359 ct
971 328 1041 371 op!

284 377 431 421 pidorum
457 378 700 422 praedictorum,
719 378 883 411 referimus
902 385 932 412 ct
953 390 1023 412 con-

285 431 463 471 scribimus,
487 432 624 475 ipsisque
649 432 754 475 (etiam
780 433 804 464 si
830 433 972 465 habitum
993 438 1022 465 et

284 485 460 518 rochettum
484 486 679 518 notariorum
704 485 803 518 dictae
828 485 914 517 Sedis
939 486 1021 518 iuxta

284 536 409 570 decreta
426 538 641 570 Lateranensis
657 538 780 571 concilii
797 538 963 571 novissime
977 549 1022 571 ce-

284 590 397 622 ,ebrati
421 601 482 623 non
507 591 656 631 deserant,
681 597 731 624 aut
756 592 894 625 civitates
919 591 1022 623 huius-

284 644 368 677 modi
386 654 448 677 non
468 645 665 686 incoluerint,
682 655 739 678 nec
759 655 895 688 unquam
915 645 945 677 in
961 645 1020 677 eis-

284 696 354 730 dem
375 698 550 731 civitatibus
567 698 759 731 domicilium
781 699 970 742 habuerint),
988 704 1021 731 ut

285 750 431 783 omnibus
455 756 485 783 et
508 751 759 794 quibuscumque
783 751 964 794 privilegiis,
982 752 1022 783 sa-

285 803 462 844 cultatibus,
479 804 740 847 exemptionibus,
762 804 1020 843 immunitatibus,

284 855 490 897 libertatibus,
513 857 683 897 favoribus,
704 858 812 900 gratiis
831 861 862 891 et
884 857 1021 897 indultis,

285 909 398 952 quibus
422 909 517 943 ceteri
542 920 650 943 omnes
670 911 782 944 notarii
802 911 911 950 nostri,
929 911 1020 943 etiam

285 960 323 993 de
339 971 472 995 numero
495 963 759 1006 participantium,
783 973 904 996 necnon
928 963 1024 996 comi-

285 1019 341 1055 tes,
358 1015 488 1058 equites,
506 1021 536 1048 et
552 1016 683 1056 nobiles,
710 1026 832 1050 necnon
856 1016 938 1049 cives
960 1016 1023 1049 ori-

286 1067 409 1110 ginarii,
427 1068 521 1100 etiam
537 1068 569 1100 in
586 1068 784 1110 dignitatum,
798 1068 1022 1101 beneficiorum

286 1120 568 1153 ecclesiasticorum
593 1126 623 1152 et
647 1121 844 1161 secularium,
869 1121 962 1153 etiam
987 1131 1022 1153 ex

284 1172 428 1215 personis
452 1173 666 1206 Romanorum
694 1174 942 1216 originariorum
966 1184 1021 1206 va-

285 1225 432 1265 cantium,
448 1226 669 1269 assequutione
685 1231 716 1258 et
737 1226 896 1266 exercitio,
913 1232 976 1258 tam
993 1227 1024 1258 in

286 1277 379 1318 Urbe,
397 1288 491 1321 quam
516 1278 692 1312 civitatibus
712 1279 880 1323 praedictis
904 1285 933 1312 et
956 1279 1024 1312 aliis

285 1330 402 1374 ubique
425 1331 568 1364 locorum
593 1336 623 1364 et
646 1332 794 1375 gentium,
819 1342 941 1365 necnon
960 1343 1025 1365 ses-

287 1383 412 1417 sionum
437 1389 466 1417 et
490 1390 711 1425 conventuum,
735 1390 877 1428 utuntur,
900 1385 1025 1429 potiun-

286 1442 338 1470 tur
363 1443 393 1470 et
416 1437 562 1480 gaudent,
581 1448 617 1471 ac
636 1439 691 1478 uti,
715 1439 810 1482 potiri
834 1444 864 1471 et
887 1439 1024 1481 gaudere

286 1495 433 1534 poterunt
462 1491 698 1533 quomodolibet
726 1492 756 1524 in
780 1491 937 1531 futurum,
962 1503 1023 1525 non

287 1543 390 1576 solum
407 1543 446 1575 ad
470 1543 597 1576 illorum
617 1544 725 1583 instar,
742 1543 795 1576 sed
812 1544 1026 1587 pariformiter

288 1601 318 1629 et
337 1606 436 1639 aeque
460 1596 678 1640 principaliter
695 1607 730 1629 ac
750 1596 775 1629 si
795 1596 969 1640 privilegia,
987 1597 1026 1629 fa-

287 1649 434 1690 cultates,
458 1650 688 1694 exemptiones,
714 1650 832 1692 gratiae
855 1655 884 1682 et
908 1650 1026 1682 indulta

288 1714 348 1747 pro
370 1703 445 1747 ipsis
468 1709 664 1736 emanassent
683 1704 775 1745 (citra
799 1709 903 1736 tamen
926 1714 1027 1736 exem-

287 1756 426 1800 ptionem
448 1767 465 1789 a
488 1756 626 1790 Concilio
650 1756 830 1790 Tridentino
855 1757 1044 1797 sublatani,¹

288 1820 324 1843 ac
348 1810 510 1842 facultates
533 1810 738 1853 legitimandi,
755 1810 793 1842 ad
817 1810 933 1852 gradus
957 1821 1027 1853 pro-

288 1862 445 1903 movendi,
459 1868 489 1895 et
501 1863 649 1903 notarios,
659 1873 714 1895 sen
727 1863 910 1895 tabelliones
923 1873 1028 1895 crean-

289 1915 331 1956 di,
347 1915 469 1959 aliaque
485 1915 666 1949 huiusmodi
681 1915 845 1959 privilegia
865 1926 881 1948 a
897 1916 1027 1949 notariis

291 1966 378 2000 Sedis
401 1969 598 2011 Apostolicae
629 1974 659 2001 et
688 1969 854 2002 comitibus
884 1969 1028 2012 palatinis

291 2025 470 2063 praetensa,
494 2026 529 2053 ut
551 2022 612 2054 illis
636 2021 883 2065 supranominati
908 2022 1028 2064 cappel-

290 2073 354 2106 lani
377 2074 544 2107 familiares
567 2076 665 2108 nostri
690 2075 799 2108 nullibi
824 2075 868 2108 uti
893 2075 1026 2115 valeant,

291 2137 327 2159 ac
344 2127 467 2160 irritum
485 2133 515 2160 et
532 2128 623 2161 inane
647 2128 767 2168 existat,
785 2129 810 2161 si
826 2139 915 2161 secus
934 2139 1028 2171 super

292 2179 341 2213 his
353 2190 371 2212 a
383 2190 552 2224 quoquam,
561 2182 670 2224 quavis
686 2182 880 2221 auctoritate,
895 2182 1029 2214 scienter
1044 2197 1045 2222 ;

291 2233 340 2266 vel
363 2232 546 2275 ignoranter
569 2234 750 2276 contigerit,
776 2234 943 2277 attentari)
968 2234 1027 2274 uti,

291 2286 396 2330 potiri,
420 2286 572 2329 gaudere3
590 2298 625 2320 ac
641 2288 671 2320 in
689 2287 834 2320 omnibus
851 2293 881 2320 et
898 2288 1029 2330 singulis

291 2339 489 2383 apostolicis,
509 2340 640 2383 aliisque
664 2340 791 2379 litteris,
816 2341 1030 2373 instrumentis

292 2397 323 2425 et
339 2393 504 2436 scripturis
528 2393 663 2436 publicis
680 2399 709 2426 et
732 2393 861 2437 privatis
884 2393 1030 2436 deinceps

292 2456 403 2479 eorum
426 2446 553 2479 nomine
573 2446 775 2479 conficiendis
797 2456 863 2478 sese
880 2446 1029 2486 notarios,

293 2499 434 2540 comites,
459 2499 578 2542 equites
602 2505 632 2532 et
656 2499 786 2539 nobiles,
811 2509 846 2532 ac
871 2499 909 2532 de
932 2499 1029 2531 nobili

293 2562 408 2595 genere
437 2563 475 2585 ex
506 2557 640 2597 utroque
671 2558 797 2596 parente
830 2558 1030 2596 procreatos,

293 2614 415 2639 necnon
438 2606 595 2639 Romanos
611 2610 641 2638 et
656 2606 786 2638 aliarum
811 2606 970 2638 civitatum
991 2606 1031 2639 ci-

295 2668 358 2697 ves,
372 2663 408 2692 ut
422 2658 559 2700 libuerit,
584 2659 767 2698 inscribere,
784 2664 814 2692 et
831 2670 863 2692 se
880 2659 940 2693 illis
961 2660 1030 2692 sub-

1057 327 1193 359 scribet-«-
1214 327 1343 367 ralcant,
1361 337 1396 360 ac
1411 337 1470 370 pro
1487 327 1568 360 veris
1584 331 1614 359 ct
1629 336 1692 360 non
1709 328 1789 360 lictis·

1056 380 1199 420 notariis,
1224 380 1407 420 comitibus,
1432 380 1605 423 equitibus,
1630 385 1660 412 et
1682 380 1791 413 nobili-

1057 432 1123 473 bus,
1148 444 1184 465 ac
1208 433 1328 465 civibus
1353 433 1536 473 habeantur,
1554 433 1702 476 nihilque,
1720 444 1791 477 qua-

1057 486 1219 529 lecumque
1246 486 1320 517 illud
1342 486 1445 525 suerit,
1463 497 1532 518 cum
1560 486 1596 518 iis
1620 486 1791 530 expressio-

1055 539 1146 570 nibus
1169 539 1400 582 subreptitium,
1424 539 1625 583 obreptitium
1643 543 1695 572 aut
1711 539 1792 571 inva—

1056 592 1164 632 lidum,
1181 592 1234 624 sed
1257 592 1331 624 illud
1357 593 1438 625 idem
1458 593 1565 624 efficax
1587 593 1617 625 in
1634 593 1790 633 omnibus,

1055 650 1084 677 et
1094 656 1150 688 per
1160 646 1262 678 omnia
1272 645 1645 689 censeatur¹.litins11per
1655 647 1791 686 Petrum,

1055 698 1181 731 Petrum
1205 699 1342 739 Mariam,
1364 699 1489 731 Petrum
1514 699 1692 739 Antonium,
1715 700 1793 732 Tho-

1054 761 1147 793 mam,
1166 752 1376 792 Benedictum,
1395 753 1586 793 Faustinum,
1603 753 1791 793 Cornelium,

1055 803 1201 836 loannem
1226 804 1411 848 Baptistam,
1436 805 1594 845 Iacobum,
1618 805 1791 846 Nicolaum,

1055 857 1217 889 Caesarem
1243 862 1273 889 et
1297 857 1522 890 Bernardinum
1547 857 1735 901 praedictos,
1757 868 1791 890 ac

1056 919 1165 941 eorum
1191 909 1341 951 singulos,
1366 910 1569 953 ipsorumque
1592 910 1742 943 beneficia
1762 916 1790 943 et

1056 962 1159 994 officia
1172 963 1381 995 ecclesiastica
1393 974 1621 1007 quaecumque,
1632 969 1794 1007 quotcum—

1056 1025 1127 1058 que,
1144 1021 1174 1048 et
1190 1016 1439 1059 qualiacumque,
1458 1017 1648 1060 illorumque
1663 1017 1792 1055 fructus,

1057 1079 1107 1100 res
1131 1073 1161 1101 et
1185 1070 1263 1110 iura,
1289 1069 1478 1113 ubicumque
1502 1070 1654 1111 locorum,
1680 1080 1793 1112 regno-

1056 1132 1127 1153 rum
1152 1127 1182 1154 et
1207 1123 1460 1165 provinciarum,
1492 1133 1614 1156 necnon
1639 1123 1669 1155 in
1695 1123 1792 1163 Urbe,

1057 1173 1244 1215 civitatibus,
1262 1175 1354 1207 terris
1375 1181 1403 1208 et
1424 1176 1500 1208 locis
1517 1175 1618 1208 eidem
1636 1176 1794 1209 Romanae

1058 1226 1212 1259 Ecclesiae
1238 1227 1371 1260 mediate
1388 1228 1435 1260 vel
1452 1228 1631 1260 immediate
1648 1227 1795 1261 subiectis

1058 1279 1258 1312 consistentia
1281 1281 1418 1323 praedia,
1442 1281 1561 1322 domos,
1583 1281 1795 1325 possessiones

1058 1336 1088 1366 et
1106 1332 1188 1365 bona
1204 1333 1446 1376 patrimonialia,
1461 1334 1583 1377 aliaque
1600 1334 1794 1377 temporalia,

1059 1386 1195 1427 mobilia,
1221 1386 1395 1419 immobilia
1411 1392 1442 1419 et
1458 1387 1659 1428 semoventia‚
1674 1397 1795 1420 necnon

1058 1439 1195 1472 actiones
1209 1444 1235 1471 et
1254 1439 1322 1471 iura
1335 1440 1510 1482 praesentia
1526 1445 1556 1472 et
1568 1440 1682 1480 sutura,
1696 1439 1797 1472 cuius-

1058 1502 1193 1535 cumque
1217 1492 1383 1535 qualitatis,
1409 1493 1588 1535 quantitatis
1605 1498 1635 1525 et
1654 1498 1794 1532 naturae,

1058 1555 1094 1577 ac
1107 1545 1351 1588 quanticumque
1368 1546 1461 1578 etiam
1478 1546 1572 1578 annui
1585 1546 1700 1578 valoris
1716 1546 1797 1578 sruc-

1060 1601 1117 1637 tus,
1138 1597 1278 1630 redditus
1295 1602 1325 1630 et
1341 1603 1511 1641 proventus
1533 1597 1712 1630 huiusmodi
1736 1598 1796 1630 sint

1060 1650 1107 1682 vel
1123 1650 1247 1692 suerint,
1264 1661 1300 1683 ac
1317 1651 1409 1683 etiam
1427 1661 1643 1694 quaecumque
1660 1651 1698 1683 ab
1718 1651 1795 1694 ipsis

1060 1702 1229 1744 vendenda,
1256 1709 1285 1735 et
1308 1714 1366 1747 pro
1391 1714 1501 1737 eorum
1526 1708 1555 1737 et
1579 1704 1713 1736 familiae
1738 1703 1796 1736 usi-

1059 1756 1117 1788 bus
1142 1757 1282 1797 emenda,
1307 1757 1345 1789 ab
1370 1757 1517 1790 omnibus
1541 1762 1572 1789 et
1595 1757 1795 1800 quibuscum-

1059 1819 1119 1852 que
1143 1809 1282 1851 decimis,
1307 1810 1436 1853 quartis,
1461 1810 1608 1851 dimidiis,
1632 1809 1794 1849 fructibus,

1060 1863 1216 1904 subsidiis,
1240 1864 1334 1897 etiam
1358 1864 1537 1905 caritativis‚
1555 1874 1677 1897 necnon
1694 1864 1797 1905 vulga-

1060 1916 1148 1948 ribus
1171 1916 1331 1959 portoriis,
1356 1916 1492 1955 tributis,
1517 1916 1620 1955 datiis,
1646 1916 1796 1959 pedagiis,

1060 1969 1208 2011 collectis,
1226 1975 1256 2001 et
1272 1980 1471 2013 quocumque
1487 1970 1548 2003 alio
1568 1969 1662 2002 modo
1682 1979 1798 2002 nuncu-

1061 2022 1140 2065 patis
1157 2022 1304 2064 angariis,
1320 2022 1526 2065 perangariis,
1539 2022 1714 2065 ceterisque
1727 2032 1798 2057 one-

1061 2075 1147 2108 ribus
1180 2081 1210 2107 et
1241 2075 1545 2117 contributionibus,
1574 2082 1637 2108 tam
1670 2077 1797 2109 urbanis

1061 2138 1154 2171 quam
1178 2128 1320 2168 rusticis,
1346 2129 1513 2162 ordinariis
1537 2134 1567 2163 et
1590 2131 1799 2164 extraordina-

1062 2182 1126 2222 riis,
1144 2181 1291 2223 rcalibus,
1307 2183 1525 2225 personalibus
1538 2188 1568 2215 et
1579 2184 1692 2225 mixtis,
1705 2185 1797 2217 etiam

1062 2235 1181 2267 ratione
1195 2235 1405 2268 munitionum
1419 2241 1448 2268 et
1461 2237 1614 2280 pontium,
1624 2243 1797 2281 portarum,

1063 2289 1303 2327 moliturarum,
1331 2289 1483 2322 mercium
1509 2291 1645 2323 cuiusvis
1673 2292 1799 2333 generis

1064 2342 1210 2374 transitus
1231 2352 1286 2374 sen
1305 2353 1414 2385 passus
1435 2347 1463 2376 et
1486 2349 1640 2385 vecturae,
1659 2345 1751 2377 etiam
1769 2345 1799 2377 in

1063 2395 1146 2427 aliud
1172 2395 1376 2436 territorium,
1401 2406 1455 2429 seu
1478 2397 1682 2440 provinciam,
1703 2402 1798 2437 terra,

1064 2448 1141 2480 mari
1155 2454 1185 2480 et
1201 2448 1338 2489 flumine,
1355 2459 1476 2482 necnon
1493 2460 1645 2493 equorum
1663 2457 1800 2485 mortuo-

1063 2512 1144 2541 rum,
1163 2502 1416 2539 stabulationuin,
1434 2503 1577 2545 militum,
1599 2505 1800 2538 institutionis

1063 2553 1221 2586 seminarii
1235 2554 1446 2595 ecclesiastici,
1460 2560 1512 2589 aut
1525 2567 1722 2601 quacumque
1739 2558 1799 2590 alia

1062 2607 1261 2649 quantumvis
1272 2608 1358 2650 gravi
1369 2608 1462 2640 etiam
1472 2609 1694 2652 urgentissima
1707 2615 1800 2644 causa
1814 2618 1818 2621 ’

1102 2671 1108 2695 l
1130 2669 1223 2697 Deest:
1243 2671 1420 2698 concedimus
1435 2674 1460 2698 et
1474 2672 1660 2706 indulyemus
1674 2675 1713 2706 (a.
1731 2674 1781 2705 Τ.).

1694 269 1757 303 803
1803 279 1851 306 An.
1868 279 1896 307 c.
1918 279 1986 307 1623

1853 713 1961 740 Exemptio
1976 720 1988 736 ι

1806 740 1892 760 decimis
1908 744 1929 761 et
1942 741 1990 762 alii·

1807 767 1983 794 impositionibus.
