2293 3231
83 300 133 328 An.
153 299 184 327 G.
201 297 268 326 ¹622

901 298 1078 323 Gnnconlus
1102 298 1145 321 XV
1168 297 1217 321 PP-

280 344 443 388 religionis
466 345 542 388 iugo
563 345 722 379 Altissimo
739 345 954 380 famulantium
971 356 1021 379 vo·
1052 344 1245 378 confirmatis
1269 347 1299 378 et
1321 343 1492 383 innovatis;
1518 342 1631 388 quibus
1648 343 1797 376 omnibus

281 398 331 439 tis,
355 398 393 431 iis
416 398 613 442 praesertim,
637 408 717 442 quae
741 398 779 431 ad
799 398 895 431 divini
919 399 1021 432 cultus
1053 403 1083 431 et
1106 397 1248 440 singulis,
1264 406 1375 430 eorum
1391 397 1534 430 omnium
1553 395 1697 429 tenores¹
1711 407 1798 440 prae-

281 456 507 494 augumentum
532 456 562 485 et
585 451 725 484 fidelium
751 451 927 484 animarum
941 451 1022 484 salu-
1054 450 1195 483 sentibus
1207 460 1265 494 pro
1279 449 1370 494 plene
1387 454 1417 482 et
1437 449 1627 483 sufficienter
1640 449 1796 493 expressis

282 507 344 536 tem
358 503 484 545 faciunt,
498 504 630 538 libenter
642 504 821 544 annuimus,
832 514 930 547 eaque
943 503 1022 537 favo-

282 556 372 590 ribus
387 557 610 601 prosequimur
629 557 825 601 opportunis,
842 562 937 601 prout
952 567 1023 590 con-

284 610 434 655 spicimus
458 611 490 644 in
514 611 646 645 Domino
671 611 840 645 salubriter
865 611 1021 655 expedire.

327 664 343 708 5
367 664 397 698 1.
422 665 567 698 Volentes
592 665 695 709 itaque
719 664 849 698 dilectos
874 664 954 698 filios
978 664 1023 697 vi-

283 718 427 753 sitatores
457 719 619 762 generales
646 729 682 751 ac
710 719 822 752 fratres
849 718 1025 761 Congrega-

284 772 378 806 tionis
391 772 586 806 Iesuatorum
601 772 629 806 S.
645 772 828 816 Hieronymi
846 772 904 805 sub
916 772 1025 815 regula

283 825 313 859 S.
338 825 503 869 Augustini
528 825 634 859 favore
653 825 804 869 prosequi
819 825 938 868 gratiae
957 835 1025 869 spe-

284 878 381 919 cialis,
396 883 427 912 et
441 889 551 912 eorum
569 879 743 922 singulares
759 888 910 922 personas
926 888 944 911 a
960 878 1026 922 qui-

283 931 390 965 busvis
408 931 752 972 excommunicationis,
764 931 979 976 suspensionis
995 936 1025 964 et

284 984 452 1026 interdicti,
469 985 601 1029 aliisque
618 984 835 1018 ecclesiasticis
855 984 1025 1025 sententiis,

284 1039 427 1072 censuris
435 1041 465 1073 et
473 1037 592 1082 poenis,
601 1048 618 1070 a
630 1037 697 1071 iure
704 1038 752 1071 vel
762 1037 801 1070 ab
808 1038 945 1079 homine,
954 1049 1027 1082 qua-

286 1091 333 1125 vis
347 1092 512 1125 occasione
524 1091 573 1124 vel
585 1092 680 1125 causa
692 1091 772 1132 latis,
786 1091 811 1124 si
828 1091 941 1135 quibus
953 1102 1027 1135 quo-

284 1144 457 1178 modolibet
477 1144 643 1178 innodatae
662 1144 808 1185 existunt,
825 1144 863 1176 ad
879 1144 1025 1178 effectum

283 1197 495 1241 praesentium
510 1197 518 1213 ¹
551 1196 713 1230 dumtaxat
744 1197 1000 1240 consequendum
1018 1223 1025 1237 ,

284 1250 397 1283 harum
414 1249 495 1283 serie
519 1249 717 1283 absolventes
732 1254 763 1282 et
779 1250 940 1283 absolutas
959 1250 1025 1283 fore

284 1306 456 1344 censentes,
470 1302 751 1348 supplicationibus
768 1313 878 1337 eorum
898 1304 1026 1337 nomine

283 1355 374 1390 nobis
389 1366 446 1400 per
463 1355 612 1389 dilectum
634 1356 736 1389 fllium
763 1356 910 1390 Ioannem
935 1358 1027 1391 Anto-

284 1409 372 1443 nium
391 1409 525 1451 Gallum,
549 1409 623 1443 dicti
646 1409 770 1444 Ordinis
786 1415 1026 1454 procuratorem

285 1463 482 1506 generalem,
503 1473 599 1507 super
615 1463 676 1496 hoc
696 1463 857 1497 humiliter
872 1465 1027 1508 porrectis

285 1517 445 1558 inclinati,
477 1516 623 1550 omnibus
658 1522 688 1549 et
721 1517 852 1560 singulis
887 1517 1026 1550 eiusdem

285 1570 544 1613 Congregationis
567 1569 737 1610 fratribus,
757 1570 811 1613 qui
840 1580 857 1602 a
883 1570 1026 1604 locorum

286 1622 461 1657 Ordinariis
480 1623 646 1667 approbati
667 1623 801 1664 suerint,
822 1628 855 1656 ut
879 1624 910 1656 in
933 1634 1026 1668 paro-

287 1677 440 1710 chialibus
469 1677 610 1710 ecclesiis
640 1676 809 1710 domorum
834 1677 1027 1720 regularium

286 1729 385 1773 ipsius
401 1729 659 1772 Congregationis
682 1729 844 1762 dumtaxat
868 1730 1029 1773 parochia-

286 1792 400 1815 norum
425 1782 607 1815 earumdem
631 1782 834 1815 ecclesiarum
855 1793 1030 1816 sacramen-

288 1836 364 1870 tales
388 1835 600 1869 confessiones
617 1835 736 1876 audire,
756 1845 792 1868 ac
809 1835 869 1867 illis
882 1835 1030 1868 iniunctis

288 1888 488 1931 iniungendis
506 1888 733 1921 absolutionem
748 1888 931 1932 impendere
951 1889 1030 1921 salu-

289 1945 389 1973 tarem
408 1941 506 1974 libere
531 1946 563 1973 et
585 1941 670 1973 licite
694 1941 833 1981 valeant,
858 1941 1030 1985 apostolica

290 1993 484 2035 auctoritate,
508 1999 618 2027 tenore
642 1993 865 2038 praesentium,
890 1994 1031 2028 concedi-

291 2056 361 2079 mus
385 2050 415 2079 et
438 2046 648 2090 indulgemus,
665 2058 701 2080 ac
717 2047 876 2081 licentiam
893 2051 924 2082 et
939 2048 1031 2081 facul-

291 2104 386 2132 tatem
409 2099 619 2143 impartimur.

336 2152 352 2195 ἓ
367 2151 397 2184 ⁸2.
422 2152 491 2185 Non
503 2152 697 2186 obstantibus
714 2153 989 2187 constitutionibus
1002 2159 1032 2187 et

293 2205 541 2239 ordinationibus
563 2207 760 2250 apostolicis,
784 2217 907 2240 necnon
930 2207 1031 2240 dictae

292 2259 549 2303 Congregationis
573 2261 680 2304 (etiam
704 2261 898 2301 iuramento,
919 2261 1033 2295 confir-

293 2312 430 2346 matione
462 2314 651 2357 apostolica,
680 2314 727 2347 vel
751 2314 860 2357 quavis
883 2313 1031 2347 firmitate

292 2366 352 2398 alia
375 2367 546 2410 roboratis)
560 2366 681 2399 statutis
698 2372 728 2399 et
743 2367 1030 2409 consuetudinibus,

292 2419 466 2463 privilegiis
486 2430 622 2464 quoque,
641 2420 769 2453 indultis
788 2425 818 2453 et
834 2420 945 2454 litteris
962 2431 1032 2464 apo·

293 2472 428 2515 stolicis,
453 2473 615 2516 quibusvis
634 2473 796 2517 personis,
821 2472 879 2506 sub
902 2473 1031 2516 quibus-

293 2536 427 2570 cumque
451 2526 613 2559 tenoribus
638 2531 668 2559 et
691 2526 810 2567 formis,
827 2536 862 2559 ac
878 2537 950 2559 cum
967 2526 1033 2570 qui-

292 2577 399 2611 busvis
419 2578 566 2612 clausulis
583 2582 613 2613 et
629 2578 772 2620 decretis,
787 2579 818 2611 in
837 2579 1032 2613 contrarium

294 2631 542 2675 praemissorum
577 2632 816 2676 quomodolibet
854 2631 1012 2666 concessis
1025 2659 1032 2673 ,

333 2694 345 2721 ¹
361 2693 459 2722 Vocem
470 2695 670 2730 praesentium
685 2702 735 2723 nos
750 2694 871 2723 addimus
889 2694 929 2731 (n.
945 2695 992 2731 T.)-

110 677 227 701 lndultum.
242 677 268 698 do

85 710 126 732 qno
141 705 162 726 in
176 704 270 726 rubrica.

161 2160 277 2186 Derogatio

95 2188 256 2209 contrariorum.

1057 503 1218 544 habentes,
1238 503 1282 535 illi
1299 503 1375 535 alias
1392 502 1422 535 in
1443 513 1500 535 suo
1518 502 1633 536 robore
1652 511 1795 546 perman-

1059 557 1151 597 suris,
1176 557 1235 590 hac
1251 556 1319 590 vice
1335 556 1497 590 dumtaxat
1516 556 1693 600 specialiter
1705 561 1735 588 et
1751 566 1800 589 ex-

1058 620 1167 655 presse
1191 610 1381 653 derogamus
1395 637 1402 651 ,
1435 610 1609 654 ceterisque
1633 609 1799 643 contrariis

1058 663 1318 707 quibuscumque.

1102 718 1116 761 5
1139 716 1169 751 3.
1195 717 1346 751 Volumus
1369 722 1492 759 autem,
1523 722 1558 751 ut
1585 717 1798 762 praesentium

1057 771 1281 815 transumptis,
1306 771 1400 804 etiam
1425 771 1604 815 impressis,
1628 780 1723 804 manu
1748 770 1800 803 ali-

1058 824 1147 858 cuius
1171 824 1285 858 notarii
1302 824 1418 868 publici
1438 825 1632 868 subscriptis,
1650 828 1679 858 et
1696 824 1799 866 sigillo

1057 887 1210 921 personae
1234 878 1266 910 in
1289 878 1439 921 dignitate
1456 877 1668 912 ecclesiastica
1685 878 1800 910 consti-

1059 935 1142 963 tutae
1166 931 1304 971 munitis,
1329 931 1438 964 eadem
1461 942 1592 975 prorsus
1608 931 1685 964 fides
1701 931 1732 964 in
1753 930 1799 963 iu-

1058 984 1140 1018 dicio
1175 989 1205 1017 et
1236 989 1323 1018 extra
1350 985 1554 1025 adhibeatur,
1579 995 1659 1028 quae
1683 984 1799 1017 eisdem

1058 1037 1276 1081 praesentibus
1300 1038 1512 1079 adhiberetur,
1537 1038 1562 1071 si
1585 1037 1689 1071 forent
1713 1037 1800 1070 exhi-

1058 1090 1141 1123 bitae
1165 1091 1214 1124 vel
1238 1095 1390 1124 ostensae.

1102 1143 1214 1176 Datum
1246 1144 1374 1185 Romae,
1391 1144 1474 1188 apud
1502 1149 1641 1177 sanctam
1671 1144 1800 1177 Mariam

1059 1196 1220 1237 Maiorem,
1239 1196 1298 1229 sub
1322 1197 1437 1230 annulo
1455 1197 1637 1237 piscatoris,
1662 1197 1711 1229 die
1735 1207 1800 1229 xxx

1059 1249 1185 1292 augusti
1198 1259 1340 1291 nncxxn,
1351 1250 1552 1293 pontificatus
1563 1250 1663 1283 nostri
1678 1260 1759 1283 anno
1770 1261 1799 1283 11.

1095 1312 1154 1339 Dat.
1171 1312 1215 1340 die
1231 1312 1266 1340 30
1284 1313 1390 1348 augusti
1408 1313 1488 1347 1622,
1505 1312 1599 1348 pontif.
1619 1321 1662 1340 an.
1680 1320 1708 1340 11.

1360 1456 1500 1490 LXXVII.

1063 1535 1274 1579 Confirmatio
1298 1535 1470 1569 divisionis
1490 1536 1679 1580 provinciae
1698 1537 1803 1569 sancte*

1104 1589 1288 1633 Auqustini
1310 1589 1454 1632 fratrum
1477 1589 1730 1623 Recollectorum
1746 1590 1803 1622 Di-

1105 1643 1338 1675 scalceatorum
1363 1641 1498 1676 Ordinis
1522 1642 1745 1676 Eremitarum
1767 1643 1799 1676 S.

1105 1695 1289 1739 Aayastini
1316 1696 1561 1740 Hispaniarum
1591 1697 1629 1729 in
1661 1700 1804 1740 quatuor

1105 1749 1302 1792 provincias,
1329 1759 1366 1781 ac
1389 1748 1553 1782 electionis
1576 1749 1695 1781 vicarii
1714 1759 1804 1792 yene-

1106 1800 1200 1841 ralis,
1217 1801 1521 1845 nonnullarumque
1534 1802 1803 1835 constitutionum

1105 1865 1163 1898 per
1175 1853 1275 1888 dictos
1286 1855 1402 1897 fratres
1419 1855 1456 1887 in
1468 1854 1611 1898 capitulo
1631 1856 1802 1898 factarum,

1270 1934 1430 1969 Gregorius
1450 1934 1529 1969 Papa
1548 1934 1605 1969 XV,

1183 1978 1219 2006 ad
1239 1982 1416 2012 perpetuam
1435 1979 1481 2007 rei
1501 1979 1683 2007 memoriam.

1108 2048 1154 2081 Ad
1178 2059 1300 2082 sacram
1323 2049 1405 2082 beati
1429 2049 1513 2082 Petri
1533 2049 1656 2091 Sedem,
1682 2050 1804 2083 meritis

1065 2102 1137 2135 licet
1161 2102 1343 2146 imparibus,
1363 2102 1677 2147 divinaprovidentia
1694 2104 1804 2141 vocati,

1065 2155 1102 2188 ad
1127 2165 1181 2196 ea,
1206 2166 1264 2199 per
1287 2166 1367 2199 quae
1391 2156 1611 2189 christifideles
1636 2156 1694 2189 sub
1719 2157 1804 2189 suavi

1065 2208 1227 2251 religionis
1252 2209 1326 2252 iugo
1350 2213 1380 2242 et
1404 2208 1569 2242 strictioris
1589 2209 1805 2242 observantiae

1065 2262 1182 2304 regulis
1202 2262 1362 2295 Altissimo
1386 2262 1571 2295 famulantes
1594 2262 1626 2295 in
1657 2262 1804 2295 laudabili

1065 2325 1175 2348 eorum
1200 2315 1341 2348 instituto
1373 2325 1577 2359 perseverare
1601 2316 1743 2355 valeant,
1768 2316 1805 2348 li-

1064 2368 1175 2401 benter
1191 2368 1392 2409 intendimus,
1409 2374 1502 2412 atque
1523 2379 1568 2409 ea,
1582 2379 1662 2412 quae
1679 2374 1805 2412 propte-

1065 2431 1119 2454 rea
1137 2421 1266 2464 provide
1291 2421 1370 2455 sacta
1385 2421 1480 2454 fuisse
1497 2421 1654 2461 dicuntur,
1667 2426 1702 2454 ut
1715 2421 1806 2454 firma

1065 2478 1095 2506 et
1111 2474 1228 2506 illibata
1244 2474 1423 2518 persistant,
1439 2474 1628 2518 apostolicae
1641 2475 1806 2508 conflrma-

1066 2527 1156 2561 tionis
1181 2527 1295 2561 robore
1315 2528 1560 2568 communimus,
1580 2528 1718 2572 aliasque
1742 2528 1804 2561 dis-

1065 2579 1228 2623 ponimus,
1252 2586 1347 2624 prout
1370 2581 1579 2624 conspicimus
1609 2581 1641 2613 in
1671 2581 1805 2614 Domino

1066 2633 1235 2668 salubriter
1257 2633 1417 2678 expedire.

1104 2696 1114 2723 1
1134 2694 1204 2723 Edit.
1221 2695 1301 2723 Maia.
1316 2696 1381 2732 legit
1395 2699 1523 2726 tenorem
1542 2696 1581 2732 (n.
1596 2697 1644 2732 T.).

1696 286 1755 319 731
1807 297 1856 322 Αιι.
1878 296 1905 322 c.
1926 297 1992 322 1⁴:2³2

1854 728 1916 748 Fides
1939 731 1999 749 tran-

1814 758 1950 781 sumpturum.

1846 2058 1967 2079 Exordium.
