<?xml version="1.0" encoding="UTF-8"?>
<!DOCTYPE html PUBLIC "-//W3C//DTD XHTML 1.0 Transitional//EN"
    "http://www.w3.org/TR/xhtml1/DTD/xhtml1-transitional.dtd">
<html xmlns="http://www.w3.org/1999/xhtml" xml:lang="en" lang="en">
 <head>
  <title>
</title>
<meta http-equiv="Content-Type" content="text/html;charset=utf-8" />
  <meta name='ocr-system' content='tesseract 3.04.00' />
  <meta name='ocr-capabilities' content='ocr_page ocr_carea ocr_par ocr_line ocrx_word'/>
</head>
<body>
  <div class='ocr_page' id='page_1' title='image "./bullarumdiplomat12cath_0791.png"; bbox 0 0 2293 3231; ppageno 0'>
   <div class='ocr_carea' id='block_1_1' title="bbox 0 0 31 3231">
    <p class='ocr_par' dir='ltr' id='par_1_1' title="bbox 0 0 31 3231">
     <span class='ocr_line' id='line_1_1' title="bbox 0 0 31 3231; baseline 0 0"><span class='ocrx_word' id='word_1_1' title='bbox 0 0 31 3231; x_wconf 95' lang='lat' dir='ltr'> </span> 
     </span>
    </p>
   </div>
   <div class='ocr_carea' id='block_1_2' title="bbox 86 299 268 328">
    <p class='ocr_par' dir='ltr' id='par_1_2' title="bbox 86 299 268 328">
     <span class='ocr_line' id='line_1_2' title="bbox 86 299 268 328; baseline -0.005 0"><span class='ocrx_word' id='word_1_2' title='bbox 86 299 136 328; x_wconf 73' lang='lat' dir='ltr'>An.</span> <span class='ocrx_word' id='word_1_3' title='bbox 150 299 179 328; x_wconf 88' lang='lat' dir='ltr'>C.</span> <span class='ocrx_word' id='word_1_4' title='bbox 201 299 268 328; x_wconf 76' lang='lat'>¹622</span> 
     </span>
    </p>
   </div>
   <div class='ocr_carea' id='block_1_3' title="bbox 87 467 269 521">
    <p class='ocr_par' dir='ltr' id='par_1_3' title="bbox 87 467 269 521">
     <span class='ocr_line' id='line_1_3' title="bbox 158 467 269 489; baseline 0.009 -1"><span class='ocrx_word' id='word_1_5' title='bbox 158 467 269 489; x_wconf 76' lang='lat' dir='ltr'>clausulae</span> 
     </span>
     <span class='ocr_line' id='line_1_4' title="bbox 87 494 194 521; baseline 0 -5"><span class='ocrx_word' id='word_1_6' title='bbox 87 494 194 521; x_wconf 72' lang='lat' dir='ltr'>poenales.</span> 
     </span>
    </p>
   </div>
   <div class='ocr_carea' id='block_1_4' title="bbox 86 1789 271 1843">
    <p class='ocr_par' dir='ltr' id='par_1_4' title="bbox 86 1789 271 1843">
     <span class='ocr_line' id='line_1_5' title="bbox 86 1789 271 1843; baseline 0.005 -33"><span class='ocrx_word' id='word_1_7' title='bbox 86 1789 204 1843; x_wconf 47' lang='lat' dir='ltr'>pefihiigippi</span> <span class='ocrx_word' id='word_1_8' title='bbox 215 1791 271 1817; x_wconf 73' lang='lat' dir='ltr'>regis</span> 
     </span>
    </p>
   </div>
   <div class='ocr_carea' id='block_1_5' title="bbox 879 301 1191 326">
    <p class='ocr_par' dir='ltr' id='par_1_5' title="bbox 879 301 1191 326">
     <span class='ocr_line' id='line_1_6' title="bbox 879 301 1191 326; baseline 0 0"><span class='ocrx_word' id='word_1_9' title='bbox 879 301 1056 326; x_wconf 83' lang='lat' dir='ltr'>GREGORIUS</span> <span class='ocrx_word' id='word_1_10' title='bbox 1080 302 1122 326; x_wconf 83' lang='lat' dir='ltr'>XV</span> <span class='ocrx_word' id='word_1_11' title='bbox 1145 302 1191 326; x_wconf 83' lang='lat' dir='ltr'>PP-</span> 
     </span>
    </p>
   </div>
   <div class='ocr_carea' id='block_1_6' title="bbox 283 347 1023 445">
    <p class='ocr_par' dir='ltr' id='par_1_6' title="bbox 283 347 1023 445">
     <span class='ocr_line' id='line_1_7' title="bbox 283 347 1023 392; baseline 0.003 -12"><span class='ocrx_word' id='word_1_12' title='bbox 283 347 478 392; x_wconf 89' lang='lat' dir='ltr'>plenitudine</span> <span class='ocrx_word' id='word_1_13' title='bbox 505 348 688 392; x_wconf 87' lang='lat' dir='ltr'>praedietis,</span> <span class='ocrx_word' id='word_1_14' title='bbox 713 348 920 391; x_wconf 75' lang='lat' dir='ltr'>derogamus,</span> <span class='ocrx_word' id='word_1_15' title='bbox 945 354 1023 382; x_wconf 87' lang='lat' dir='ltr'>cete-</span> 
     </span>
     <span class='ocr_line' id='line_1_8' title="bbox 284 400 864 445; baseline 0.002 -12"><span class='ocrx_word' id='word_1_16' title='bbox 284 400 390 444; x_wconf 82' lang='lat' dir='ltr'>risque</span> <span class='ocrx_word' id='word_1_17' title='bbox 415 401 580 433; x_wconf 75' lang='lat' dir='ltr'>contrariis</span> <span class='ocrx_word' id='word_1_18' title='bbox 605 401 864 445; x_wconf 86' lang='lat' dir='ltr'>quibuscumque.</span> 
     </span>
    </p>
   </div>
   <div class='ocr_carea' id='block_1_7' title="bbox 1056 289 1795 445">
    <p class='ocr_par' dir='ltr' id='par_1_7' title="bbox 1056 289 1795 445">
     <span class='ocr_line' id='line_1_9' title="bbox 1698 289 1763 324; baseline 0.015 -1"><span class='ocrx_word' id='word_1_19' title='bbox 1698 289 1763 324; x_wconf 82' lang='lat'>753</span> 
     </span>
     <span class='ocr_line' id='line_1_10' title="bbox 1099 347 1793 392; baseline -0.003 -10"><span class='ocrx_word' id='word_1_20' title='bbox 1099 350 1114 392; x_wconf 64' lang='lat' dir='ltr'><strong>g</strong></span> <span class='ocrx_word' id='word_1_21' title='bbox 1138 349 1167 382; x_wconf 74' lang='lat'>9..</span> <span class='ocrx_word' id='word_1_22' title='bbox 1186 350 1257 389; x_wconf 77' lang='lat' dir='ltr'>Nos,</span> <span class='ocrx_word' id='word_1_23' title='bbox 1279 348 1419 382; x_wconf 90' lang='lat' dir='ltr'>eiusdem</span> <span class='ocrx_word' id='word_1_24' title='bbox 1444 347 1581 392; x_wconf 86' lang='lat' dir='ltr'>Philippi</span> <span class='ocrx_word' id='word_1_25' title='bbox 1605 347 1690 390; x_wconf 86' lang='lat' dir='ltr'>regis</span> <span class='ocrx_word' id='word_1_26' title='bbox 1714 347 1793 380; x_wconf 74' lang='lat' dir='ltr'>votis</span> 
     </span>
     <span class='ocr_line' id='line_1_11' title="bbox 1056 400 1795 445; baseline -0.001 -11"><span class='ocrx_word' id='word_1_27' title='bbox 1056 401 1086 433; x_wconf 93' lang='lat' dir='ltr'>in</span> <span class='ocrx_word' id='word_1_28' title='bbox 1110 401 1290 445; x_wconf 80' lang='lat' dir='ltr'>praemissis</span> <span class='ocrx_word' id='word_1_29' title='bbox 1313 406 1464 445; x_wconf 90' lang='lat' dir='ltr'>quantum</span> <span class='ocrx_word' id='word_1_30' title='bbox 1485 411 1557 433; x_wconf 87' lang='lat' dir='ltr'>cum</span> <span class='ocrx_word' id='word_1_31' title='bbox 1579 400 1710 433; x_wconf 92' lang='lat' dir='ltr'>Domino</span> <span class='ocrx_word' id='word_1_32' title='bbox 1726 410 1795 443; x_wconf 91' lang='lat' dir='ltr'>pos—</span> 
     </span>
    </p>
   </div>
   <div class='ocr_carea' id='block_1_8' title="bbox 329 451 1795 497">
    <p class='ocr_par' dir='ltr' id='par_1_8' title="bbox 329 451 1795 497">
     <span class='ocr_line' id='line_1_12' title="bbox 329 451 1795 497; baseline 0.001 -12"><span class='ocrx_word' id='word_1_33' title='bbox 329 451 388 495; x_wconf 73' lang='lat'>§8.</span> <span class='ocrx_word' id='word_1_34' title='bbox 410 453 491 486; x_wconf 84' lang='lat' dir='ltr'>Nulli</span> <span class='ocrx_word' id='word_1_35' title='bbox 509 464 586 496; x_wconf 78' lang='lat' dir='ltr'>ergo</span> <span class='ocrx_word' id='word_1_36' title='bbox 608 454 736 486; x_wconf 87' lang='lat' dir='ltr'>omuino</span> <span class='ocrx_word' id='word_1_37' title='bbox 753 454 916 487; x_wconf 89' lang='lat' dir='ltr'>hominum</span> <span class='ocrx_word' id='word_1_38' title='bbox 931 453 1021 486; x_wconf 85' lang='lat' dir='ltr'>liceat</span> <span class='ocrx_word' id='word_1_39' title='bbox 1056 465 1163 487; x_wconf 85' lang='lat' dir='ltr'>sumus</span> <span class='ocrx_word' id='word_1_40' title='bbox 1187 455 1322 497; x_wconf 71' lang='lat' dir='ltr'>benigne</span> <span class='ocrx_word' id='word_1_41' title='bbox 1347 464 1503 493; x_wconf 83' lang='lat' dir='ltr'>annuere,</span> <span class='ocrx_word' id='word_1_42' title='bbox 1532 453 1697 497; x_wconf 86' lang='lat' dir='ltr'>ipsumque</span> <span class='ocrx_word' id='word_1_43' title='bbox 1727 463 1795 497; x_wconf 88' lang='lat' dir='ltr'>spe-</span> 
     </span>
    </p>
   </div>
   <div class='ocr_carea' id='block_1_9' title="bbox 284 505 1024 1182">
    <p class='ocr_par' dir='ltr' id='par_1_9' title="bbox 284 505 1024 1012">
     <span class='ocr_line' id='line_1_13' title="bbox 284 505 1024 549; baseline 0.001 -12"><span class='ocrx_word' id='word_1_44' title='bbox 284 505 365 538; x_wconf 88' lang='lat' dir='ltr'>hanc</span> <span class='ocrx_word' id='word_1_45' title='bbox 378 505 525 549; x_wconf 80' lang='lat' dir='ltr'>paginam</span> <span class='ocrx_word' id='word_1_46' title='bbox 536 511 662 539; x_wconf 87' lang='lat' dir='ltr'>nostrae</span> <span class='ocrx_word' id='word_1_47' title='bbox 673 506 909 548; x_wconf 74' lang='lat' dir='ltr'>segregationis,</span> <span class='ocrx_word' id='word_1_48' title='bbox 923 517 1024 539; x_wconf 84' lang='lat' dir='ltr'>exem-</span> 
     </span>
     <span class='ocr_line' id='line_1_14' title="bbox 286 558 1024 602; baseline 0.003 -12"><span class='ocrx_word' id='word_1_49' title='bbox 286 558 411 602; x_wconf 83' lang='lat' dir='ltr'>ptioniS‚</span> <span class='ocrx_word' id='word_1_50' title='bbox 426 558 604 599; x_wconf 79' lang='lat' dir='ltr'>erectionis,</span> <span class='ocrx_word' id='word_1_51' title='bbox 621 558 835 599; x_wconf 87' lang='lat' dir='ltr'>institutionis,</span> <span class='ocrx_word' id='word_1_52' title='bbox 853 559 1024 594; x_wconf 76' lang='lat' dir='ltr'>decoratio-</span> 
     </span>
     <span class='ocr_line' id='line_1_15' title="bbox 286 611 1022 655; baseline 0.001 -12"><span class='ocrx_word' id='word_1_53' title='bbox 286 611 344 652; x_wconf 87' lang='lat' dir='ltr'>nis,</span> <span class='ocrx_word' id='word_1_54' title='bbox 369 611 542 652; x_wconf 83' lang='lat' dir='ltr'>divisionis,</span> <span class='ocrx_word' id='word_1_55' title='bbox 561 611 776 655; x_wconf 77' lang='lat' dir='ltr'>separationis,</span> <span class='ocrx_word' id='word_1_56' title='bbox 793 612 1022 653; x_wconf 78' lang='lat' dir='ltr'>declarationis,</span> 
     </span>
     <span class='ocr_line' id='line_1_16' title="bbox 286 664 1022 707; baseline 0 -11"><span class='ocrx_word' id='word_1_57' title='bbox 286 664 500 704; x_wconf 90' lang='lat' dir='ltr'>subiectionis,</span> <span class='ocrx_word' id='word_1_58' title='bbox 525 664 778 705; x_wconf 80' lang='lat' dir='ltr'>concessionum,</span> <span class='ocrx_word' id='word_1_59' title='bbox 804 664 1022 707; x_wconf 75' lang='lat' dir='ltr'>assignationis</span> 
     </span>
     <span class='ocr_line' id='line_1_17' title="bbox 286 716 1022 760; baseline 0.001 -11"><span class='ocrx_word' id='word_1_60' title='bbox 286 716 485 750; x_wconf 86' lang='lat' dir='ltr'>decretorum</span> <span class='ocrx_word' id='word_1_61' title='bbox 498 721 528 750; x_wconf 86' lang='lat' dir='ltr'>et</span> <span class='ocrx_word' id='word_1_62' title='bbox 548 716 760 759; x_wconf 80' lang='lat' dir='ltr'>derogationis</span> <span class='ocrx_word' id='word_1_63' title='bbox 774 717 955 760; x_wconf 77' lang='lat' dir='ltr'>infringere,</span> <span class='ocrx_word' id='word_1_64' title='bbox 975 718 1022 750; x_wconf 85' lang='lat' dir='ltr'>vcl</span> 
     </span>
     <span class='ocr_line' id='line_1_18' title="bbox 287 769 1024 813; baseline 0.001 -12"><span class='ocrx_word' id='word_1_65' title='bbox 287 769 315 801; x_wconf 89' lang='lat' dir='ltr'>ei</span> <span class='ocrx_word' id='word_1_66' title='bbox 336 779 414 802; x_wconf 89' lang='lat' dir='ltr'>ausu</span> <span class='ocrx_word' id='word_1_67' title='bbox 437 769 607 803; x_wconf 85' lang='lat' dir='ltr'>temerario</span> <span class='ocrx_word' id='word_1_68' title='bbox 631 769 798 803; x_wconf 86' lang='lat' dir='ltr'>contraire.</span> <span class='ocrx_word' id='word_1_69' title='bbox 824 770 854 803; x_wconf 88' lang='lat' dir='ltr'>Si</span> <span class='ocrx_word' id='word_1_70' title='bbox 879 770 948 813; x_wconf 88' lang='lat' dir='ltr'>quis</span> <span class='ocrx_word' id='word_1_71' title='bbox 973 780 1024 803; x_wconf 92' lang='lat' dir='ltr'>au-</span> 
     </span>
     <span class='ocr_line' id='line_1_19' title="bbox 286 822 1024 866; baseline 0 -12"><span class='ocrx_word' id='word_1_72' title='bbox 286 826 350 855; x_wconf 91' lang='lat' dir='ltr'>tem</span> <span class='ocrx_word' id='word_1_73' title='bbox 367 822 427 855; x_wconf 91' lang='lat' dir='ltr'>hoc</span> <span class='ocrx_word' id='word_1_74' title='bbox 443 827 594 854; x_wconf 86' lang='lat' dir='ltr'>attentare</span> <span class='ocrx_word' id='word_1_75' title='bbox 607 822 865 866; x_wconf 81' lang='lat' dir='ltr'>praesumpserit,</span> <span class='ocrx_word' id='word_1_76' title='bbox 885 822 1024 865; x_wconf 81' lang='lat' dir='ltr'>indigna-</span> 
     </span>
     <span class='ocr_line' id='line_1_20' title="bbox 287 874 1024 918; baseline 0.001 -11"><span class='ocrx_word' id='word_1_77' title='bbox 287 874 406 908; x_wconf 85' lang='lat' dir='ltr'>tionem</span> <span class='ocrx_word' id='word_1_78' title='bbox 430 875 654 918; x_wconf 85' lang='lat' dir='ltr'>omnipotentis</span> <span class='ocrx_word' id='word_1_79' title='bbox 674 875 727 908; x_wconf 93' lang='lat' dir='ltr'>Dei</span> <span class='ocrx_word' id='word_1_80' title='bbox 748 880 777 908; x_wconf 86' lang='lat' dir='ltr'>ct</span> <span class='ocrx_word' id='word_1_81' title='bbox 792 875 955 908; x_wconf 86' lang='lat' dir='ltr'>beatorum</span> <span class='ocrx_word' id='word_1_82' title='bbox 972 876 1024 908; x_wconf 88' lang='lat' dir='ltr'>Pe-</span> 
     </span>
     <span class='ocr_line' id='line_1_21' title="bbox 286 927 1023 971; baseline 0 -11"><span class='ocrx_word' id='word_1_83' title='bbox 286 927 327 960; x_wconf 90' lang='lat' dir='ltr'>tri</span> <span class='ocrx_word' id='word_1_84' title='bbox 352 933 381 960; x_wconf 89' lang='lat' dir='ltr'>et</span> <span class='ocrx_word' id='word_1_85' title='bbox 406 927 492 960; x_wconf 88' lang='lat' dir='ltr'>Pauli</span> <span class='ocrx_word' id='word_1_86' title='bbox 516 928 731 971; x_wconf 89' lang='lat' dir='ltr'>apostolorum</span> <span class='ocrx_word' id='word_1_87' title='bbox 756 928 822 960; x_wconf 87' lang='lat' dir='ltr'>eius</span> <span class='ocrx_word' id='word_1_88' title='bbox 846 938 878 960; x_wconf 86' lang='lat' dir='ltr'>se</span> <span class='ocrx_word' id='word_1_89' title='bbox 901 928 1023 961; x_wconf 74' lang='lat' dir='ltr'>noverit</span> 
     </span>
     <span class='ocr_line' id='line_1_22' title="bbox 285 979 495 1012; baseline 0 0"><span class='ocrx_word' id='word_1_90' title='bbox 285 979 495 1012; x_wconf 88' lang='lat' dir='ltr'>incursurum.</span> 
     </span>
    </p>

    <p class='ocr_par' dir='ltr' id='par_1_10' title="bbox 284 1032 1022 1182">
     <span class='ocr_line' id='line_1_23' title="bbox 329 1032 1022 1076; baseline -0.001 -11"><span class='ocrx_word' id='word_1_91' title='bbox 329 1033 440 1066; x_wconf 87' lang='lat' dir='ltr'>Datum</span> <span class='ocrx_word' id='word_1_92' title='bbox 454 1033 581 1072; x_wconf 87' lang='lat' dir='ltr'>Romae,</span> <span class='ocrx_word' id='word_1_93' title='bbox 591 1032 672 1076; x_wconf 90' lang='lat' dir='ltr'>apud</span> <span class='ocrx_word' id='word_1_94' title='bbox 682 1032 710 1066; x_wconf 89' lang='lat' dir='ltr'>S.</span> <span class='ocrx_word' id='word_1_95' title='bbox 724 1033 853 1065; x_wconf 85' lang='lat' dir='ltr'>Mariam</span> <span class='ocrx_word' id='word_1_96' title='bbox 863 1032 1022 1072; x_wconf 83' lang='lat' dir='ltr'>Maiorem,</span> 
     </span>
     <span class='ocr_line' id='line_1_24' title="bbox 286 1085 1022 1125; baseline -0.001 -7"><span class='ocrx_word' id='word_1_97' title='bbox 286 1095 368 1119; x_wconf 91' lang='lat' dir='ltr'>anno</span> <span class='ocrx_word' id='word_1_98' title='bbox 399 1085 626 1118; x_wconf 83' lang='lat' dir='ltr'>lucarnationis</span> <span class='ocrx_word' id='word_1_99' title='bbox 660 1085 839 1118; x_wconf 86' lang='lat' dir='ltr'>Dominicae</span> <span class='ocrx_word' id='word_1_100' title='bbox 874 1095 1022 1125; x_wconf 78' lang='lat' dir='ltr'>mncxxn,</span> 
     </span>
     <span class='ocr_line' id='line_1_25' title="bbox 284 1138 1022 1182; baseline 0.001 -12"><span class='ocrx_word' id='word_1_101' title='bbox 284 1148 342 1171; x_wconf 85' lang='lat' dir='ltr'>xm</span> <span class='ocrx_word' id='word_1_102' title='bbox 365 1138 513 1171; x_wconf 80' lang='lat' dir='ltr'>kalendas</span> <span class='ocrx_word' id='word_1_103' title='bbox 533 1138 724 1179; x_wconf 75' lang='lat' dir='ltr'>novembris,</span> <span class='ocrx_word' id='word_1_104' title='bbox 743 1138 943 1182; x_wconf 86' lang='lat' dir='ltr'>pontificatus</span> <span class='ocrx_word' id='word_1_105' title='bbox 966 1148 1022 1171; x_wconf 91' lang='lat' dir='ltr'>no-</span> 
     </span>
    </p>
   </div>
   <div class='ocr_carea' id='block_1_10' title="bbox 284 1191 955 1280">
    <p class='ocr_par' dir='ltr' id='par_1_11' title="bbox 284 1191 955 1280">
     <span class='ocr_line' id='line_1_26' title="bbox 284 1191 501 1224; baseline -0.005 0"><span class='ocrx_word' id='word_1_106' title='bbox 284 1191 341 1224; x_wconf 88' lang='lat' dir='ltr'>stri</span> <span class='ocrx_word' id='word_1_107' title='bbox 364 1201 446 1224; x_wconf 90' lang='lat' dir='ltr'>anno</span> <span class='ocrx_word' id='word_1_108' title='bbox 469 1201 501 1224; x_wconf 93' lang='lat'>11.</span> 
     </span>
     <span class='ocr_line' id='line_1_27' title="bbox 322 1243 955 1280; baseline 0.002 -10"><span class='ocrx_word' id='word_1_109' title='bbox 322 1243 380 1271; x_wconf 88' lang='lat' dir='ltr'>Dat.</span> <span class='ocrx_word' id='word_1_110' title='bbox 401 1244 445 1271; x_wconf 89' lang='lat' dir='ltr'>die</span> <span class='ocrx_word' id='word_1_111' title='bbox 464 1244 499 1270; x_wconf 75' lang='lat'>20</span> <span class='ocrx_word' id='word_1_112' title='bbox 517 1244 637 1272; x_wconf 80' lang='lat' dir='ltr'>octobris</span> <span class='ocrx_word' id='word_1_113' title='bbox 654 1244 733 1279; x_wconf 68' lang='lat'>1622,</span> <span class='ocrx_word' id='word_1_114' title='bbox 753 1244 849 1280; x_wconf 87' lang='lat' dir='ltr'>pontif.</span> <span class='ocrx_word' id='word_1_115' title='bbox 866 1253 911 1272; x_wconf 85' lang='lat' dir='ltr'>an.</span> <span class='ocrx_word' id='word_1_116' title='bbox 928 1251 955 1271; x_wconf 86' lang='grc' dir='ltr'>ιι.</span> 
     </span>
    </p>
   </div>
   <div class='ocr_carea' id='block_1_11' title="bbox 572 1308 743 1316">
    <p class='ocr_par' dir='ltr' id='par_1_12' title="bbox 572 1308 743 1316">
     <span class='ocr_line' id='line_1_28' title="bbox 572 1308 743 1316; baseline 0 1915"><span class='ocrx_word' id='word_1_117' title='bbox 572 1308 743 1316; x_wconf 95' lang='lat' dir='ltr'> </span> 
     </span>
    </p>
   </div>
   <div class='ocr_carea' id='block_1_12' title="bbox 584 1360 721 1393">
    <p class='ocr_par' dir='ltr' id='par_1_13' title="bbox 584 1360 721 1393">
     <span class='ocr_line' id='line_1_29' title="bbox 584 1360 721 1393; baseline 0.007 -1"><span class='ocrx_word' id='word_1_118' title='bbox 584 1360 721 1393; x_wconf 82' lang='lat' dir='ltr'>LXXXV.</span> 
     </span>
    </p>
   </div>
   <div class='ocr_carea' id='block_1_13' title="bbox 283 1423 1022 1663">
    <p class='ocr_par' dir='ltr' id='par_1_14' title="bbox 283 1423 1022 1663">
     <span class='ocr_line' id='line_1_30' title="bbox 283 1423 1022 1468; baseline 0.003 -12"><span class='ocrx_word' id='word_1_119' title='bbox 283 1423 365 1467; x_wconf 73' lang='lat' dir='ltr'>Reyi</span> <span class='ocrx_word' id='word_1_120' title='bbox 381 1424 538 1457; x_wconf 75' lang='lat' dir='ltr'>catholico</span> <span class='ocrx_word' id='word_1_121' title='bbox 550 1425 689 1468; x_wconf 77' lang='lat' dir='ltr'>facultas</span> <span class='ocrx_word' id='word_1_122' title='bbox 702 1425 887 1458; x_wconf 73' lang='lat' dir='ltr'>conceditur</span> <span class='ocrx_word' id='word_1_123' title='bbox 899 1430 1022 1458; x_wconf 77' lang='lat' dir='ltr'>statuta</span> 
     </span>
     <span class='ocr_line' id='line_1_31' title="bbox 328 1473 1022 1508; baseline 0.001 -3"><span class='ocrx_word' id='word_1_124' title='bbox 328 1473 530 1506; x_wconf 76' lang='lat' dir='ltr'>militiarmn</span> <span class='ocrx_word' id='word_1_125' title='bbox 546 1474 583 1506; x_wconf 81' lang='lat' dir='ltr'>de</span> <span class='ocrx_word' id='word_1_126' title='bbox 601 1474 776 1508; x_wconf 78' lang='lat' dir='ltr'>Calatrava</span> <span class='ocrx_word' id='word_1_127' title='bbox 795 1478 824 1506; x_wconf 81' lang='lat' dir='ltr'>et</span> <span class='ocrx_word' id='word_1_128' title='bbox 841 1474 1022 1507; x_wconf 80' lang='lat' dir='ltr'>Alcantara</span> 
     </span>
     <span class='ocr_line' id='line_1_32' title="bbox 328 1521 1022 1565; baseline 0.001 -12"><span class='ocrx_word' id='word_1_129' title='bbox 328 1531 391 1564; x_wconf 75' lang='lat' dir='ltr'>quo</span> <span class='ocrx_word' id='word_1_130' title='bbox 408 1521 450 1555; x_wconf 84' lang='lat' dir='ltr'>ad</span> <span class='ocrx_word' id='word_1_131' title='bbox 467 1522 692 1562; x_wconf 76' lang='lat' dir='ltr'>admittendos,</span> <span class='ocrx_word' id='word_1_132' title='bbox 710 1521 885 1554; x_wconf 75' lang='lat' dir='ltr'>reducendi</span> <span class='ocrx_word' id='word_1_133' title='bbox 900 1522 941 1554; x_wconf 84' lang='lat' dir='ltr'>ad</span> <span class='ocrx_word' id='word_1_134' title='bbox 957 1523 1022 1565; x_wconf 86' lang='lat' dir='ltr'>for-</span> 
     </span>
     <span class='ocr_line' id='line_1_33' title="bbox 327 1571 1021 1604; baseline 0.003 -2"><span class='ocrx_word' id='word_1_135' title='bbox 327 1580 415 1602; x_wconf 87' lang='lat' dir='ltr'>mam</span> <span class='ocrx_word' id='word_1_136' title='bbox 439 1575 637 1603; x_wconf 79' lang='lat' dir='ltr'>statutorum</span> <span class='ocrx_word' id='word_1_137' title='bbox 667 1571 809 1603; x_wconf 80' lang='lat' dir='ltr'>militiae</span> <span class='ocrx_word' id='word_1_138' title='bbox 836 1571 943 1604; x_wconf 77' lang='lat' dir='ltr'>sancti</span> <span class='ocrx_word' id='word_1_139' title='bbox 966 1571 1021 1604; x_wconf 85' lang='grc' dir='ltr'>Ια-</span> 
     </span>
     <span class='ocr_line' id='line_1_34' title="bbox 328 1618 637 1663; baseline 0.006 -13"><span class='ocrx_word' id='word_1_140' title='bbox 328 1618 396 1651; x_wconf 83' lang='lat' dir='ltr'>cobi</span> <span class='ocrx_word' id='word_1_141' title='bbox 418 1619 456 1652; x_wconf 86' lang='lat' dir='ltr'>de</span> <span class='ocrx_word' id='word_1_142' title='bbox 479 1619 637 1663; x_wconf 78' lang='lat' dir='ltr'>Spatha¹.</span> 
     </span>
    </p>
   </div>
   <div class='ocr_carea' id='block_1_14' title="bbox 427 1682 879 1749">
    <p class='ocr_par' dir='ltr' id='par_1_15' title="bbox 427 1682 879 1749">
     <span class='ocr_line' id='line_1_35' title="bbox 489 1682 819 1716; baseline 0.003 -8"><span class='ocrx_word' id='word_1_143' title='bbox 489 1682 645 1716; x_wconf 67' lang='lat' dir='ltr'>Gregorius</span> <span class='ocrx_word' id='word_1_144' title='bbox 665 1682 745 1715; x_wconf 82' lang='lat' dir='ltr'>Papa</span> <span class='ocrx_word' id='word_1_145' title='bbox 763 1682 819 1715; x_wconf 77' lang='lat' dir='ltr'>XV,</span> 
     </span>
     <span class='ocr_line' id='line_1_36' title="bbox 427 1722 879 1749; baseline 0 0"><span class='ocrx_word' id='word_1_146' title='bbox 427 1722 463 1749; x_wconf 87' lang='lat' dir='ltr'>ad</span> <span class='ocrx_word' id='word_1_147' title='bbox 483 1722 616 1749; x_wconf 81' lang='lat' dir='ltr'>futuram</span> <span class='ocrx_word' id='word_1_148' title='bbox 634 1723 680 1749; x_wconf 82' lang='lat' dir='ltr'>rei</span> <span class='ocrx_word' id='word_1_149' title='bbox 699 1722 879 1749; x_wconf 82' lang='lat' dir='ltr'>memoriam.</span> 
     </span>
    </p>
   </div>
   <div class='ocr_carea' id='block_1_15' title="bbox 284 1775 1024 2722">
    <p class='ocr_par' dir='ltr' id='par_1_16' title="bbox 284 1775 1024 2668">
     <span class='ocr_line' id='line_1_37' title="bbox 330 1775 1022 1819; baseline 0 -12"><span class='ocrx_word' id='word_1_150' title='bbox 330 1775 345 1819; x_wconf 76' lang='lat'>§</span> <span class='ocrx_word' id='word_1_151' title='bbox 369 1775 398 1807; x_wconf 77' lang='lat' dir='ltr'>t.</span> <span class='ocrx_word' id='word_1_152' title='bbox 423 1775 510 1816; x_wconf 91' lang='lat' dir='ltr'>Cum,</span> <span class='ocrx_word' id='word_1_153' title='bbox 528 1775 607 1808; x_wconf 88' lang='lat' dir='ltr'>sicut</span> <span class='ocrx_word' id='word_1_154' title='bbox 626 1775 829 1807; x_wconf 83' lang='lat' dir='ltr'>charissimus</span> <span class='ocrx_word' id='word_1_155' title='bbox 849 1775 881 1807; x_wconf 95' lang='lat' dir='ltr'>in</span> <span class='ocrx_word' id='word_1_156' title='bbox 899 1775 1022 1808; x_wconf 87' lang='lat' dir='ltr'>Christo</span> 
     </span>
     <span class='ocr_line' id='line_1_38' title="bbox 285 1828 1022 1872; baseline -0.001 -11"><span class='ocrx_word' id='word_1_157' title='bbox 285 1828 368 1861; x_wconf 83' lang='lat' dir='ltr'>filius</span> <span class='ocrx_word' id='word_1_158' title='bbox 398 1834 506 1862; x_wconf 87' lang='lat' dir='ltr'>noster</span> <span class='ocrx_word' id='word_1_159' title='bbox 529 1828 691 1872; x_wconf 89' lang='lat' dir='ltr'>Philippus</span> <span class='ocrx_word' id='word_1_160' title='bbox 722 1828 943 1872; x_wconf 83' lang='lat' dir='ltr'>Hispaniarum</span> <span class='ocrx_word' id='word_1_161' title='bbox 967 1839 1022 1861; x_wconf 90' lang='lat' dir='ltr'>rex</span> 
     </span>
     <span class='ocr_line' id='line_1_39' title="bbox 285 1881 1023 1926; baseline -0.001 -11"><span class='ocrx_word' id='word_1_162' title='bbox 285 1882 457 1916; x_wconf 85' lang='lat' dir='ltr'>catholicus</span> <span class='ocrx_word' id='word_1_163' title='bbox 472 1882 564 1916; x_wconf 88' lang='lat' dir='ltr'>nobis</span> <span class='ocrx_word' id='word_1_164' title='bbox 587 1892 689 1926; x_wconf 89' lang='lat' dir='ltr'>nuper</span> <span class='ocrx_word' id='word_1_165' title='bbox 713 1881 825 1925; x_wconf 84' lang='lat' dir='ltr'>exponi</span> <span class='ocrx_word' id='word_1_166' title='bbox 844 1882 925 1921; x_wconf 85' lang='lat' dir='ltr'>fecit,</span> <span class='ocrx_word' id='word_1_167' title='bbox 943 1882 1023 1914; x_wconf 87' lang='lat' dir='ltr'>inter</span> 
     </span>
     <span class='ocr_line' id='line_1_40' title="bbox 284 1935 1023 1979; baseline 0 -12"><span class='ocrx_word' id='word_1_168' title='bbox 284 1935 410 1968; x_wconf 84' lang='lat' dir='ltr'>militias</span> <span class='ocrx_word' id='word_1_169' title='bbox 433 1936 462 1969; x_wconf 89' lang='lat' dir='ltr'>S.</span> <span class='ocrx_word' id='word_1_170' title='bbox 487 1935 592 1969; x_wconf 88' lang='lat' dir='ltr'>Iacobi</span> <span class='ocrx_word' id='word_1_171' title='bbox 615 1936 653 1968; x_wconf 87' lang='lat' dir='ltr'>de</span> <span class='ocrx_word' id='word_1_172' title='bbox 677 1935 794 1979; x_wconf 85' lang='lat' dir='ltr'>Spatha</span> <span class='ocrx_word' id='word_1_173' title='bbox 817 1945 853 1967; x_wconf 90' lang='lat' dir='ltr'>ac</span> <span class='ocrx_word' id='word_1_174' title='bbox 876 1935 914 1967; x_wconf 87' lang='lat' dir='ltr'>dc</span> <span class='ocrx_word' id='word_1_175' title='bbox 937 1935 1023 1968; x_wconf 87' lang='lat' dir='ltr'>Cala-</span> 
     </span>
     <span class='ocr_line' id='line_1_41' title="bbox 284 1988 1021 2032; baseline 0 -12"><span class='ocrx_word' id='word_1_176' title='bbox 284 1993 371 2020; x_wconf 87' lang='lat' dir='ltr'>trava</span> <span class='ocrx_word' id='word_1_177' title='bbox 395 1993 425 2020; x_wconf 92' lang='lat' dir='ltr'>et</span> <span class='ocrx_word' id='word_1_178' title='bbox 441 1989 606 2022; x_wconf 84' lang='lat' dir='ltr'>Alcantara</span> <span class='ocrx_word' id='word_1_179' title='bbox 622 1989 654 2021; x_wconf 93' lang='lat' dir='ltr'>in</span> <span class='ocrx_word' id='word_1_180' title='bbox 666 1988 773 2031; x_wconf 79' lang='lat' dir='ltr'>regnis</span> <span class='ocrx_word' id='word_1_181' title='bbox 790 1988 1021 2032; x_wconf 80' lang='lat' dir='ltr'>Hispaniarum,</span> 
     </span>
     <span class='ocr_line' id='line_1_42' title="bbox 285 2041 1024 2085; baseline 0 -12"><span class='ocrx_word' id='word_1_182' title='bbox 285 2051 419 2083; x_wconf 84' lang='lat' dir='ltr'>quarum</span> <span class='ocrx_word' id='word_1_183' title='bbox 431 2041 497 2085; x_wconf 90' lang='lat' dir='ltr'>ipse</span> <span class='ocrx_word' id='word_1_184' title='bbox 508 2042 669 2085; x_wconf 89' lang='lat' dir='ltr'>Philippus</span> <span class='ocrx_word' id='word_1_185' title='bbox 682 2052 736 2074; x_wconf 82' lang='lat' dir='ltr'>rex</span> <span class='ocrx_word' id='word_1_186' title='bbox 749 2047 919 2085; x_wconf 86' lang='lat' dir='ltr'>perpetuus</span> <span class='ocrx_word' id='word_1_187' title='bbox 929 2041 1024 2073; x_wconf 86' lang='lat' dir='ltr'>admi-</span> 
     </span>
     <span class='ocr_line' id='line_1_43' title="bbox 285 2092 1022 2137; baseline 0 -12"><span class='ocrx_word' id='word_1_188' title='bbox 285 2092 434 2127; x_wconf 81' lang='lat' dir='ltr'>nistrator</span> <span class='ocrx_word' id='word_1_189' title='bbox 453 2095 626 2137; x_wconf 77' lang='lat' dir='ltr'>apostolica</span> <span class='ocrx_word' id='word_1_190' title='bbox 650 2094 834 2127; x_wconf 84' lang='lat' dir='ltr'>auctoritate</span> <span class='ocrx_word' id='word_1_191' title='bbox 857 2093 1022 2137; x_wconf 88' lang='lat' dir='ltr'>deputatus</span> 
     </span>
     <span class='ocr_line' id='line_1_44' title="bbox 286 2146 1023 2189; baseline -0.001 -10"><span class='ocrx_word' id='word_1_192' title='bbox 286 2146 399 2189; x_wconf 81' lang='lat' dir='ltr'>existit,</span> <span class='ocrx_word' id='word_1_193' title='bbox 424 2146 505 2179; x_wconf 86' lang='lat' dir='ltr'>dicta</span> <span class='ocrx_word' id='word_1_194' title='bbox 529 2146 637 2181; x_wconf 86' lang='lat' dir='ltr'>militia</span> <span class='ocrx_word' id='word_1_195' title='bbox 661 2147 690 2179; x_wconf 88' lang='lat' dir='ltr'>S.</span> <span class='ocrx_word' id='word_1_196' title='bbox 717 2146 820 2179; x_wconf 84' lang='lat' dir='ltr'>iacobi</span> <span class='ocrx_word' id='word_1_197' title='bbox 846 2146 883 2178; x_wconf 87' lang='lat' dir='ltr'>de</span> <span class='ocrx_word' id='word_1_198' title='bbox 907 2146 1023 2189; x_wconf 88' lang='lat' dir='ltr'>Spatha</span> 
     </span>
     <span class='ocr_line' id='line_1_45' title="bbox 286 2199 1023 2243; baseline 0.001 -12"><span class='ocrx_word' id='word_1_199' title='bbox 286 2199 354 2232; x_wconf 90' lang='lat' dir='ltr'>aliis</span> <span class='ocrx_word' id='word_1_200' title='bbox 370 2199 491 2232; x_wconf 88' lang='lat' dir='ltr'>duabus</span> <span class='ocrx_word' id='word_1_201' title='bbox 506 2199 608 2232; x_wconf 88' lang='lat' dir='ltr'>maior</span> <span class='ocrx_word' id='word_1_202' title='bbox 624 2203 653 2233; x_wconf 86' lang='lat' dir='ltr'>et</span> <span class='ocrx_word' id='word_1_203' title='bbox 673 2200 852 2243; x_wconf 86' lang='lat' dir='ltr'>opulentior</span> <span class='ocrx_word' id='word_1_204' title='bbox 868 2210 903 2231; x_wconf 90' lang='lat' dir='ltr'>ac</span> <span class='ocrx_word' id='word_1_205' title='bbox 920 2199 1023 2243; x_wconf 90' lang='lat' dir='ltr'>copio-</span> 
     </span>
     <span class='ocr_line' id='line_1_46' title="bbox 286 2252 1023 2296; baseline 0 -11"><span class='ocrx_word' id='word_1_206' title='bbox 286 2252 350 2286; x_wconf 88' lang='lat' dir='ltr'>sior</span> <span class='ocrx_word' id='word_1_207' title='bbox 381 2253 513 2293; x_wconf 75' lang='lat' dir='ltr'>existat3</span> <span class='ocrx_word' id='word_1_208' title='bbox 542 2253 614 2296; x_wconf 88' lang='lat' dir='ltr'>quia</span> <span class='ocrx_word' id='word_1_209' title='bbox 642 2263 716 2285; x_wconf 86' lang='lat' dir='ltr'>vero</span> <span class='ocrx_word' id='word_1_210' title='bbox 750 2253 782 2285; x_wconf 92' lang='lat' dir='ltr'>in</span> <span class='ocrx_word' id='word_1_211' title='bbox 814 2253 936 2285; x_wconf 90' lang='lat' dir='ltr'>statutis</span> <span class='ocrx_word' id='word_1_212' title='bbox 968 2263 1023 2285; x_wconf 87' lang='lat' dir='ltr'>seu</span> 
     </span>
     <span class='ocr_line' id='line_1_47' title="bbox 287 2305 1024 2345; baseline 0 -7"><span class='ocrx_word' id='word_1_213' title='bbox 287 2306 506 2339; x_wconf 89' lang='lat' dir='ltr'>stabilimentis</span> <span class='ocrx_word' id='word_1_214' title='bbox 520 2306 704 2338; x_wconf 86' lang='lat' dir='ltr'>militiarum</span> <span class='ocrx_word' id='word_1_215' title='bbox 717 2306 906 2345; x_wconf 88' lang='lat' dir='ltr'>huiusmodi,</span> <span class='ocrx_word' id='word_1_216' title='bbox 923 2305 961 2338; x_wconf 90' lang='lat' dir='ltr'>de</span> <span class='ocrx_word' id='word_1_217' title='bbox 974 2306 1024 2338; x_wconf 91' lang='lat' dir='ltr'>ad-</span> 
     </span>
     <span class='ocr_line' id='line_1_48' title="bbox 286 2357 1023 2402; baseline 0 -11"><span class='ocrx_word' id='word_1_218' title='bbox 286 2358 444 2392; x_wconf 87' lang='lat' dir='ltr'>mittendis</span> <span class='ocrx_word' id='word_1_219' title='bbox 468 2358 507 2391; x_wconf 90' lang='lat' dir='ltr'>ad</span> <span class='ocrx_word' id='word_1_220' title='bbox 523 2357 664 2392; x_wconf 86' lang='lat' dir='ltr'>habitum</span> <span class='ocrx_word' id='word_1_221' title='bbox 689 2369 746 2402; x_wconf 88' lang='lat' dir='ltr'>per</span> <span class='ocrx_word' id='word_1_222' title='bbox 771 2358 894 2391; x_wconf 89' lang='lat' dir='ltr'>illarum</span> <span class='ocrx_word' id='word_1_223' title='bbox 911 2360 1023 2391; x_wconf 83' lang='lat' dir='ltr'>fratres</span> 
     </span>
     <span class='ocr_line' id='line_1_49' title="bbox 286 2411 1021 2455; baseline 0 -11"><span class='ocrx_word' id='word_1_224' title='bbox 286 2412 401 2445; x_wconf 87' lang='lat' dir='ltr'>milites</span> <span class='ocrx_word' id='word_1_225' title='bbox 424 2411 539 2455; x_wconf 79' lang='lat' dir='ltr'>gestari</span> <span class='ocrx_word' id='word_1_226' title='bbox 556 2411 682 2444; x_wconf 88' lang='lat' dir='ltr'>solitum</span> <span class='ocrx_word' id='word_1_227' title='bbox 703 2411 855 2454; x_wconf 89' lang='lat' dir='ltr'>personis,</span> <span class='ocrx_word' id='word_1_228' title='bbox 871 2412 1021 2454; x_wconf 83' lang='lat' dir='ltr'>quaedam</span> 
     </span>
     <span class='ocr_line' id='line_1_50' title="bbox 286 2464 1022 2508; baseline 0 -10"><span class='ocrx_word' id='word_1_229' title='bbox 286 2465 450 2498; x_wconf 82' lang='lat' dir='ltr'>diversitas</span> <span class='ocrx_word' id='word_1_230' title='bbox 474 2464 650 2508; x_wconf 80' lang='lat' dir='ltr'>reperitur3</span> <span class='ocrx_word' id='word_1_231' title='bbox 675 2464 757 2497; x_wconf 90' lang='lat' dir='ltr'>idem</span> <span class='ocrx_word' id='word_1_232' title='bbox 782 2464 944 2508; x_wconf 86' lang='lat' dir='ltr'>Philippus</span> <span class='ocrx_word' id='word_1_233' title='bbox 969 2476 1022 2498; x_wconf 77' lang='lat' dir='ltr'>rex</span> 
     </span>
     <span class='ocr_line' id='line_1_51' title="bbox 284 2518 1023 2562; baseline -0.001 -10"><span class='ocrx_word' id='word_1_234' title='bbox 284 2529 342 2562; x_wconf 89' lang='lat' dir='ltr'>pro</span> <span class='ocrx_word' id='word_1_235' title='bbox 367 2518 549 2552; x_wconf 87' lang='lat' dir='ltr'>earumdem</span> <span class='ocrx_word' id='word_1_236' title='bbox 574 2518 756 2550; x_wconf 86' lang='lat' dir='ltr'>militiarum</span> <span class='ocrx_word' id='word_1_237' title='bbox 780 2518 861 2550; x_wconf 87' lang='lat' dir='ltr'>felici</span> <span class='ocrx_word' id='word_1_238' title='bbox 889 2524 970 2551; x_wconf 88' lang='lat' dir='ltr'>statu</span> <span class='ocrx_word' id='word_1_239' title='bbox 995 2524 1023 2551; x_wconf 91' lang='lat' dir='ltr'>et</span> 
     </span>
     <span class='ocr_line' id='line_1_52' title="bbox 284 2571 1023 2615; baseline 0.001 -11"><span class='ocrx_word' id='word_1_240' title='bbox 284 2572 456 2614; x_wconf 82' lang='lat' dir='ltr'>regimine,</span> <span class='ocrx_word' id='word_1_241' title='bbox 480 2582 536 2615; x_wconf 91' lang='lat' dir='ltr'>per</span> <span class='ocrx_word' id='word_1_242' title='bbox 560 2581 637 2612; x_wconf 88' lang='lat' dir='ltr'>nos,</span> <span class='ocrx_word' id='word_1_243' title='bbox 666 2576 700 2604; x_wconf 89' lang='lat' dir='ltr'>ut</span> <span class='ocrx_word' id='word_1_244' title='bbox 734 2571 824 2611; x_wconf 84' lang='lat' dir='ltr'>infra,</span> <span class='ocrx_word' id='word_1_245' title='bbox 848 2578 1023 2614; x_wconf 89' lang='lat' dir='ltr'>opportune</span> 
     </span>
     <span class='ocr_line' id='line_1_53' title="bbox 286 2624 864 2668; baseline 0.002 -12"><span class='ocrx_word' id='word_1_246' title='bbox 286 2624 444 2667; x_wconf 90' lang='lat' dir='ltr'>provideri</span> <span class='ocrx_word' id='word_1_247' title='bbox 468 2635 668 2668; x_wconf 88' lang='lat' dir='ltr'>summopere</span> <span class='ocrx_word' id='word_1_248' title='bbox 692 2624 864 2657; x_wconf 84' lang='lat' dir='ltr'>desideret:</span> 
     </span>
    </p>

    <p class='ocr_par' dir='ltr' id='par_1_17' title="bbox 322 2686 826 2722">
     <span class='ocr_line' id='line_1_54' title="bbox 322 2686 826 2722; baseline 0.002 -9"><span class='ocrx_word' id='word_1_249' title='bbox 322 2687 334 2713; x_wconf 88' lang='lat'>1</span> <span class='ocrx_word' id='word_1_250' title='bbox 352 2686 390 2713; x_wconf 84' lang='lat' dir='ltr'>Ex</span> <span class='ocrx_word' id='word_1_251' title='bbox 405 2687 512 2722; x_wconf 86' lang='lat' dir='ltr'>Regest.</span> <span class='ocrx_word' id='word_1_252' title='bbox 527 2687 555 2714; x_wconf 91' lang='lat' dir='ltr'>in</span> <span class='ocrx_word' id='word_1_253' title='bbox 574 2687 674 2715; x_wconf 85' lang='lat' dir='ltr'>Secret.</span> <span class='ocrx_word' id='word_1_254' title='bbox 692 2687 826 2714; x_wconf 81' lang='lat' dir='ltr'>Brevium.</span> 
     </span>
    </p>
   </div>
   <div class='ocr_carea' id='block_1_16' title="bbox 369 2741 920 2769">
    <p class='ocr_par' dir='ltr' id='par_1_18' title="bbox 369 2741 920 2769">
     <span class='ocr_line' id='line_1_55' title="bbox 369 2741 920 2769; baseline -0.004 0"><span class='ocrx_word' id='word_1_255' title='bbox 369 2741 448 2769; x_wconf 84' lang='lat' dir='ltr'>Bull.</span> <span class='ocrx_word' id='word_1_256' title='bbox 467 2742 543 2769; x_wconf 85' lang='lat' dir='ltr'>Rom.</span> <span class='ocrx_word' id='word_1_257' title='bbox 563 2758 598 2762; x_wconf 86' lang='lat'>—-</span> <span class='ocrx_word' id='word_1_258' title='bbox 620 2742 680 2769; x_wconf 85' lang='lat' dir='ltr'>Vol.</span> <span class='ocrx_word' id='word_1_259' title='bbox 695 2741 760 2768; x_wconf 85' lang='lat' dir='ltr'><em>XII.</em></span> <span class='ocrx_word' id='word_1_260' title='bbox 886 2741 920 2768; x_wconf 84' lang='lat'>95</span> 
     </span>
    </p>
   </div>
   <div class='ocr_carea' id='block_1_17' title="bbox 1055 505 1796 2666">
    <p class='ocr_par' dir='ltr' id='par_1_19' title="bbox 1055 505 1796 1608">
     <span class='ocr_line' id='line_1_56' title="bbox 1057 505 1794 549; baseline -0.001 -10"><span class='ocrx_word' id='word_1_261' title='bbox 1057 507 1188 540; x_wconf 85' lang='lat' dir='ltr'>cialibus</span> <span class='ocrx_word' id='word_1_262' title='bbox 1206 507 1364 540; x_wconf 76' lang='lat' dir='ltr'>favoribus</span> <span class='ocrx_word' id='word_1_263' title='bbox 1389 512 1418 539; x_wconf 87' lang='lat' dir='ltr'>et</span> <span class='ocrx_word' id='word_1_264' title='bbox 1442 505 1550 549; x_wconf 84' lang='lat' dir='ltr'>gratiis</span> <span class='ocrx_word' id='word_1_265' title='bbox 1574 505 1723 549; x_wconf 85' lang='lat' dir='ltr'>prosequi</span> <span class='ocrx_word' id='word_1_266' title='bbox 1740 516 1794 538; x_wconf 77' lang='lat' dir='ltr'>vo-</span> 
     </span>
     <span class='ocr_line' id='line_1_57' title="bbox 1056 557 1793 603; baseline -0.001 -12"><span class='ocrx_word' id='word_1_267' title='bbox 1056 559 1165 600; x_wconf 83' lang='lat' dir='ltr'>lentes,</span> <span class='ocrx_word' id='word_1_268' title='bbox 1183 563 1213 592; x_wconf 90' lang='lat' dir='ltr'>et</span> <span class='ocrx_word' id='word_1_269' title='bbox 1229 569 1245 591; x_wconf 90' lang='lat' dir='ltr'>a</span> <span class='ocrx_word' id='word_1_270' title='bbox 1261 559 1422 603; x_wconf 80' lang='lat' dir='ltr'>quibusvis</span> <span class='ocrx_word' id='word_1_271' title='bbox 1446 557 1793 599; x_wconf 80' lang='lat' dir='ltr'>excommunicationis,</span> 
     </span>
     <span class='ocr_line' id='line_1_58' title="bbox 1056 610 1794 654; baseline 0 -11"><span class='ocrx_word' id='word_1_272' title='bbox 1056 611 1268 654; x_wconf 88' lang='lat' dir='ltr'>suspensionis</span> <span class='ocrx_word' id='word_1_273' title='bbox 1293 616 1323 644; x_wconf 91' lang='lat' dir='ltr'>ct</span> <span class='ocrx_word' id='word_1_274' title='bbox 1347 610 1522 650; x_wconf 87' lang='lat' dir='ltr'>interdicti,</span> <span class='ocrx_word' id='word_1_275' title='bbox 1547 610 1676 653; x_wconf 87' lang='lat' dir='ltr'>aliisque</span> <span class='ocrx_word' id='word_1_276' title='bbox 1699 610 1794 643; x_wconf 84' lang='lat' dir='ltr'>eccle-</span> 
     </span>
     <span class='ocr_line' id='line_1_59' title="bbox 1057 662 1794 705; baseline -0.001 -9"><span class='ocrx_word' id='word_1_277' title='bbox 1057 663 1188 696; x_wconf 85' lang='lat' dir='ltr'>siasticis</span> <span class='ocrx_word' id='word_1_278' title='bbox 1213 663 1389 703; x_wconf 88' lang='lat' dir='ltr'>sententiis,</span> <span class='ocrx_word' id='word_1_279' title='bbox 1414 663 1556 696; x_wconf 84' lang='lat' dir='ltr'>censuris</span> <span class='ocrx_word' id='word_1_280' title='bbox 1581 666 1611 695; x_wconf 89' lang='lat' dir='ltr'>et</span> <span class='ocrx_word' id='word_1_281' title='bbox 1633 662 1752 705; x_wconf 86' lang='lat' dir='ltr'>poenis,</span> <span class='ocrx_word' id='word_1_282' title='bbox 1777 673 1794 695; x_wconf 87' lang='lat' dir='ltr'>a</span> 
     </span>
     <span class='ocr_line' id='line_1_60' title="bbox 1056 715 1793 760; baseline -0.001 -12"><span class='ocrx_word' id='word_1_283' title='bbox 1056 716 1125 748; x_wconf 92' lang='lat' dir='ltr'>iure</span> <span class='ocrx_word' id='word_1_284' title='bbox 1148 717 1196 749; x_wconf 81' lang='lat' dir='ltr'>vel</span> <span class='ocrx_word' id='word_1_285' title='bbox 1221 717 1259 749; x_wconf 87' lang='lat' dir='ltr'>ab</span> <span class='ocrx_word' id='word_1_286' title='bbox 1278 716 1416 756; x_wconf 87' lang='lat' dir='ltr'>homine,</span> <span class='ocrx_word' id='word_1_287' title='bbox 1433 715 1542 760; x_wconf 78' lang='lat' dir='ltr'>quavis</span> <span class='ocrx_word' id='word_1_288' title='bbox 1565 715 1729 748; x_wconf 85' lang='lat' dir='ltr'>occasione</span> <span class='ocrx_word' id='word_1_289' title='bbox 1746 716 1793 749; x_wconf 92' lang='lat' dir='ltr'>vel</span> 
     </span>
     <span class='ocr_line' id='line_1_61' title="bbox 1057 767 1793 812; baseline -0.003 -10"><span class='ocrx_word' id='word_1_290' title='bbox 1057 771 1149 802; x_wconf 78' lang='lat' dir='ltr'>causa</span> <span class='ocrx_word' id='word_1_291' title='bbox 1174 769 1261 810; x_wconf 84' lang='lat' dir='ltr'>latis,</span> <span class='ocrx_word' id='word_1_292' title='bbox 1286 769 1311 802; x_wconf 88' lang='lat' dir='ltr'>si</span> <span class='ocrx_word' id='word_1_293' title='bbox 1335 769 1450 812; x_wconf 90' lang='lat' dir='ltr'>quibus</span> <span class='ocrx_word' id='word_1_294' title='bbox 1481 767 1720 812; x_wconf 87' lang='lat' dir='ltr'>quomodolibet</span> <span class='ocrx_word' id='word_1_295' title='bbox 1745 768 1793 801; x_wconf 91' lang='lat' dir='ltr'>in-</span> 
     </span>
     <span class='ocr_line' id='line_1_62' title="bbox 1056 821 1793 865; baseline 0 -11"><span class='ocrx_word' id='word_1_296' title='bbox 1056 822 1189 856; x_wconf 86' lang='lat' dir='ltr'>nodatus</span> <span class='ocrx_word' id='word_1_297' title='bbox 1210 822 1323 863; x_wconf 81' lang='lat' dir='ltr'>existit,</span> <span class='ocrx_word' id='word_1_298' title='bbox 1348 822 1386 854; x_wconf 87' lang='lat' dir='ltr'>ad</span> <span class='ocrx_word' id='word_1_299' title='bbox 1410 821 1557 855; x_wconf 81' lang='lat' dir='ltr'>effectum</span> <span class='ocrx_word' id='word_1_300' title='bbox 1581 822 1793 865; x_wconf 87' lang='lat' dir='ltr'>praesentium</span> 
     </span>
     <span class='ocr_line' id='line_1_63' title="bbox 1057 873 1794 918; baseline -0.001 -11"><span class='ocrx_word' id='word_1_301' title='bbox 1057 875 1215 909; x_wconf 86' lang='lat' dir='ltr'>dumtaxat</span> <span class='ocrx_word' id='word_1_302' title='bbox 1235 874 1501 918; x_wconf 87' lang='lat' dir='ltr'>consequendum,</span> <span class='ocrx_word' id='word_1_303' title='bbox 1518 874 1630 906; x_wconf 88' lang='lat' dir='ltr'>harum</span> <span class='ocrx_word' id='word_1_304' title='bbox 1648 873 1728 907; x_wconf 87' lang='lat' dir='ltr'>serie</span> <span class='ocrx_word' id='word_1_305' title='bbox 1744 874 1794 907; x_wconf 89' lang='lat' dir='ltr'>ab·</span> 
     </span>
     <span class='ocr_line' id='line_1_64' title="bbox 1057 926 1793 968; baseline 0 -8"><span class='ocrx_word' id='word_1_306' title='bbox 1057 927 1232 968; x_wconf 78' lang='lat' dir='ltr'>solventes,</span> <span class='ocrx_word' id='word_1_307' title='bbox 1261 932 1292 959; x_wconf 92' lang='lat' dir='ltr'>et</span> <span class='ocrx_word' id='word_1_308' title='bbox 1322 927 1499 960; x_wconf 90' lang='lat' dir='ltr'>absolutum</span> <span class='ocrx_word' id='word_1_309' title='bbox 1523 926 1590 959; x_wconf 88' lang='lat' dir='ltr'>sore</span> <span class='ocrx_word' id='word_1_310' title='bbox 1614 931 1793 967; x_wconf 85' lang='lat' dir='ltr'>censentes,</span> 
     </span>
     <span class='ocr_line' id='line_1_65' title="bbox 1057 979 1794 1024; baseline 0 -12"><span class='ocrx_word' id='word_1_311' title='bbox 1057 980 1341 1024; x_wconf 88' lang='lat' dir='ltr'>supplicationibus</span> <span class='ocrx_word' id='word_1_312' title='bbox 1365 980 1432 1012; x_wconf 91' lang='lat' dir='ltr'>eius</span> <span class='ocrx_word' id='word_1_313' title='bbox 1448 979 1574 1012; x_wconf 91' lang='lat' dir='ltr'>nomine</span> <span class='ocrx_word' id='word_1_314' title='bbox 1589 979 1680 1012; x_wconf 88' lang='lat' dir='ltr'>nobis</span> <span class='ocrx_word' id='word_1_315' title='bbox 1700 990 1794 1023; x_wconf 89' lang='lat' dir='ltr'>super</span> 
     </span>
     <span class='ocr_line' id='line_1_66' title="bbox 1056 1030 1794 1076; baseline -0.003 -11"><span class='ocrx_word' id='word_1_316' title='bbox 1056 1032 1116 1065; x_wconf 88' lang='lat' dir='ltr'>hoc</span> <span class='ocrx_word' id='word_1_317' title='bbox 1140 1033 1302 1065; x_wconf 90' lang='lat' dir='ltr'>humiliter</span> <span class='ocrx_word' id='word_1_318' title='bbox 1325 1031 1480 1076; x_wconf 88' lang='lat' dir='ltr'>porrectis</span> <span class='ocrx_word' id='word_1_319' title='bbox 1503 1031 1660 1071; x_wconf 86' lang='lat' dir='ltr'>inclinati,</span> <span class='ocrx_word' id='word_1_320' title='bbox 1691 1030 1794 1063; x_wconf 91' lang='lat' dir='ltr'>eidem</span> 
     </span>
     <span class='ocr_line' id='line_1_67' title="bbox 1057 1083 1794 1128; baseline -0.003 -11"><span class='ocrx_word' id='word_1_321' title='bbox 1057 1085 1199 1128; x_wconf 88' lang='lat' dir='ltr'>Philippo</span> <span class='ocrx_word' id='word_1_322' title='bbox 1223 1085 1301 1127; x_wconf 81' lang='lat' dir='ltr'>regi,</span> <span class='ocrx_word' id='word_1_323' title='bbox 1325 1090 1359 1117; x_wconf 91' lang='lat' dir='ltr'>ut</span> <span class='ocrx_word' id='word_1_324' title='bbox 1383 1084 1420 1117; x_wconf 91' lang='lat' dir='ltr'>de</span> <span class='ocrx_word' id='word_1_325' title='bbox 1445 1088 1560 1124; x_wconf 89' lang='lat' dir='ltr'>cetero,</span> <span class='ocrx_word' id='word_1_326' title='bbox 1577 1083 1608 1115; x_wconf 91' lang='lat' dir='ltr'>in</span> <span class='ocrx_word' id='word_1_327' title='bbox 1628 1083 1794 1116; x_wconf 88' lang='lat' dir='ltr'>admitten-</span> 
     </span>
     <span class='ocr_line' id='line_1_68' title="bbox 1056 1136 1794 1182; baseline -0.001 -12"><span class='ocrx_word' id='word_1_328' title='bbox 1056 1138 1103 1170; x_wconf 90' lang='lat' dir='ltr'>dis</span> <span class='ocrx_word' id='word_1_329' title='bbox 1128 1138 1166 1170; x_wconf 90' lang='lat' dir='ltr'>ad</span> <span class='ocrx_word' id='word_1_330' title='bbox 1190 1139 1331 1172; x_wconf 88' lang='lat' dir='ltr'>habitum</span> <span class='ocrx_word' id='word_1_331' title='bbox 1355 1149 1412 1182; x_wconf 91' lang='lat' dir='ltr'>per</span> <span class='ocrx_word' id='word_1_332' title='bbox 1428 1138 1541 1170; x_wconf 83' lang='lat' dir='ltr'>fratres</span> <span class='ocrx_word' id='word_1_333' title='bbox 1564 1136 1794 1170; x_wconf 67' lang='lat' dir='ltr'>milites‘dicta-</span> 
     </span>
     <span class='ocr_line' id='line_1_69' title="bbox 1055 1189 1794 1224; baseline -0.001 -2"><span class='ocrx_word' id='word_1_334' title='bbox 1055 1201 1126 1222; x_wconf 85' lang='lat' dir='ltr'>rum</span> <span class='ocrx_word' id='word_1_335' title='bbox 1151 1191 1335 1223; x_wconf 88' lang='lat' dir='ltr'>militiarum</span> <span class='ocrx_word' id='word_1_336' title='bbox 1353 1191 1391 1223; x_wconf 92' lang='lat' dir='ltr'>de</span> <span class='ocrx_word' id='word_1_337' title='bbox 1407 1191 1567 1224; x_wconf 77' lang='lat' dir='ltr'>Calatrava</span> <span class='ocrx_word' id='word_1_338' title='bbox 1586 1194 1615 1222; x_wconf 90' lang='lat' dir='ltr'>et</span> <span class='ocrx_word' id='word_1_339' title='bbox 1631 1189 1794 1222; x_wconf 85' lang='lat' dir='ltr'>Alcantara</span> 
     </span>
     <span class='ocr_line' id='line_1_70' title="bbox 1057 1243 1794 1287; baseline -0.001 -11"><span class='ocrx_word' id='word_1_340' title='bbox 1057 1244 1172 1286; x_wconf 80' lang='lat' dir='ltr'>gestari</span> <span class='ocrx_word' id='word_1_341' title='bbox 1198 1244 1323 1277; x_wconf 89' lang='lat' dir='ltr'>solitum</span> <span class='ocrx_word' id='word_1_342' title='bbox 1347 1245 1500 1287; x_wconf 87' lang='lat' dir='ltr'>personis,</span> <span class='ocrx_word' id='word_1_343' title='bbox 1525 1243 1707 1276; x_wconf 88' lang='lat' dir='ltr'>earumdem</span> <span class='ocrx_word' id='word_1_344' title='bbox 1735 1243 1794 1275; x_wconf 90' lang='lat' dir='ltr'>mi-</span> 
     </span>
     <span class='ocr_line' id='line_1_71' title="bbox 1057 1297 1795 1331; baseline 0.001 -2"><span class='ocrx_word' id='word_1_345' title='bbox 1057 1297 1196 1330; x_wconf 84' lang='lat' dir='ltr'>litiarum</span> <span class='ocrx_word' id='word_1_346' title='bbox 1220 1302 1333 1330; x_wconf 86' lang='lat' dir='ltr'>statuta</span> <span class='ocrx_word' id='word_1_347' title='bbox 1357 1308 1412 1331; x_wconf 87' lang='lat' dir='ltr'>seu</span> <span class='ocrx_word' id='word_1_348' title='bbox 1436 1298 1645 1331; x_wconf 89' lang='lat' dir='ltr'>stabilimenta</span> <span class='ocrx_word' id='word_1_349' title='bbox 1669 1297 1708 1330; x_wconf 91' lang='lat' dir='ltr'>ad</span> <span class='ocrx_word' id='word_1_350' title='bbox 1734 1297 1795 1330; x_wconf 87' lang='lat' dir='ltr'>sor-</span> 
     </span>
     <span class='ocr_line' id='line_1_72' title="bbox 1057 1351 1796 1386; baseline 0 -3"><span class='ocrx_word' id='word_1_351' title='bbox 1057 1362 1140 1384; x_wconf 89' lang='lat' dir='ltr'>mam</span> <span class='ocrx_word' id='word_1_352' title='bbox 1166 1356 1352 1386; x_wconf 89' lang='lat' dir='ltr'>statutorum</span> <span class='ocrx_word' id='word_1_353' title='bbox 1377 1363 1433 1385; x_wconf 89' lang='lat' dir='ltr'>seu</span> <span class='ocrx_word' id='word_1_354' title='bbox 1452 1351 1737 1384; x_wconf 87' lang='lat' dir='ltr'>stabilimentorum</span> <span class='ocrx_word' id='word_1_355' title='bbox 1750 1351 1796 1383; x_wconf 90' lang='lat' dir='ltr'>di·</span> 
     </span>
     <span class='ocr_line' id='line_1_73' title="bbox 1057 1403 1794 1448; baseline -0.001 -11"><span class='ocrx_word' id='word_1_356' title='bbox 1057 1410 1123 1437; x_wconf 89' lang='lat' dir='ltr'>ctae</span> <span class='ocrx_word' id='word_1_357' title='bbox 1147 1405 1276 1438; x_wconf 85' lang='lat' dir='ltr'>militiae</span> <span class='ocrx_word' id='word_1_358' title='bbox 1293 1405 1322 1438; x_wconf 84' lang='lat' dir='ltr'>S.</span> <span class='ocrx_word' id='word_1_359' title='bbox 1340 1404 1443 1438; x_wconf 90' lang='lat' dir='ltr'>Iacobi</span> <span class='ocrx_word' id='word_1_360' title='bbox 1456 1404 1494 1437; x_wconf 89' lang='lat' dir='ltr'>de</span> <span class='ocrx_word' id='word_1_361' title='bbox 1507 1404 1622 1448; x_wconf 83' lang='lat' dir='ltr'>Spatha</span> <span class='ocrx_word' id='word_1_362' title='bbox 1642 1403 1794 1436; x_wconf 87' lang='lat' dir='ltr'>reducere</span> 
     </span>
     <span class='ocr_line' id='line_1_74' title="bbox 1056 1457 1795 1502; baseline -0.003 -11"><span class='ocrx_word' id='word_1_363' title='bbox 1056 1459 1155 1491; x_wconf 86' lang='lat' dir='ltr'>libere</span> <span class='ocrx_word' id='word_1_364' title='bbox 1179 1464 1208 1491; x_wconf 90' lang='lat' dir='ltr'>et</span> <span class='ocrx_word' id='word_1_365' title='bbox 1231 1459 1315 1492; x_wconf 88' lang='lat' dir='ltr'>licite</span> <span class='ocrx_word' id='word_1_366' title='bbox 1339 1459 1449 1498; x_wconf 70' lang='lat' dir='ltr'>valeat,</span> <span class='ocrx_word' id='word_1_367' title='bbox 1466 1457 1639 1502; x_wconf 73' lang='lat' dir='ltr'>apostolica</span> <span class='ocrx_word' id='word_1_368' title='bbox 1663 1457 1795 1490; x_wconf 89' lang='lat' dir='ltr'>auctori-</span> 
     </span>
     <span class='ocr_line' id='line_1_75' title="bbox 1058 1511 1795 1555; baseline -0.003 -11"><span class='ocrx_word' id='word_1_369' title='bbox 1058 1517 1127 1552; x_wconf 90' lang='lat' dir='ltr'>tate,</span> <span class='ocrx_word' id='word_1_370' title='bbox 1145 1517 1253 1545; x_wconf 88' lang='lat' dir='ltr'>tenore</span> <span class='ocrx_word' id='word_1_371' title='bbox 1277 1512 1503 1555; x_wconf 87' lang='lat' dir='ltr'>praesentium,</span> <span class='ocrx_word' id='word_1_372' title='bbox 1520 1511 1700 1544; x_wconf 84' lang='lat' dir='ltr'>facultatem</span> <span class='ocrx_word' id='word_1_373' title='bbox 1724 1520 1795 1543; x_wconf 90' lang='lat' dir='ltr'>con-</span> 
     </span>
     <span class='ocr_line' id='line_1_76' title="bbox 1057 1565 1485 1608; baseline -0.002 -11"><span class='ocrx_word' id='word_1_374' title='bbox 1057 1565 1196 1598; x_wconf 85' lang='lat' dir='ltr'>cedimus</span> <span class='ocrx_word' id='word_1_375' title='bbox 1221 1570 1250 1598; x_wconf 89' lang='lat' dir='ltr'>et</span> <span class='ocrx_word' id='word_1_376' title='bbox 1274 1565 1485 1608; x_wconf 87' lang='lat' dir='ltr'>impertimur.</span> 
     </span>
    </p>

    <p class='ocr_par' dir='ltr' id='par_1_20' title="bbox 1056 1617 1795 2083">
     <span class='ocr_line' id='line_1_77' title="bbox 1100 1617 1794 1661; baseline -0.003 -10"><span class='ocrx_word' id='word_1_377' title='bbox 1100 1619 1114 1661; x_wconf 59' lang='lat' dir='ltr'>g</span> <span class='ocrx_word' id='word_1_378' title='bbox 1138 1618 1168 1651; x_wconf 79' lang='lat'>3.</span> <span class='ocrx_word' id='word_1_379' title='bbox 1186 1619 1393 1651; x_wconf 86' lang='lat' dir='ltr'>Decernentes</span> <span class='ocrx_word' id='word_1_380' title='bbox 1406 1622 1586 1661; x_wconf 85' lang='lat' dir='ltr'>praesentes</span> <span class='ocrx_word' id='word_1_381' title='bbox 1600 1617 1720 1649; x_wconf 88' lang='lat' dir='ltr'>litteras</span> <span class='ocrx_word' id='word_1_382' title='bbox 1741 1628 1794 1649; x_wconf 82' lang='lat' dir='ltr'>va-</span> 
     </span>
     <span class='ocr_line' id='line_1_78' title="bbox 1056 1670 1793 1711; baseline -0.001 -8"><span class='ocrx_word' id='word_1_383' title='bbox 1056 1671 1145 1711; x_wconf 89' lang='lat' dir='ltr'>lidas,</span> <span class='ocrx_word' id='word_1_384' title='bbox 1161 1672 1269 1704; x_wconf 88' lang='lat' dir='ltr'>firmas</span> <span class='ocrx_word' id='word_1_385' title='bbox 1293 1676 1323 1703; x_wconf 91' lang='lat' dir='ltr'>et</span> <span class='ocrx_word' id='word_1_386' title='bbox 1347 1671 1489 1703; x_wconf 84' lang='lat' dir='ltr'>efficaces</span> <span class='ocrx_word' id='word_1_387' title='bbox 1513 1670 1646 1703; x_wconf 81' lang='lat' dir='ltr'>existere</span> <span class='ocrx_word' id='word_1_388' title='bbox 1670 1675 1700 1702; x_wconf 92' lang='lat' dir='ltr'>et</span> <span class='ocrx_word' id='word_1_389' title='bbox 1716 1671 1793 1711; x_wconf 85' lang='lat' dir='ltr'>sore,</span> 
     </span>
     <span class='ocr_line' id='line_1_79' title="bbox 1057 1722 1794 1768; baseline -0.003 -11"><span class='ocrx_word' id='word_1_390' title='bbox 1057 1735 1192 1768; x_wconf 87' lang='lat' dir='ltr'>suosque</span> <span class='ocrx_word' id='word_1_391' title='bbox 1222 1723 1402 1768; x_wconf 89' lang='lat' dir='ltr'>plenarios,</span> <span class='ocrx_word' id='word_1_392' title='bbox 1434 1729 1465 1756; x_wconf 90' lang='lat' dir='ltr'>et</span> <span class='ocrx_word' id='word_1_393' title='bbox 1494 1723 1634 1766; x_wconf 80' lang='lat' dir='ltr'>integros</span> <span class='ocrx_word' id='word_1_394' title='bbox 1666 1722 1794 1755; x_wconf 76' lang='lat' dir='ltr'>effectus</span> 
     </span>
     <span class='ocr_line' id='line_1_80' title="bbox 1057 1776 1795 1817; baseline -0.003 -7"><span class='ocrx_word' id='word_1_395' title='bbox 1057 1778 1163 1811; x_wconf 89' lang='lat' dir='ltr'>sortiri</span> <span class='ocrx_word' id='word_1_396' title='bbox 1194 1783 1223 1810; x_wconf 87' lang='lat' dir='ltr'>et</span> <span class='ocrx_word' id='word_1_397' title='bbox 1253 1777 1418 1817; x_wconf 87' lang='lat' dir='ltr'>obtinere,</span> <span class='ocrx_word' id='word_1_398' title='bbox 1443 1787 1479 1809; x_wconf 88' lang='lat' dir='ltr'>ac</span> <span class='ocrx_word' id='word_1_399' title='bbox 1507 1777 1546 1809; x_wconf 90' lang='lat' dir='ltr'>ab</span> <span class='ocrx_word' id='word_1_400' title='bbox 1571 1776 1732 1816; x_wconf 89' lang='lat' dir='ltr'>omnibus,</span> <span class='ocrx_word' id='word_1_401' title='bbox 1756 1776 1795 1809; x_wconf 90' lang='lat' dir='ltr'>ad</span> 
     </span>
     <span class='ocr_line' id='line_1_81' title="bbox 1057 1829 1795 1874; baseline -0.003 -10"><span class='ocrx_word' id='word_1_402' title='bbox 1057 1842 1135 1874; x_wconf 87' lang='lat' dir='ltr'>quos</span> <span class='ocrx_word' id='word_1_403' title='bbox 1153 1836 1270 1874; x_wconf 86' lang='lat' dir='ltr'>spectat</span> <span class='ocrx_word' id='word_1_404' title='bbox 1289 1836 1319 1863; x_wconf 92' lang='lat' dir='ltr'>et</span> <span class='ocrx_word' id='word_1_405' title='bbox 1335 1830 1488 1874; x_wconf 87' lang='lat' dir='ltr'>spectabit</span> <span class='ocrx_word' id='word_1_406' title='bbox 1511 1829 1748 1873; x_wconf 89' lang='lat' dir='ltr'>quomodolibet</span> <span class='ocrx_word' id='word_1_407' title='bbox 1764 1830 1795 1862; x_wconf 91' lang='lat' dir='ltr'>in</span> 
     </span>
     <span class='ocr_line' id='line_1_82' title="bbox 1056 1882 1794 1924; baseline -0.001 -8"><span class='ocrx_word' id='word_1_408' title='bbox 1056 1885 1214 1924; x_wconf 82' lang='lat' dir='ltr'>futurum,</span> <span class='ocrx_word' id='word_1_409' title='bbox 1240 1883 1461 1917; x_wconf 72' lang='lat' dir='ltr'>inviolabiliter</span> <span class='ocrx_word' id='word_1_410' title='bbox 1485 1883 1646 1916; x_wconf 80' lang='lat' dir='ltr'>observari</span> <span class='ocrx_word' id='word_1_411' title='bbox 1669 1882 1794 1923; x_wconf 88' lang='lat' dir='ltr'>debere,</span> 
     </span>
     <span class='ocr_line' id='line_1_83' title="bbox 1056 1934 1795 1978; baseline -0.001 -11"><span class='ocrx_word' id='word_1_412' title='bbox 1056 1935 1245 1978; x_wconf 88' lang='lat' dir='ltr'>irritumque</span> <span class='ocrx_word' id='word_1_413' title='bbox 1266 1938 1296 1968; x_wconf 88' lang='lat' dir='ltr'>et</span> <span class='ocrx_word' id='word_1_414' title='bbox 1311 1934 1401 1967; x_wconf 86' lang='lat' dir='ltr'>inane</span> <span class='ocrx_word' id='word_1_415' title='bbox 1426 1934 1578 1978; x_wconf 88' lang='lat' dir='ltr'>quidquid</span> <span class='ocrx_word' id='word_1_416' title='bbox 1595 1944 1684 1966; x_wconf 85' lang='lat' dir='ltr'>secus</span> <span class='ocrx_word' id='word_1_417' title='bbox 1701 1944 1795 1977; x_wconf 86' lang='lat' dir='ltr'>super</span> 
     </span>
     <span class='ocr_line' id='line_1_84' title="bbox 1056 1987 1795 2031; baseline -0.001 -11"><span class='ocrx_word' id='word_1_418' title='bbox 1056 1988 1105 2020; x_wconf 92' lang='lat' dir='ltr'>his</span> <span class='ocrx_word' id='word_1_419' title='bbox 1129 1998 1146 2020; x_wconf 86' lang='lat' dir='ltr'>a</span> <span class='ocrx_word' id='word_1_420' title='bbox 1170 1998 1339 2031; x_wconf 87' lang='lat' dir='ltr'>quoquam,</span> <span class='ocrx_word' id='word_1_421' title='bbox 1356 1987 1464 2031; x_wconf 87' lang='lat' dir='ltr'>quavis</span> <span class='ocrx_word' id='word_1_422' title='bbox 1487 1987 1682 2027; x_wconf 80' lang='lat' dir='ltr'>auctoritate,</span> <span class='ocrx_word' id='word_1_423' title='bbox 1699 1987 1795 2019; x_wconf 84' lang='lat' dir='ltr'>scien-</span> 
     </span>
     <span class='ocr_line' id='line_1_85' title="bbox 1056 2040 1760 2083; baseline -0.003 -9"><span class='ocrx_word' id='word_1_424' title='bbox 1056 2045 1103 2075; x_wconf 85' lang='lat' dir='ltr'>ter</span> <span class='ocrx_word' id='word_1_425' title='bbox 1128 2041 1175 2073; x_wconf 74' lang='lat' dir='ltr'>vel</span> <span class='ocrx_word' id='word_1_426' title='bbox 1200 2041 1391 2083; x_wconf 74' lang='lat' dir='ltr'>ignoranter,</span> <span class='ocrx_word' id='word_1_427' title='bbox 1417 2040 1584 2083; x_wconf 82' lang='lat' dir='ltr'>contigerit</span> <span class='ocrx_word' id='word_1_428' title='bbox 1607 2040 1760 2073; x_wconf 83' lang='lat' dir='ltr'>attentari.</span> 
     </span>
    </p>

    <p class='ocr_par' dir='ltr' id='par_1_21' title="bbox 1056 2092 1794 2666">
     <span class='ocr_line' id='line_1_86' title="bbox 1100 2092 1794 2137; baseline 0 -12"><span class='ocrx_word' id='word_1_429' title='bbox 1100 2094 1114 2137; x_wconf 65' lang='grc' dir='ltr'><strong>ξ</strong></span> <span class='ocrx_word' id='word_1_430' title='bbox 1138 2093 1168 2125; x_wconf 75' lang='grc'>4.</span> <span class='ocrx_word' id='word_1_431' title='bbox 1192 2094 1261 2126; x_wconf 90' lang='lat' dir='ltr'>Non</span> <span class='ocrx_word' id='word_1_432' title='bbox 1293 2093 1488 2126; x_wconf 86' lang='lat' dir='ltr'>obstantibus</span> <span class='ocrx_word' id='word_1_433' title='bbox 1520 2092 1794 2126; x_wconf 86' lang='lat' dir='ltr'>constitutionibus</span> 
     </span>
     <span class='ocr_line' id='line_1_87' title="bbox 1056 2145 1793 2190; baseline -0.003 -11"><span class='ocrx_word' id='word_1_434' title='bbox 1056 2150 1085 2180; x_wconf 88' lang='lat' dir='ltr'>et</span> <span class='ocrx_word' id='word_1_435' title='bbox 1109 2146 1359 2179; x_wconf 87' lang='lat' dir='ltr'>ordinationibus</span> <span class='ocrx_word' id='word_1_436' title='bbox 1375 2145 1564 2190; x_wconf 84' lang='lat' dir='ltr'>apostolicis,</span> <span class='ocrx_word' id='word_1_437' title='bbox 1588 2155 1711 2177; x_wconf 88' lang='lat' dir='ltr'>necnon</span> <span class='ocrx_word' id='word_1_438' title='bbox 1734 2145 1793 2177; x_wconf 91' lang='lat' dir='ltr'>mi-</span> 
     </span>
     <span class='ocr_line' id='line_1_88' title="bbox 1056 2199 1794 2242; baseline -0.001 -11"><span class='ocrx_word' id='word_1_439' title='bbox 1056 2199 1195 2231; x_wconf 87' lang='lat' dir='ltr'>litiarum</span> <span class='ocrx_word' id='word_1_440' title='bbox 1206 2199 1388 2231; x_wconf 89' lang='lat' dir='ltr'>huiusmodi</span> <span class='ocrx_word' id='word_1_441' title='bbox 1404 2199 1509 2242; x_wconf 87' lang='lat' dir='ltr'>(etiam</span> <span class='ocrx_word' id='word_1_442' title='bbox 1523 2199 1709 2237; x_wconf 87' lang='lat' dir='ltr'>iuramento,</span> <span class='ocrx_word' id='word_1_443' title='bbox 1723 2208 1794 2230; x_wconf 90' lang='lat' dir='ltr'>con-</span> 
     </span>
     <span class='ocr_line' id='line_1_89' title="bbox 1056 2250 1792 2295; baseline -0.003 -11"><span class='ocrx_word' id='word_1_444' title='bbox 1056 2252 1233 2285; x_wconf 86' lang='lat' dir='ltr'>firmatione</span> <span class='ocrx_word' id='word_1_445' title='bbox 1257 2252 1436 2295; x_wconf 78' lang='lat' dir='ltr'>apostolica,</span> <span class='ocrx_word' id='word_1_446' title='bbox 1457 2252 1504 2283; x_wconf 73' lang='lat' dir='ltr'>vel</span> <span class='ocrx_word' id='word_1_447' title='bbox 1521 2251 1628 2294; x_wconf 83' lang='lat' dir='ltr'>quavis</span> <span class='ocrx_word' id='word_1_448' title='bbox 1645 2250 1792 2283; x_wconf 86' lang='lat' dir='ltr'>firmitate</span> 
     </span>
     <span class='ocr_line' id='line_1_90' title="bbox 1056 2304 1792 2348; baseline -0.004 -10"><span class='ocrx_word' id='word_1_449' title='bbox 1056 2305 1115 2338; x_wconf 72' lang='lat' dir='ltr'>alia</span> <span class='ocrx_word' id='word_1_450' title='bbox 1132 2305 1302 2348; x_wconf 87' lang='lat' dir='ltr'>roboratis)</span> <span class='ocrx_word' id='word_1_451' title='bbox 1319 2305 1441 2337; x_wconf 84' lang='lat' dir='ltr'>statutis</span> <span class='ocrx_word' id='word_1_452' title='bbox 1457 2310 1487 2337; x_wconf 84' lang='lat' dir='ltr'>et</span> <span class='ocrx_word' id='word_1_453' title='bbox 1503 2304 1792 2344; x_wconf 86' lang='lat' dir='ltr'>consuetudinibus,</span> 
     </span>
     <span class='ocr_line' id='line_1_91' title="bbox 1057 2357 1792 2400; baseline -0.001 -9"><span class='ocrx_word' id='word_1_454' title='bbox 1057 2359 1283 2398; x_wconf 88' lang='lat' dir='ltr'>stabilimentis‚</span> <span class='ocrx_word' id='word_1_455' title='bbox 1300 2358 1408 2391; x_wconf 91' lang='lat' dir='ltr'>usibus</span> <span class='ocrx_word' id='word_1_456' title='bbox 1428 2363 1458 2390; x_wconf 89' lang='lat' dir='ltr'>et</span> <span class='ocrx_word' id='word_1_457' title='bbox 1473 2357 1603 2397; x_wconf 86' lang='lat' dir='ltr'>naturis,</span> <span class='ocrx_word' id='word_1_458' title='bbox 1619 2357 1792 2400; x_wconf 79' lang='lat' dir='ltr'>privilegiis</span> 
     </span>
     <span class='ocr_line' id='line_1_92' title="bbox 1056 2410 1792 2455; baseline 0 -12"><span class='ocrx_word' id='word_1_459' title='bbox 1056 2423 1191 2455; x_wconf 89' lang='lat' dir='ltr'>quoque,</span> <span class='ocrx_word' id='word_1_460' title='bbox 1216 2411 1343 2444; x_wconf 87' lang='lat' dir='ltr'>indultis</span> <span class='ocrx_word' id='word_1_461' title='bbox 1368 2415 1397 2444; x_wconf 89' lang='lat' dir='ltr'>et</span> <span class='ocrx_word' id='word_1_462' title='bbox 1420 2411 1531 2443; x_wconf 89' lang='lat' dir='ltr'>litteris</span> <span class='ocrx_word' id='word_1_463' title='bbox 1555 2410 1734 2454; x_wconf 90' lang='lat' dir='ltr'>apostolicis</span> <span class='ocrx_word' id='word_1_464' title='bbox 1761 2411 1792 2443; x_wconf 93' lang='lat' dir='ltr'>in</span> 
     </span>
     <span class='ocr_line' id='line_1_93' title="bbox 1057 2463 1794 2507; baseline -0.001 -11"><span class='ocrx_word' id='word_1_465' title='bbox 1057 2465 1250 2497; x_wconf 87' lang='lat' dir='ltr'>contrarium</span> <span class='ocrx_word' id='word_1_466' title='bbox 1283 2463 1529 2507; x_wconf 88' lang='lat' dir='ltr'>praemissorum</span> <span class='ocrx_word' id='word_1_467' title='bbox 1558 2463 1794 2506; x_wconf 89' lang='lat' dir='ltr'>quomodolibet</span> 
     </span>
     <span class='ocr_line' id='line_1_94' title="bbox 1057 2517 1794 2557; baseline 0 -7"><span class='ocrx_word' id='word_1_468' title='bbox 1057 2518 1222 2557; x_wconf 76' lang='lat' dir='ltr'>concessis,</span> <span class='ocrx_word' id='word_1_469' title='bbox 1242 2517 1435 2550; x_wconf 78' lang='lat' dir='ltr'>confirmatis</span> <span class='ocrx_word' id='word_1_470' title='bbox 1452 2523 1481 2549; x_wconf 92' lang='lat' dir='ltr'>et</span> <span class='ocrx_word' id='word_1_471' title='bbox 1498 2517 1659 2550; x_wconf 72' lang='lat' dir='ltr'>innovatis.</span> <span class='ocrx_word' id='word_1_472' title='bbox 1677 2517 1794 2555; x_wconf 80' lang='lat' dir='ltr'>Quibus</span> 
     </span>
     <span class='ocr_line' id='line_1_95' title="bbox 1057 2570 1794 2613; baseline 0 -11"><span class='ocrx_word' id='word_1_473' title='bbox 1057 2571 1203 2603; x_wconf 90' lang='lat' dir='ltr'>omnibus</span> <span class='ocrx_word' id='word_1_474' title='bbox 1220 2576 1250 2603; x_wconf 86' lang='lat' dir='ltr'>et</span> <span class='ocrx_word' id='word_1_475' title='bbox 1267 2570 1398 2612; x_wconf 79' lang='lat' dir='ltr'>singulis</span> <span class='ocrx_word' id='word_1_476' title='bbox 1415 2580 1534 2609; x_wconf 86' lang='lat' dir='ltr'>eorum,</span> <span class='ocrx_word' id='word_1_477' title='bbox 1558 2575 1684 2602; x_wconf 84' lang='lat' dir='ltr'>tenores</span> <span class='ocrx_word' id='word_1_478' title='bbox 1707 2580 1794 2613; x_wconf 87' lang='lat' dir='ltr'>prae-</span> 
     </span>
     <span class='ocr_line' id='line_1_96' title="bbox 1056 2622 1792 2666; baseline 0.001 -12"><span class='ocrx_word' id='word_1_479' title='bbox 1056 2623 1196 2655; x_wconf 87' lang='lat' dir='ltr'>sentibus</span> <span class='ocrx_word' id='word_1_480' title='bbox 1212 2633 1270 2666; x_wconf 91' lang='lat' dir='ltr'>pro</span> <span class='ocrx_word' id='word_1_481' title='bbox 1291 2623 1380 2666; x_wconf 90' lang='lat' dir='ltr'>plene</span> <span class='ocrx_word' id='word_1_482' title='bbox 1406 2627 1436 2655; x_wconf 88' lang='lat' dir='ltr'>et</span> <span class='ocrx_word' id='word_1_483' title='bbox 1459 2622 1650 2655; x_wconf 86' lang='lat' dir='ltr'>sufficienter</span> <span class='ocrx_word' id='word_1_484' title='bbox 1668 2632 1792 2666; x_wconf 83' lang='lat' dir='ltr'>expres-</span> 
     </span>
    </p>
   </div>
   <div class='ocr_carea' id='block_1_18' title="bbox 1808 297 1991 326">
    <p class='ocr_par' dir='ltr' id='par_1_22' title="bbox 1808 297 1991 326">
     <span class='ocr_line' id='line_1_97' title="bbox 1808 297 1991 326; baseline 0 -1"><span class='ocrx_word' id='word_1_485' title='bbox 1808 297 1857 326; x_wconf 74' lang='grc' dir='ltr'>Αιι,</span> <span class='ocrx_word' id='word_1_486' title='bbox 1873 297 1901 325; x_wconf 89' lang='lat' dir='ltr'>C.</span> <span class='ocrx_word' id='word_1_487' title='bbox 1923 297 1991 325; x_wconf 77' lang='lat'>¹622</span> 
     </span>
    </p>
   </div>
   <div class='ocr_carea' id='block_1_19' title="bbox 1809 359 1991 413">
    <p class='ocr_par' dir='ltr' id='par_1_23' title="bbox 1809 359 1991 413">
     <span class='ocr_line' id='line_1_98' title="bbox 1851 359 1990 380; baseline 0 0"><span class='ocrx_word' id='word_1_488' title='bbox 1851 359 1950 380; x_wconf 63' lang='lat' dir='ltr'>Faenius</span> <span class='ocrx_word' id='word_1_489' title='bbox 1964 360 1990 380; x_wconf 75' lang='lat' dir='ltr'>ds</span> 
     </span>
     <span class='ocr_line' id='line_1_99' title="bbox 1809 387 1991 413; baseline 0.005 -6"><span class='ocrx_word' id='word_1_490' title='bbox 1809 392 1850 413; x_wconf 79' lang='lat' dir='ltr'>qua</span> <span class='ocrx_word' id='word_1_491' title='bbox 1865 387 1886 407; x_wconf 91' lang='lat' dir='ltr'>in</span> <span class='ocrx_word' id='word_1_492' title='bbox 1900 387 1991 408; x_wconf 72' lang='lat' dir='ltr'>rubrica.</span> 
     </span>
    </p>
   </div>
   <div class='ocr_carea' id='block_1_20' title="bbox 1835 1625 1954 1648">
    <p class='ocr_par' dir='ltr' id='par_1_24' title="bbox 1835 1625 1954 1648">
     <span class='ocr_line' id='line_1_100' title="bbox 1835 1625 1954 1648; baseline 0.017 -2"><span class='ocrx_word' id='word_1_493' title='bbox 1835 1625 1954 1648; x_wconf 77' lang='lat' dir='ltr'>clausulae.</span> 
     </span>
    </p>
   </div>
   <div class='ocr_carea' id='block_1_21' title="bbox 1808 2101 1991 2148">
    <p class='ocr_par' dir='ltr' id='par_1_25' title="bbox 1808 2101 1991 2148">
     <span class='ocr_line' id='line_1_101' title="bbox 1876 2101 1991 2130; baseline 0.009 -9"><span class='ocrx_word' id='word_1_494' title='bbox 1876 2101 1991 2130; x_wconf 74' lang='lat' dir='ltr'>Derogatio</span> 
     </span>
     <span class='ocr_line' id='line_1_102' title="bbox 1808 2130 1969 2148; baseline 0 0"><span class='ocrx_word' id='word_1_495' title='bbox 1808 2130 1969 2148; x_wconf 81' lang='lat' dir='ltr'>contrariorum.</span> 
     </span>
    </p>
   </div>
   <div class='ocr_carea' id='block_1_22' title="bbox 1056 2674 1827 2720">
    <p class='ocr_par' dir='ltr' id='par_1_26' title="bbox 1056 2674 1827 2720">
     <span class='ocr_line' id='line_1_103' title="bbox 1056 2674 1827 2720; baseline 0 -12"><span class='ocrx_word' id='word_1_496' title='bbox 1056 2677 1097 2709; x_wconf 86' lang='lat' dir='ltr'>sis</span> <span class='ocrx_word' id='word_1_497' title='bbox 1114 2677 1275 2717; x_wconf 87' lang='lat' dir='ltr'>habentes,</span> <span class='ocrx_word' id='word_1_498' title='bbox 1291 2676 1353 2708; x_wconf 90' lang='lat' dir='ltr'>illis</span> <span class='ocrx_word' id='word_1_499' title='bbox 1369 2676 1443 2709; x_wconf 79' lang='lat' dir='ltr'>alias</span> <span class='ocrx_word' id='word_1_500' title='bbox 1460 2676 1492 2708; x_wconf 94' lang='lat' dir='ltr'>in</span> <span class='ocrx_word' id='word_1_501' title='bbox 1509 2687 1564 2710; x_wconf 91' lang='lat' dir='ltr'>suo</span> <span class='ocrx_word' id='word_1_502' title='bbox 1584 2676 1700 2710; x_wconf 90' lang='lat' dir='ltr'>robore</span> <span class='ocrx_word' id='word_1_503' title='bbox 1723 2686 1792 2720; x_wconf 89' lang='lat' dir='ltr'>per-</span> <span class='ocrx_word' id='word_1_504' title='bbox 1822 2674 1827 2677; x_wconf 77' lang='grc'><strong><em>’</em></strong></span> 
     </span>
    </p>
   </div>
  </div>
 </body>
</html>
