2293 3231
60 292 114 320 An.
128 292 156 319 C.
180 291 246 320 1612

128 988 160 1010 De
175 989 250 1009 instru-

32 1040 34 1042 ,
65 1016 141 1037 mentis
152 1015 250 1042 publicis.

907 291 1025 317 PAt'LUS
1051 292 1070 316 V
1095 292 1142 316 PP.

308 337 380 372 118.
407 338 521 372 Eadem
547 343 615 372 taxa
641 339 837 383 praeinserta
861 345 1002 373 servetur

264 391 294 425 in
315 391 477 435 quibusvis
502 391 613 425 osticiis
638 392 854 425 criminalibus
878 392 1001 436 praedi-

263 445 331 486 etis,
356 445 449 478 etiam
473 445 505 478 in
530 446 631 479 causis
656 446 770 487 mixtis,
788 447 835 479 vel
853 447 946 479 etiam
964 447 1003 479 ci-

264 498 377 532 vilibus
401 509 418 531 a
442 499 658 532 criminalibus
675 499 934 543 dependentibus,
951 504 1000 532 aut

264 551 295 584 in
318 551 433 595 quibus
458 552 607 586 interesse
632 553 700 586 fisci
725 553 837 595 agitur.

308 604 380 638 1119.
408 605 440 637 In
457 605 525 638 aliis
544 616 617 639 vero
635 616 722 638 mere
739 605 882 638 civilibus
899 605 930 638 in
948 605 1004 637 eis-

264 656 335 690 dem
360 658 470 691 officiis
495 658 735 702 pertractandis,
760 658 854 691 etiam
879 659 910 691 in
929 658 1004 691 casi-

262 709 322 743 bus
347 711 525 754 praedictiS,
550 717 691 745 servetur
713 716 780 744 taxa
805 711 935 745 notariis
961 712 1003 745 ci-

264 763 376 797 vilibus
400 764 556 808 imposita.

581 836 595 878 ἓ
621 836 680 869 Vll.

309 906 399 939 Taoea
418 907 623 940 notariorum
641 907 758 941 Curiae
779 906 964 952 Capitolii&

314 977 338 1009 l.
366 977 425 1010 Pro
449 976 582 1020 publicis
614 977 832 1010 instrumentis
859 988 1008 1020 quorum-

266 1041 401 1074 cumque
426 1035 643 1064 contractuum
664 1031 745 1064 inter
770 1031 866 1071 vivos,
881 1036 908 1064 et
934 1042 1008 1074 quo-

266 1094 475 1127 rumcumque
504 1088 788 1124 testamentorum,
814 1089 841 1117 et
874 1085 1007 1117 aliarum

266 1136 450 1170 ultimarum
468 1137 674 1178 voluntatum,
685 1148 784 1181 usque
802 1138 838 1170 ad
857 1138 1009 1181 quantita-

268 1194 330 1222 tem
348 1200 403 1223 seu
417 1190 557 1223 valorem
568 1194 731 1224 scutorum
747 1190 1008 1234 vigintiquinque,

266 1243 397 1287 recipiat
413 1243 554 1277 notarius
571 1243 662 1277 iulios
676 1248 750 1284 tres3

310 1296 340 1330 ΕΞ.
367 1297 391 1329 Α
413 1296 665 1340 vigintiquinque
688 1308 787 1341 usque
804 1297 842 1330 ad
859 1297 1009 1342 quinqua-

267 1349 369 1393 ginta,
387 1350 480 1384 iulios
500 1355 618 1394 septem
632 1361 704 1384 eum
719 1351 860 1391 dimidioy,

311 1404 340 1437 3.
365 1405 390 1437 A
414 1404 640 1448 quinquaginta
664 1416 763 1448 usque
793 1405 830 1438 ad
864 1410 1007 1445 eentum,

267 1457 360 1490 iulios
385 1457 503 1497 deeem3

311 1510 340 1543 4.
366 1511 391 1543 A
415 1515 541 1544 centum
565 1522 664 1554 usque
689 1511 727 1544 ad
751 1511 912 1552 ducentos,
930 1511 1008 1544 alios

268 1563 361 1597 iulios
375 1564 494 1603 decenn

313 1616 341 1650 5.
367 1618 392 1650 A
417 1617 560 1651 ducentis
584 1628 685 1661 usque
713 1618 751 1650 ad
782 1618 890 1659 mille,
916 1618 1008 1652 iulios

267 1671 405 1715 quinque
419 1682 477 1716 pro
491 1671 631 1715 quolibet
647 1672 837 1712 centenario:

312 1725 341 1759 6.
366 1726 391 1758 A
405 1725 491 1759 mille
507 1736 607 1770 usque
620 1726 659 1759 ad
677 1737 911 1770 quamcumque
929 1737 1010 1759 sum-

267 1790 362 1821 mam,
379 1780 563 1812 hononenos
589 1779 840 1824 vigintiquinque
856 1791 914 1824 pro
936 1791 1011 1823 quo-

267 1833 343 1866 libet.
367 1833 567 1874 centenario,
592 1833 764 1867 dummodo
793 1844 857 1867 non
882 1833 1007 1866 excedat

268 1897 425 1920 summam
449 1891 611 1920 scutorum
636 1887 887 1931 vigintiquinque
912 1887 944 1920 in
969 1892 1011 1922 to—

269 1944 344 1972 tum.

315 1991 344 2025 7.
370 1992 431 2025 Pro
456 1991 615 2035 duplicato
632 1991 832 2025 instrumenti
849 1993 1009 2036 publicati,

269 2045 404 2090 recipiat
427 2045 569 2078 notarius
593 2056 609 2077 a
640 2051 750 2089 parte,
776 2046 801 2078 si
832 2046 883 2078 illa
916 2046 1011 2078 suerit

270 2109 351 2143 quae
375 2098 484 2131 habuit
500 2099 677 2142 praefatum
695 2099 941 2132 instrumentum
962 2101 1009 2133 vel

270 2152 354 2185 illius
376 2152 499 2192 haeres,
520 2152 602 2185 ultra
619 2152 799 2185 mercedem
823 2153 1009 2197 scripturae,

270 2205 411 2249 quintam
436 2210 559 2249 partem
585 2205 650 2238 eius
675 2206 759 2249 quod
784 2206 900 2238 valeret
923 2217 1012 2250 prae-

270 2259 389 2292 dictum
414 2258 670 2300 instrumentum,
687 2259 858 2293 dummodo
883 2271 945 2293 non
963 2272 1012 2293 ex-

271 2305 359 2345 cedat
373 2323 529 2345 summam
543 2317 705 2345 scutorum
723 2312 833 2346 decem
851 2313 882 2346 in
900 2318 1008 2347 totum.

315 2365 344 2398 8.
369 2366 430 2399 Pro
453 2365 608 2409 particula
633 2365 820 2407 testamenti,
838 2377 891 2399 seu
916 2367 1009 2409 legati

271 2429 344 2452 eum
360 2418 506 2452 haeredis
523 2419 728 2460 institutione,
742 2419 854 2451 habeat
870 2419 1011 2452 notarius

271 2483 289 2504 a
305 2471 467 2514 legatario,
484 2472 569 2505 iuxta
586 2472 821 2516 importantiam
839 2472 1011 2516 particulae

272 2525 320 2559 sui
343 2525 449 2568 legati,
474 2530 595 2559 tantum
612 2530 646 2559 ut
671 2536 765 2570 supra
789 2526 820 2558 in
844 2525 947 2570 primo
965 2536 1012 2559 ea-

272 2579 345 2622 pite;

309 2650 320 2676 1
343 2649 507 2677 Reformatio
533 2650 613 2678 huius
637 2650 729 2678 curiae
756 2650 855 2686 legitur
878 2658 960 2686 supra
983 2650 1010 2677 in

275 2693 389 2722 Constit.
410 2702 501 2731 praec.
522 2695 535 2730 ς
554 2700 591 2722 vi.

1079 339 1107 372 9.
1141 339 1200 372 Sed
1233 340 1367 384 scriptus
1401 340 1523 380 haeres,
1558 342 1593 372 ea
1622 341 1774 384 particula

1036 393 1137 436 quoad
1163 393 1389 426 institutionem
1404 404 1530 437 quoquo
1548 394 1642 426 modo
1660 399 1775 434 utatur,

1035 446 1130 489 possit
1159 447 1228 488 cogi
1259 457 1315 489 per
1339 446 1496 479 notarium
1521 446 1559 478 ad
1584 446 1773 479 solutionem

1036 499 1191 531 mercedis
1223 499 1317 531 totius
1348 499 1544 539 testamenti,
1569 498 1641 532 dato
1673 504 1775 532 tamen

1037 552 1137 585 eidem
1168 553 1375 585 instrumento
1408 553 1533 597 publico
1565 552 1660 586 totius
1688 557 1778 585 testa—

1037 605 1144 637 menti:

1084 658 1133 691 tt).
1159 658 1190 691 Si
1217 669 1289 691 vcro
1314 658 1455 691 notarius
1472 659 1510 691 ab
1528 655 1663 692 liac‘rede
1681 658 1718 691 de
1737 658 1778 691 in-

1038 710 1208 751 stitutione,
1222 716 1270 743 aut
1294 716 1358 744 toto
1377 712 1585 745 instrumento
1602 711 1778 745 testamenti

1038 764 1129 802 suerit
1148 764 1333 805 satisfactus,
1351 764 1520 807 legatarius
1545 769 1688 807 quartam
1712 775 1780 808 par-

1040 820 1103 848 tem
1127 816 1304 860 praedictae
1331 827 1471 849 summae
1489 822 1608 850 taxatae
1633 828 1691 861 pro
1712 828 1779 861 par-

1042 869 1136 902 ticula
1153 870 1274 903 solvere
1289 874 1439 902 teneatur.

1086 923 1137 956 vll.
1164 924 1223 956 Pro
1250 923 1467 956 instrumentis
1491 923 1680 957 divisionum
1707 925 1782 957 reci-

1041 978 1102 1022 piat
1129 977 1270 1010 notarius
1295 977 1418 1010 tertiam
1451 982 1573 1021 partem
1606 977 1672 1010 cius
1697 977 1779 1021 quod

1042 1031 1209 1075 acciperet,
1228 1031 1251 1063 si
1269 1031 1352 1063 hona
1370 1031 1421 1063 illa
1437 1031 1658 1063 alienarentur.

1087 1085 1138 1117 ¹1⁹2.
1165 1085 1224 1117 Pro
1239 1084 1404 1128 duplicatis
1419 1084 1544 1117 illorum
1562 1084 1702 1128 quintam
1717 1095 1783 1128 par·

1043 1143 1104 1170 tem
1131 1143 1161 1170 ut
1190 1149 1283 1181 supra
1304 1138 1445 1170 notarius
1470 1138 1614 1181 recipiat,
1640 1138 1783 1171 habendo

1043 1192 1197 1225 rationem
1222 1192 1252 1224 in
1278 1191 1445 1235 praedictis
1470 1191 1507 1223 ad
1538 1191 1782 1224 excessivitatem

1043 1246 1227 1289 scripturae,
1245 1256 1338 1288 super
1352 1256 1412 1288 qua
1429 1245 1454 1276 si
1472 1249 1553 1277 esset
1570 1245 1783 1277 controversia

1042 1299 1123 1331 inter
1148 1298 1306 1331 notarium
1325 1302 1354 1330 et
1378 1303 1510 1341 partem,
1527 1302 1625 1329 stetur
1649 1297 1784 1330 declara-

1041 1352 1119 1385 tioni
1136 1352 1253 1385 domini
1272 1351 1435 1384 senatoris.

1087 1404 1137 1438 13.
1164 1404 1457 1449 ΡΓοζίηςῐΓυιῃθηῐίς
1481 1403 1720 1448 emphyteuticis
1736 1404 1784 1436 vel

1043 1459 1204 1492 livellariis
1222 1459 1393 1503 perpetuis,
1408 1463 1461 1491 aut
1475 1458 1658 1499 censuariis,
1673 1458 1703 1490 in
1720 1458 1785 1501 qui-

1041 1512 1099 1545 bus
1131 1522 1194 1545 non
1224 1516 1305 1544 esset
1337 1511 1479 1555 apposita
1512 1510 1686 1543 aestimatio
1718 1510 1784 1549 rei,

1043 1566 1154 1598 habeat
1181 1565 1323 1598 notarius
1340 1576 1398 1609 pro
1415 1565 1589 1609 quantitate
1609 1575 1722 1597 census
1736 1564 1784 1596 vel

1043 1619 1181 1659 canonis,
1195 1618 1389 1651 aestimando
1402 1619 1441 1651 ad
1454 1618 1608 1651 rationem
1622 1623 1784 1651 scutorum

1043 1672 1184 1715 quinque
1200 1683 1259 1715 pro
1277 1672 1418 1715 quolibet
1434 1672 1624 1711 centenario,
1643 1676 1735 1714 prout
1755 1670 1784 1702 in

1043 1725 1146 1769 primo
1163 1725 1274 1769 capite,
1293 1726 1344 1757 ubi
1370 1735 1445 1758 vero
1466 1724 1607 1768 apposita
1632 1729 1677 1757 est,
1697 1724 1787 1757 aesti-

1044 1779 1139 1812 matio
1157 1779 1213 1820 rei,
1232 1779 1350 1817 itidem,
1368 1785 1402 1811 ut
1416 1779 1446 1811 in
1463 1778 1568 1822 primo
1585 1778 1694 1822 eapite.

1088 1832 1138 1864 lsi.
1170 1832 1230 1865 Pro
1262 1832 1429 1876 duplicatis
1462 1831 1643 1864 huiusmodi
1675 1831 1787 1863 instru-

1044 1891 1223 1919 mentorum
1247 1886 1375 1929 recipiat
1401 1886 1553 1922 notarius,
1570 1890 1602 1918 ut
1629 1885 1660 1917 in
1685 1885 1785 1928 eapite

1044 1940 1081 1972 de
1098 1940 1315 1972 instrumentis
1325 1939 1489 1984 duplicatis
1504 1939 1649 1983 superius
1667 1939 1724 1971 suit
1739 1949 1787 1971 cx-

1043 2004 1198 2037 pressum.

1088 2047 1139 2079 15.
1165 2047 1226 2079 Pro
1251 2046 1471 2079 instrumentis
1496 2045 1734 2089 quietationum‚
1760 2045 1784 2078 si

1044 2100 1109 2144 ipse
1134 2101 1275 2133 notarius
1300 2100 1337 2132 de
1362 2100 1552 2143 obligatione
1570 2104 1699 2143 rogatus
1723 2109 1785 2133 non

1044 2153 1081 2185 sit
1107 2159 1134 2185 et
1161 2159 1205 2186 est
1232 2154 1373 2197 apposita
1387 2159 1471 2187 certa
1489 2153 1656 2197 quantitas,
1674 2153 1786 2185 lrabeat,

1043 2207 1167 2239 tertiam
1193 2211 1313 2250 partem
1340 2207 1406 2239 eius
1432 2207 1516 2250 quod
1536 2207 1711 2239 solveretur
1728 2217 1785 2249 pro

1043 2260 1208 2303 principali
1233 2260 1446 2303 obligatione,
1473 2260 1524 2292 ubi
1555 2270 1628 2292 vcro
1653 2269 1714 2292 non
1740 2265 1783 2292 est

1043 2313 1185 2357 apposita
1205 2318 1289 2346 certa
1314 2313 1480 2356 quantitas,
1502 2313 1526 2344 si
1552 2324 1602 2345 res
1627 2313 1785 2345 aestimari

1044 2370 1155 2409 potest,
1172 2366 1283 2399 habeat
1303 2366 1444 2398 notarius
1462 2370 1554 2409 prout
1577 2376 1670 2409 supra
1687 2366 1786 2399 decla-

1044 2423 1146 2451 ratum
1172 2424 1228 2458 est,
1254 2419 1278 2451 si
1303 2430 1377 2451 vcro
1402 2419 1560 2451 aestimari
1586 2429 1648 2452 non
1672 2424 1784 2462 potest,

1045 2477 1144 2504 stetur
1169 2472 1301 2505 arbitrio
1326 2471 1444 2505 domini
1470 2472 1623 2504 senatoris
1640 2483 1698 2516 pro
1718 2483 1786 2516 per-

1045 2535 1193 2558 sonarum
1219 2530 1245 2557 ct
1272 2535 1379 2557 rerum
1405 2524 1571 2567 qualitate,
1598 2525 1650 2568 qui
1681 2525 1712 2557 in
1739 2530 1785 2558 ta-

1046 2578 1169 2611 xatione
1193 2588 1254 2611 non
1281 2578 1408 2611 excedat
1438 2589 1591 2611 summam
1624 2583 1785 2611 scutorum

1045 2631 1167 2667 decenn
1189 2631 1213 2664 si
1239 2641 1314 2663 vero
1339 2631 1429 2663 suerit
1458 2630 1539 2664 idem
1564 2631 1706 2663 notarius
1731 2632 1784 2675 qui

1045 2684 1100 2718 fuit
1126 2684 1164 2717 dc
1188 2684 1347 2729 primaeva
1365 2684 1556 2729 obligatione
1573 2690 1711 2728 rogatus,
1728 2695 1786 2729 pro
1826 2680 1830 2682 ἡ

1687 283 1747 318 1:35
1793 294 1842 320 An.
1857 293 1885 319 e.
1909 293 1975 320 16t2
