2293 3231
2181 32 2191 39 .
2242 46 2245 49 i

2200 0 2240 87 a.

2202 88 2247 130 53*

2199 133 2229 172 f}

2221 245 2245 261 Δ,

286 288 336 312 Αη.
352 287 382 313 c.
402 286 468 313 ¹612
516 275 578 310 ‘138
1066 283 1244 308 nummum
1268 282 1422 306 Romnum
2009 279 2063 305 An.
2080 278 2192 308 ‹21⁶ss

483 334 533 368 nis
549 334 580 367 in
597 334 731 378 scriptis,
746 335 806 367 una
823 343 894 366 cum
907 336 978 364 actu
994 330 1220 375 productionis,
1257 329 1418 369 similium,
1431 339 1502 362 cum
1512 333 1583 362 actu
1597 327 1768 368 relationis,
1776 337 1835 372 pro
1844 326 1993 371 quolibet,
2215 325 2250 370 22¹}

483 387 642 421 bononeni
659 387 731 420 duo.
1257 382 1413 416 bononeni
1429 382 1502 423 duo,
1517 381 1688 415 dummodo
1705 391 1766 414 non
1783 379 1932 414 excedant
1947 379 1994 412 iu-

529 440 580 474 63.
607 439 901 473 Procontcstatione
914 437 977 470 litis
999 443 1027 470 et
1045 438 1222 470 iiu·amento
1258 436 1334 469 lium
1354 446 1462 469 unum.

486 494 671 533 calumniae,
693 493 724 525 in
751 491 891 535 qualibet
920 496 1007 535 parte
1035 490 1087 524 lite
1117 495 1223 523 conte·
1303 489 1354 523 75.
1371 490 1432 522 Pro
1448 488 1661 531 recognitione
1685 487 1840 521 dictorum
1861 486 1996 526 iurium,

487 553 587 580 stante
605 547 651 578 vel
668 544 818 585 iiu·ante¹,
836 555 908 578 cum
927 543 1038 577 iudicis
1055 544 1224 576 interlocu·
1261 554 1316 576 seu
1329 549 1531 583 tesserarum,
1544 540 1701 576 bononeni
1715 540 1777 574 duo
1789 550 1847 585 pro
1859 539 1997 584 quolibet

489 601 578 641 toria,
596 610 667 633 cum
681 599 808 632 decreto
825 597 1041 632 destinationis
1057 597 1170 630 notarii
1187 596 1225 629 ad
1260 600 1337 630 teste
1355 602 1385 629 et
1402 607 1459 640 pro
1472 595 1618 629 omnibus
1631 594 1753 627 iuribus
1770 597 1800 628 et
1815 593 1952 633 tesseris,
1969 598 1999 626 et

490 653 703 698 recipiendum
743 652 954 684 iuramentum
984 650 1159 684 calumniae
1173 677 1180 690 ,
1209 660 1226 682 a
1261 650 1285 683 si
1317 660 1390 682 cum
1423 647 1673 691 interrogatoriis
1703 646 1817 691 partis,
1841 645 1999 680 bononeni

489 707 627 751 qualibet
643 712 742 751 parte,
759 706 824 739 sive
849 705 880 738 in
896 705 1000 738 officio
1016 704 1080 737 sive
1109 703 1147 736 ad
1175 703 1228 736 tri·
1261 704 1409 747 quinque.

489 761 582 793 bunal
607 759 694 801 iuris,
710 759 868 793 bononeni
886 758 957 792 duo.
1308 756 1358 790 76.
1387 756 1446 789 Pro
1473 755 1668 789 restitutione
1701 754 1816 787 itu-ium
1848 763 2001 798 quorum·

534 812 585 846 64.
611 814 671 846 Pro
695 812 901 857 productione
926 811 1130 844 articulorum
1157 821 1228 844 cum
1264 820 1399 853 cumque
1416 809 1509 842 unica
1525 807 1670 842 citatione
1683 811 1713 841 et
1723 806 1939 851 productione,
1949 806 2002 839 ha-

490 873 561 900 actu
578 867 749 907 relationis,
762 865 922 899 bononeni
939 864 1012 898 duo.
1264 863 1335 898 beat
1349 863 1489 898 notarius
1506 862 1616 896 iulium
1634 871 1732 895 unum
1752 860 1784 894 in
1800 863 1911 900 totum;
1929 863 1959 894 et
1977 859 2002 893 si

535 921 586 955 65.
613 921 673 954 Pro
702 919 933 964 specificatione
964 917 1168 950 materiarum
1193 917 1231 950 ad
1266 917 1332 961 ipse
1356 917 1498 951 notarius
1513 916 1636 960 copiam
1656 914 1778 956 fecerit,
1795 914 1908 947 haheat
1924 923 2006 947 mer-

491 974 628 1009 tribunal
652 973 731 1007 iuris
755 973 819 1006 sive
849 971 953 1006 officio
984 970 1114 1011 notarii,
1137 970 1233 1004 bono·
1267 972 1375 1005 cedem
1388 982 1446 1016 pro
1462 971 1560 1015 ipsius
1575 969 1768 1014 copimultra
1780 968 1891 1002 iulium
1907 977 2005 1001 unum

491 1028 563 1062 neni
579 1027 650 1061 duo.
1267 1036 1325 1070 pro
1341 1023 1546 1059 restitutione.

536 1080 587 1115 66.
606 1081 666 1114 Pro
683 1079 863 1113 inductione
886 1077 1054 1111 cuiuslibet
1077 1076 1180 1116 testis,
1204 1079 1234 1110 et
1314 1078 1364 1112 77.
1376 1078 1436 1111 Pro
1444 1077 1549 1120 rogitu
1562 1075 1781 1121 compromissi
1790 1086 1827 1109 ex
1835 1075 1938 1109 forma
1950 1077 2007 1109 sta-

494 1136 688 1175 iuramento,
712 1132 857 1178 quatreni
881 1132 954 1165 duo.
1270 1136 1411 1166 tutorum
1429 1131 1512 1172 sacti,
1526 1130 1621 1164 iulius
1633 1140 1714 1163 unus
1729 1140 1747 1162 a
1759 1128 1898 1173 qualibet
1909 1131 2006 1172 parte.

538 1189 590 1222 67.
609 1189 669 1222 Pro
683 1187 888 1231 responsione
904 1185 1111 1219 articulorum
1129 1183 1168 1216 ad
1184 1183 1236 1216 tri·
1315 1185 1366 1219 78.
1393 1186 1453 1219 Pro
1470 1184 1643 1219 inventario
1662 1194 1735 1217 cum
1751 1182 1863 1216 iudicis
1879 1182 2008 1216 decreto

494 1242 600 1283 huual,
624 1241 671 1274 vel
690 1241 720 1273 in
737 1240 832 1273 domo
856 1237 980 1278 notarii,
1005 1237 1148 1281 quatreni
1173 1236 1236 1270 duo
1270 1239 1429 1278 faciendo,
1455 1238 1521 1271 iulii
1545 1242 1618 1272 tres.

495 1307 553 1342 pro
569 1295 709 1340 quolibet
725 1294 868 1334 articulo,
885 1292 1025 1326 solvendi
1042 1302 1098 1336 per
1115 1295 1235 1335 partem
1316 1292 1366 1326 79.
1390 1293 1450 1325 Pro
1474 1291 1722 1336 praesentatione
1746 1288 1912 1323 cuiuslibet
1927 1299 2011 1322 com—

495 1350 741 1396 producentem,
762 1347 787 1380 si
805 1351 892 1380 extra
914 1346 1062 1386 domum,
1079 1344 1237 1378 bononeni
1272 1346 1445 1387 missionis,
1469 1345 1625 1379 bononeni
1649 1344 1721 1378 duo.

496 1404 635 1449 quinque
660 1413 718 1447 pro
748 1401 858 1435 viatico
882 1410 938 1444 per
962 1403 1083 1444 partem
1108 1409 1237 1442 respon·
1316 1400 1366 1433 80.
1393 1400 1452 1433 Pro
1484 1399 1706 1444 prorogatione
1735 1397 1917 1437 instantiae,
1946 1396 2011 1430 sive

497 1458 632 1492 dentem.
1272 1454 1429 1494 fatalium,
1447 1464 1501 1487 seu
1518 1454 1598 1486 nova
1615 1451 1742 1485 termini
1758 1450 1950 1495 praefixione
1969 1450 2013 1483 vi-

542 1510 593 1544 68.
618 1510 679 1544 Pro
702 1509 828 1542 decreto
858 1506 897 1540 de
925 1505 1076 1539 habendis
1099 1504 1238 1539 articulis
1273 1518 1349 1551 gore
1369 1506 1611 1548 commissionis,
1627 1505 1783 1540 bononeni
1800 1508 1919 1549 septem
1940 1514 2012 1538 cum

497 1576 556 1610 pro
580 1563 780 1603 confessuris,
805 1561 961 1595 bononeni
986 1560 1058 1593 duo.
1273 1560 1411 1594 dimidio.

544 1618 595 1652 69.
614 1618 674 1652 Pro
695 1617 903 1651 instrumento
931 1613 1135 1648 intimationis
1159 1613 1238 1653 litis,

500 1671 655 1707 bononeni
682 1670 929 1713 trigintaseptem
954 1678 1027 1701 eum
1051 1666 1190 1700 dimidio.

546 1725 596 1759 70.
622 1725 682 1758 P-ro
707 1723 858 1758 relatione
882 1721 921 1754 ad
944 1720 1113 1755 dicendum
1133 1724 1241 1755 contra

501 1780 678 1819 facultates,
697 1776 853 1811 bononeni
878 1776 950 1809 duo.

547 1834 598 1868 7‘1.
616 1833 676 1866 Pro
692 1831 876 1866 inhibitione
898 1831 1041 1864 emanata
1066 1829 1173 1872 vigore
1198 1829 1242 1862 sa-

503 1887 664 1928 cultatum,
688 1885 845 1919 bononeni
868 1887 987 1928 septem
1004 1893 1077 1916 eum
1101 1882 1242 1924 dimidio,

503 1951 575 1974 cum
604 1937 798 1973 insertione²
826 1937 1063 1982 motusproprii,
1086 1936 1242 1970 bononeni

503 1994 641 2037 triginta.

549 2047 600 2081 72.
616 2048 676 2081 Pro
692 2046 876 2080 inhibitione
892 2046 1001 2089 vigore
1014 2045 1245 2079 commissionis

505 2101 572 2135 sine
604 2101 687 2134 illius
717 2100 908 2140 insertione,
938 2099 1095 2132 bononeni
1127 2102 1244 2142 septem

507 2166 578 2189 cum
602 2154 750 2194 dimidio,
771 2157 801 2187 ct
819 2163 892 2186 cum
909 2153 1079 2186 insertione
1103 2152 1246 2185 commis-

507 2209 604 2243 sionis
627 2208 783 2242 hononeni
808 2207 944 2250 triginta.

553 2262 603 2296 73.
633 2262 691 2295 Pro
723 2260 834 2295 litteris
867 2259 1154 2300 remissorialibus,
1183 2259 1246 2292 sive

509 2315 823 2361 compulsorialibus,
847 2324 918 2347 cum
943 2313 1112 2346 insertione
1136 2313 1249 2347 articu-

510 2371 613 2404 lorum
630 2374 659 2403 et
676 2368 1007 2411 interrogatoriorum,
1023 2367 1180 2401 bononeni
1198 2368 1249 2401 tri-

511 2424 596 2467 ginta
620 2427 738 2467 septem
763 2433 834 2456 cum
859 2421 998 2455 dimidio.

557 2477 607 2510 74.
623 2477 682 2510 Pro
696 2477 901 2521 productione
914 2486 1186 2520 quorumcumque
1207 2475 1251 2508 in-

514 2535 778 2571 strumentorum,
804 2530 938 2570 iurium,
966 2534 1175 2570 tesserarum,
1200 2533 1252 2563 aut

2213 371 2246 435 ἑῖ

1318 1613 1369 1647 81.
1395 1614 1455 1647 Pro
1480 1613 1664 1658 repetitione
1688 1611 1826 1656 generali
1851 1615 2012 1651 actorum,

1274 1671 1442 1708 extractus,
1460 1667 1524 1701 sive
1541 1670 1748 1707 extractuum,
1765 1665 1872 1709 quanti
1888 1664 2014 1705 suerint,

1275 1722 1306 1755 in
1330 1727 1431 1755 totum
1456 1720 1612 1754 bononeni
1637 1723 1756 1764 septem
1781 1730 1852 1753 eum
1873 1718 2013 1752 dimidio.

1320 1774 1370 1808 82.
1389 1775 1450 1808 Pro
1469 1774 1674 1819 productione
1694 1773 1864 1813 librorum,
1888 1771 2014 1806 restitu—

1276 1829 1370 1869 tione,
1387 1833 1417 1861 et
1432 1828 1618 1872 partitarum
1635 1826 1872 1867 auscultatione,
1889 1836 1906 1859 a
1922 1825 2014 1870 quin-

1276 1894 1337 1928 que
1354 1882 1450 1916 scutis
1466 1882 1556 1922 infra,
1573 1880 1729 1915 bononeni
1747 1880 1894 1924 quinque,

1321 1936 1372 1970 83.
1392 1936 1415 1969 A
1437 1935 1574 1979 quinque
1591 1944 1690 1978 usque
1710 1933 1748 1967 ad
1772 1933 1899 1975 decem,
1916 1933 2015 1967 bono-

1277 1990 1350 2023 neni
1369 1989 1493 2028 decem,

1322 2043 1373 2076 84.
1388 2044 1413 2076 Α
1430 2042 1538 2075 decem
1556 2052 1654 2085 usque
1671 2041 1709 2074 ad
1728 2041 1847 2085 viginti,
1861 2040 2017 2075 bononeni

1279 2097 1475 2143 quindecim3

1323 2150 1375 2183 85.
1403 2151 1427 2183 Α
1457 2149 1564 2192 viginti
1595 2158 1694 2193 usque
1721 2148 1760 2181 ad
1787 2157 2018 2192 quamcumque

1280 2214 1450 2244 summam,
1475 2203 1631 2237 hononeni
1658 2202 1775 2246 viginti.

1325 2258 1375 2291 86.
1401 2258 1460 2290 Pro
1478 2257 1619 2289 examine
1637 2255 1802 2290 cuiuslibet
1820 2255 1904 2290 testis
1921 2265 2020 2299 usque
2060 2273 2102 2294 pf„
2121 2272 2216 2294 examin·

1282 2311 1320 2344 ad
1333 2321 1500 2344 numerum
1516 2309 1654 2353 quinque
1668 2309 1714 2342 vel
1735 2319 1788 2342 sex
1801 2308 2019 2349 articulorum,
2034 2299 2215 2325 ²⁸⁵¹i¹¹²¹¹¹⁹²⁸¹ffi

1283 2366 1409 2399 excluso
1423 2365 1555 2397 articulo
1569 2362 1742 2407 repetitivo‚
1752 2362 1782 2395 in
1789 2361 1883 2395 domo
1896 2361 2021 2404 notarii,

1284 2419 1378 2453 iulius
1398 2428 1498 2458 unus,

1328 2472 1379 2506 87.
1396 2473 1433 2505 Et
1450 2472 1530 2506 ultra
1550 2469 1802 2515 supradictorum
1817 2469 2022 2504 articulorum

1285 2537 1465 2567 numerum,
1489 2524 1645 2560 bononeni
1669 2524 1868 2568 quindecim;

552 2613 562 2638 ¹
586 2609 647 2637 Edit
678 2609 746 2637 Maia
779 2610 861 2637 habet
886 2610 891 2615 .
988 2619 993 2624 ,
1230 2610 1236 2615 ,
1330 2579 1380 2613 88.
1401 2580 1432 2613 Si
1449 2590 1520 2612 cum
1545 2578 1795 2620 interrogatoriis
1819 2577 1926 2621 partis,
1942 2587 2023 2621 quae

651 2630 656 2637 .
751 2630 756 2636 .
879 2613 991 2643 wrote,
1018 2613 1045 2637 et
1069 2611 1182 2637 fortasse
1202 2610 1251 2637 ali·
1991 2630 1997 2636 .

516 2653 586 2690 quod
607 2652 680 2680 afiud
700 2652 825 2680 mendum
841 2656 882 2680 est
901 2652 927 2679 in
943 2653 994 2680 hac
1009 2652 1136 2688 pericope
1153 2653 1189 2689 (R.
1201 2653 1249 2686 T.)-
1286 2644 1453 2667 numerum
1470 2632 1577 2666 decem
1595 2636 1626 2664 et
1650 2635 1720 2665 octo
1737 2641 1800 2665 non
1816 2630 1976 2672 excedant,
1990 2640 2021 2663 in

552 2699 570 2726 2
589 2697 659 2726 Edit.
679 2697 759 2725 Μαίη.
781 2697 846 2734 legit
864 2698 1020 2726 inser-aioni
1038 2699 1078 2733 (n.
1095 2700 1132 2732 τ).
1286 2688 1389 2734 primo
1413 2697 1487 2720 casu
1512 2685 1577 2720 iulii
1597 2685 1669 2726 duo,
