2293 3231
111 2480 139 2502 Et
148 2479 218 2503 modo,
226 2485 265 2506 pro
271 2478 301 2499 di-

113 2538 180 2560 usque
189 2533 301 2559 aquaedu-

86 2574 93 2580 Ἴ
113 2561 160 2581 etus
166 2565 217 2581 cura
225 2561 302 2581 utcon-

66 2604 68 2609 .
82 2593 95 2614 'j
114 2586 244 2610 servatione,
254 2591 301 2608 con.

66 2614 78 2630 s

66 2631 94 2678 §a
117 2644 174 2666 quae
183 2639 264 2660 Paulae
279 2648 301 2663 e.

72 2671 101 2698 3¹³.
117 2668 167 2695 rign
179 2673 302 2694 nuncupan-

120 2693 176 2716 dam.

66 2850 97 2899 ᾖξ’-’ᾖν
90 2832 95 2836 .
70 2753 93 2825 33⁴2,
68 2704 95 2743 ,ἐξ

69 2905 98 2959 ‚1:5-

77 3048 109 3124 ‘333⁶‘—
79 3018 100 3042 f!
94 2985 101 2988 v

80 3127 102 3158 ὐ

76 3162 102 3231 »ει
84 3128 86 3132 <

295 1562 422 1607 currit,
447 1577 482 1599 ac
513 1576 651 1610 perenne
679 1571 792 1598 manat.
819 1566 857 1598 Ut
881 1576 955 1599 vcro
980 1568 1047 1598 fons

79 2518 83 2527 ι
102 2509 159 2534 λιιιιο
170 2512 240 2533 aquae
251 2506 301 2532 ipsi·
317 2524 324 2529 ,

935 300 1054 323 murus

296 357 444 392 passuum
469 347 618 385 circuitu,
644 347 682 379 ad
707 347 948 381 eminentiorum
975 348 1035 379 col-

296 400 382 441 lium,
408 403 437 434 ct
461 400 664 433 humiliorum
696 400 822 432 vallium
847 400 952 433 obices
976 400 1035 432 eri-

297 453 421 491 tandos,
446 458 477 485 et
505 458 538 485 ut
575 453 687 486 inflexo
717 453 829 493 ductu,
860 452 1034 495 crebroque

297 506 437 537 anfractu
463 505 575 537 melior
593 505 663 538 inde
681 516 759 548 aqua
786 505 979 542 redderetur,
997 505 1033 535 ad

297 558 439 591 eamdem
466 558 580 591 Urbem
596 586 603 597 ,
637 558 690 591 Dei
721 558 891 597 beneficio,
918 557 1033 599 ingenti

298 612 439 645 omnium
457 611 572 645 laetitia
587 611 781 650 adduximus;
795 616 825 643 ct
841 621 876 643 ex
895 612 942 647 ea,
955 621 1034 653 quae

298 664 336 697 ad
349 665 457 697 uncias
473 670 598 697 eentum
611 674 707 708 snpra
723 664 807 696 mille
823 664 914 696 simut
933 673 1037 695 aseen-

298 717 352 758 dit,
369 717 407 750 de
433 717 544 750 maiori
570 717 639 761 ipso
660 717 854 760 aquaeductu
872 717 902 749 in
920 716 969 748 via
990 727 1038 748 su-

299 781 357 815 pra
381 771 530 803 sacellum
555 771 613 803 sub
639 770 835 803 invocatione
852 770 959 802 beatae
980 769 1038 801 Ma-

299 823 364 857 riae
388 823 503 867 Reposi
529 824 623 866 vulgo
652 827 860 866 nuncupatae,
886 827 1039 855 trecentas

300 877 332 910 in
355 877 537 910 Vaticanum
562 887 620 920 pro
645 887 704 909 usu
720 875 826 919 palatii
844 875 942 908 nostri
967 886 1040 919 apo-

301 929 402 962 stolici
420 935 450 962 ct
474 929 567 972 burgi
583 929 680 962 sancti
706 928 787 961 Petri
812 928 1039 963 deriravinms,

301 983 439 1026 reliquas
474 982 668 1024 octingentas
699 981 807 1013 uncias
840 981 870 1013 in
901 986 1040 1013 montem

302 1036 473 1069 Ianiculum
500 1035 580 1068 inter
604 1038 727 1078 portam
746 1034 807 1066 divi
831 1034 984 1067 Pancratii
1012 1039 1042 1065 et

303 1089 466 1122 ecclesiam
488 1088 549 1121 divi
574 1088 656 1121 Petri
686 1088 716 1120 in
743 1089 942 1121 Monteaureo
967 1098 1042 1119 nun-

303 1147 447 1186 cupatam
477 1142 607 1186 perduci
637 1142 770 1185 placuit,
796 1141 849 1174 ubi
881 1141 1042 1185 praedicto

304 1195 482 1238 magnifico,
506 1196 632 1238 latoque
656 1196 740 1227 sonte
765 1199 923 1233 extructo,
942 1206 977 1227 ac
1002 1195 1044 1226 in-

304 1249 390 1292 genti
422 1254 670 1292 sumptuosoque
702 1248 932 1292 perpolitorum
964 1259 1044 1280 mar-

304 1311 441 1342 morum,
451 1306 481 1334 et.
494 1301 711 1334 columnarum
722 1305 872 1345 apparatu
883 1306 1043 1339 exornato,

304 1365 363 1398 per
379 1354 518 1398 quinqit'e
534 1353 672 1397 lapideas
696 1353 816 1397 aquilas
836 1358 864 1386 et
882 1354 1044 1394 dracones,

305 1407 399 1440 veluti
424 1417 481 1450 per
505 1407 634 1440 totidem
665 1407 815 1439 latissima
841 1418 906 1447 ora,
931 1418 1045 1450 magno

305 1461 354 1493 rel
380 1460 568 1493 adstantium
605 1460 653 1492 vel
683 1461 700 1492 e'
731 1460 904 1503 longinquo
928 1461 1047 1504 prospi-

307 1513 455 1547 cientium
476 1514 716 1553 oblectamento,
740 1514 862 1545 abunde
888 1524 969 1557 aqna
993 1515 1046 1547 de-

307 1620 375 1664 ipse
407 1620 535 1662 egregia
561 1622 617 1652 sua
647 1621 805 1651 structura
837 1619 1000 1651 meliorem
1032 1631 1047 1652 e

310 1673 442 1716 regione
462 1673 700 1706 adventantibus
724 1677 896 1715 praestaret
923 1668 1066 1716 prospe-³

309 1731 404 1767 ctum,
422 1737 457 1758 ae
481 1726 594 1758 deinde
610 1725 737 1769 publico
755 1725 824 1758 usui
842 1726 1049 1763 commodior,

313 1784 343 1812 et
366 1779 446 1811 visui
471 1778 639 1811 iucundior
663 1783 753 1818 esset,
779 1778 987 1822 omnibusque
1012 1779 1050 1811 ad

310 1842 382 1865 eum
408 1832 556 1865 acclivior
573 1837 603 1864 et
623 1832 743 1864 facilior
759 1837 880 1875 pateret
896 1842 1049 1872 accessus,

310 1891 399 1930 parte
424 1886 550 1926 montis,
576 1885 606 1918 in
630 1896 692 1929 qua
716 1886 784 1918 sons
808 1886 875 1929 ipse
900 1886 1052 1929 conspici-

311 1944 372 1979 tur,
397 1943 548 1982 quantum
573 1949 654 1982 opus
679 1938 736 1971 fuit
760 1938 925 1982 depressa,
946 1949 1050 1971 aream

312 1992 387 2025 satis
413 1993 568 2036 amplam,
594 1997 624 2025 et.
654 1992 735 2024 viam
767 1992 967 2036 aperuimus,
992 1992 1052 2024 alia

313 2045 407 2078 etiam
424 2050 617 2085 ornamenta,
635 2050 662 2077 ct
682 2045 922 2078 commoditates
938 2046 969 2077 in
987 2045 1052 2078 dies

314 2099 474 2132 adiecturi.
501 2099 600 2142 Atque
624 2104 657 2130 ut
683 2103 785 2131 cetera
811 2099 903 2131 Urbis
928 2098 1052 2142 publiea

315 2157 345 2185 et
368 2151 488 2195 privata
505 2152 583 2191 loca,
600 2162 660 2184 usu
677 2158 705 2184 et
723 2152 944 2185 commoditate
960 2152 1053 2184 buius
1070 2169 1071 2183 l

315 2215 414 2248 aquae
438 2204 497 2237 srui
522 2204 651 2248 possint,
669 2205 810 2237 eamdem
836 2215 947 2248 aquam
973 2206 1053 2239 ultra

315 2257 470 2291 Sixtinum
495 2262 526 2290 ct
541 2257 819 2300 Quatuorcapitnm
844 2257 943 2291 dictae
960 2258 1053 2290 Urbis

315 2314 425 2354 pontes
449 2310 580 2351 traduci,
605 2314 635 2344 et
658 2311 690 2342 in
713 2310 840 2343 castella
864 2310 1005 2351 divisam,
1023 2311 1054 2343 in

315 2364 500 2408 Capitolium
534 2369 563 2396 et
598 2363 719 2407 reliqua
744 2363 835 2396 Urbis
862 2364 928 2395 loca
953 2364 1055 2396 distri—

315 2417 369 2450 bui
387 2417 613 2450 mandavimus.

361 2470 376 2513 §
398 2469 429 2503 4.
453 2471 592 2514 Cumque
617 2480 680 2503 non
705 2470 778 2503 satis
799 2470 834 2502 sit
862 2480 974 2513 aquam
999 2470 1054 2502 hu-

316 2523 451 2557 iusmodi
465 2523 639 2560 adduxisse.
656 2529 685 2556 et
698 2528 817 2556 tantum
836 2534 914 2566 opus
931 2534 1055 2555 summo

316 2577 425 2610 labore
449 2587 485 2610 ac
509 2580 572 2610 tam
597 2577 685 2619 largo
711 2582 838 2620 sumptu
864 2577 1055 2614 absolvisse,

115 2613 259 2639 gragationem
274 2616 299 2636 Α-
339 2630 345 2636 .

316 2631 380 2664 msi-
400 2631 432 2663 in
456 2630 523 2663 eius
546 2630 826 2670 administratione,
843 2640 878 2663 ac
905 2631 1056 2672 perpetua

317 2684 552 2719 conservatione
576 2689 682 2717 exacta
715 2689 741 2717 ct
772 2683 941 2726 praecipua
966 2693 1056 2725 quac-

1080 300 1098 322 v
1123 300 1170 323 re.
1710 286 1772 320 2187

1068 358 1127 390 que
1152 356 1226 379 cura
1251 351 1279 378 ct
1301 345 1460 385 diligentia
1486 344 1681 380 adhibeatur,
1699 349 1805 387 partes

1069 399 1165 431 nostri
1193 398 1356 441 pastoralis
1381 397 1473 430 officii
1499 408 1566 429 esse
1591 397 1806 438 cognovimus,

1069 456 1101 483 ut
1126 447 1218 483 liuius
1243 464 1342 495 aquae
1368 456 1397 483 01,
1422 451 1505 483 illius
1523 451 1746 494 aquaeductus,
1766 455 1807 483 to-

1069 505 1192 547 tiusque
1217 506 1443 548 operis‹·nram
1470 510 1495 536 et
1523 504 1676 537 rationem
1698 504 1808 537 talibus

1071 556 1144 587 riris
1169 557 1420 594 eonnnittamus,
1445 568 1580 599 quornm
1606 558 1713 599 opera,
1737 556 1808 595 tide,

1072 609 1255 652 prtnlentia,
1281 610 1449 653 solertique
1475 610 1576 642 studio
1609 613 1692 642 recte
1717 614 1742 641 01
1772 610 1811 641 se„-

1074 661 1174 694 liciter
1200 668 1349 704 regantur
1374 668 1401 694 et
1427 663 1659 703 gubernentur,
1681 671 1716 694 ac
1740 661 1809 700 alia,

1072 726 1151 758 quae
1176 716 1213 747 ad
1239 726 1348 748 corum
1375 716 1644 747 conservationem
1670 720 1810 758 spectare

1072 774 1255 806 noscuntur,
1281 774 1462 801 statuamus,
1482 769 1565 801 Motu
1590 768 1731 812 proprio,
1749 778 1811 800 non

1072 822 1110 854 ad
1135 822 1266 855 alieuius
1290 822 1381 855 nobis
1406 832 1501 865 super
1532 822 1590 854 hoe
1616 822 1738 854 oblatae
1763 832 1814 865 pc-

1074 875 1190 908 titionis
1217 875 1408 915 instantiam,
1426 875 1479 907 sed
1505 886 1540 907 ex
1565 877 1649 908 certa
1674 875 1812 914 scientia,

1074 939 1109 960 ac
1123 929 1348 961 deliberatione
1363 929 1488 967 nostris,
1506 929 1607 971 (leque
1624 928 1813 971 apostolicae

1076 982 1238 1025 potestatis
1263 981 1468 1025 plenitudine,
1486 981 1544 1013 hac
1569 982 1677 1013 nostra
1701 991 1815 1023 perpe-

1077 1038 1127 1068 tua
1151 1035 1377 1068 Constitutione
1406 1034 1685 1077 congi‘tgationeni
1709 1035 1815 1076 Aquae

1076 1090 1188 1122 Paulae
1215 1088 1466 1131 nuncupandam,
1494 1088 1522 1119 in
1548 1098 1610 1130 qua
1633 1087 1737 1120 dilecti
1759 1087 1814 1118 tilii

1077 1152 1220 1174 camerae
1237 1146 1362 1173 nostrae
1379 1141 1568 1184 apostolieae
1585 1140 1741 1183 generalis
1754 1140 1818 1172 1110-

1077 1194 1247 1231 samarius,
1268 1199 1298 1226 et
1322 1194 1575 1237 areliiliospitalis
1599 1193 1696 1226 sancti
1723 1193 1819 1236 Spiri-

1079 1253 1127 1280 tus
1152 1248 1182 1279 in
1208 1247 1298 1279 Saxia't
1324 1248 1361 1279 dc
1378 1247 1488 1280 cadem
1515 1247 1597 1279 Urbe
1619 1251 1818 1290 praeceptor,

1078 1312 1113 1333 ac
1137 1300 1278 1333 eiusdem
1304 1310 1447 1333 camerae
1472 1299 1708 1333 commissarius
1724 1300 1819 1332 etiam

1079 1354 1245 1397 generalis,
1262 1364 1343 1386 nune
1361 1359 1388 1386 et
1411 1364 1470 1397 pro
1485 1358 1625 1396 tempore
1643 1353 1819 1393 existentes,

1079 1418 1210 1444 necnon,
1232 1418 1289 1450 per
1319 1417 1376 1440 nos
1408 1412 1436 1439 et
1469 1417 1667 1439 successores
1695 1410 1820 1440 nostros

1081 1462 1237 1494 Romanos
1262 1460 1429 1493 Pontifices
1453 1470 1512 1503 pro
1531 1465 1675 1503 tempore
1691 1459 1821 1491 existen-

1081 1518 1126 1545 tes
1147 1513 1186 1545 ad
1210 1517 1353 1545 nostrum
1372 1513 1577 1556 ipsorumque
1602 1522 1820 1545 successorum

1081 1566 1311 1609 beneplacitum
1329 1566 1510 1609 deputandi,
1527 1576 1609 1598 unus
1627 1576 1664 1598 ex
1681 1565 1820 1598 eiusdem

1082 1630 1224 1652 camerac
1255 1619 1506 1662 praesidentibus
1541 1619 1663 1652 clericis
1694 1623 1724 1651 et
1760 1619 1822 1651 duo

1083 1672 1166 1705 cives
1190 1672 1312 1704 romani
1337 1682 1405 1704 esse
1426 1672 1569 1711 debeant,
1587 1676 1741 1715 perpetuo
1766 1672 1824 1703 eri-

1084 1725 1187 1765 gimus
1200 1728 1227 1758 et
1244 1725 1450 1764 instituimus,
1464 1735 1499 1756 ac
1514 1735 1549 1757 cx
1567 1735 1648 1757 nunc
1667 1724 1705 1756 ad
1722 1724 1822 1767 ipsam

1084 1778 1363 1820 congregationem
1411 1778 1597 1820 magistrum
1648 1771 1822 1810 Galeatium

1085 1830 1271 1863 Sanvitalem
1297 1831 1439 1864 eiusdem
1473 1841 1617 1863 camerae.
1641 1830 1824 1874 praesiden—

1087 1889 1147 1916 tem
1167 1884 1327 1921 clerieum,
1352 1890 1382 1917 et
1406 1884 1616 1917 Alexandrum
1642 1884 1771 1923 Mutum,
1789 1894 1824 1916 ac

1086 1938 1215 1970 Paulum
1234 1938 1393 1970 'Mellinum
1419 1937 1502 1969 cives
1519 1947 1676 1977 romanos,
1695 1937 1825 1969 dilectos

1087 1990 1184 2030 tilios,
1210 1991 1323 2034 quibus
1354 2001 1412 2023 nos
1442 1991 1518 2023 alias
1543 1990 1703 2023 ducendae
1727 2000 1826 2033 aquae

1087 2043 1179 2076 buius
1194 2054 1301 2076 euram
1314 2044 1582 2084 demandavimus,
1593 2049 1619 2076 et
1636 2043 1673 2076 de
1690 2053 1827 2086 quorum

1089 2097 1273 2140 prudentia,
1300 2097 1371 2137 tide,
1398 2102 1426 2129 et
1452 2097 1630 2140 integritate
1655 2097 1827 2140 plurimum

1088 2150 1119 2181 111
1142 2150 1274 2183 Domino
1300 2151 1508 2191 confidimus,
1533 2151 1571 2182 ad
1596 2150 1828 2193 beneplacitum

1087 2204 1232 2237 similiter
1256 2208 1399 2238 nostrum
1423 2204 1620 2247 deputamus.

1133 2258 1147 2299 ξ
1171 2257 1200 2289 ἦ.
1229 2258 1351 2300 ipsique
1373 2257 1610 2300 congregationi
1628 2257 1775 2289 dilectum
1797 2256 1830 2287 ti-

1089 2309 1164 2341 lium
1207 2315 1349 2342 nostrum
1391 2310 1571 2353 Scipionem
1610 2309 1690 2341 tituli
1731 2308 1828 2341 saneti

1087 2363 1281 2406 Chrysogoni
1305 2363 1524 2407 presbyterum
1551 2362 1741 2395 cardinalem
1755 2362 1830 2394 Bur-

1088 2416 1234 2458 gbesium
1251 2420 1478 2459 nuncupatum,
1496 2421 1637 2448 nostrum
1657 2415 1830 2447 seeundum

1089 2478 1215 2500 carnem
1241 2479 1276 2501 cx
1304 2479 1413 2501 sorore
1430 2470 1581 2511 germana
1601 2473 1759 2512 nepotem,
1777 2468 1831 2500 du-

1088 2526 1176 2553 rante
1201 2522 1268 2554 eius
1292 2522 1353 2553 rita
1379 2522 1589 2565 praesumitis,
1614 2527 1641 2554 ct
1668 2522 1698 2554 in
1723 2522 1830 2565 Aquae

1090 2574 1218 2615 Paulae,
1245 2581 1271 2607 et
1305 2575 1387 2607 illius
1416 2576 1646 2618 aquaeductus,
1672 2580 1698 2608 et
1724 2575 1830 2618 operis

1089 2628 1320 2671 praedictorum
1336 2634 1546 2671 protectorem
1557 2629 1701 2661 similiter
1711 2628 1748 2660 ad
1763 2628 1829 2661 eius

1820 296 1868 322 ΛΠ.
1889 297 2002 324 &1612

1884 2263 2028 2284 Protectorem

1844 2290 1914 2311 ‹ti-:tae
1941 2296 2028 2316 congre-

1845 2317 1935 2341 gationis
1959 2316 2029 2337 carili-

1844 2344 1913 2363 nalcm
1935 2343 2029 2368 But-ghe-

1845 2371 1898 2390 sium
1913 2369 2010 2396 deputat.

1090 2682 1183 2715 vitam
1202 2682 1406 2725 deputamus:
1435 2683 1530 2725 ipsam
1556 2683 1783 2725 protectionem
1799 2687 1827 2715 et
1863 2674 1868 2677 ⁴
