2293 3231
232 314 283 342 An.
304 313 332 342 c.
351 311 418 342 1617
465 303 529 338 388
1022 305 1202 332 numnam
1226 304 1382 330 1101111111111

433 363 599 396 ies-tionem
627 369 702 393 vero
726 358 987 392 scholasticorum
1012 355 1175 389 Societatis
1192 398 1194 401 .
1210 360 1238 386 et
1253 352 1415 387 audiendis
1429 351 1836 391 lectionibusstimulentur,
1847 359 1954 394 quam-

434 416 503 449 lesu
527 414 608 447 idem
634 412 751 446 servari
769 410 907 447 debebit,
924 409 1008 454 quod
1029 409 1177 452 Ingolsta-
1192 411 1193 414 ’
1211 407 1348 451 primum
1374 405 1462 450 quis¹
1489 404 1703 438 studiosorum
1720 404 1767 437 vel
1791 404 1954 438 baccalau-

434 469 475 501 dii
501 474 662 505 servatur,
689 467 728 500 ita
754 471 785 498 ut
818 464 933 497 rectori
965 463 1177 496 universitatis
1193 487 1195 514 1
1213 471 1339 494 reorum
1366 459 1515 493 lectiones
1538 469 1597 503 pro
1621 458 1720 501 gradu
1750 458 1854 502 aliquo
1883 467 1955 491 eon-

434 521 586 555 subieetio
611 521 642 552 in
667 519 777 552 iisdem
803 517 926 550 casibus
951 522 979 550 et
1004 516 1114 549 eadem
1132 520 1195 555 111-ζ
1212 513 1372 558 sequendo
1409 513 1517 546 audire
1553 512 1680 556 cupiet,
1712 521 1827 544 nomen
1863 522 1953 545 suum

436 576 519 608 tione
537 578 708 613 remaneat,
721 582 816 616 quatu
831 571 922 605 lialJet
938 576 1043 604 rector
1056 570 1179 602 univer·
1212 567 1444 612 professoribus
1468 566 1575 605 dabit,
1600 570 1629 599 et
1653 565 1785 609 singulis
1818 565 1956 608 angariis

436 628 534 661 sitatis
558 626 749 670 ingolstadii.
767 626 906 669 Cumque
927 624 1003 657 olim
1028 627 1177 658 statutum
1195 646 1197 664 4
1214 621 1390 656 testimonia
1415 620 1595 663 diligentiae
1615 630 1688 652 suae
1716 619 1754 651 ab
1779 618 1889 651 iisdem
1907 629 1957 662 pe·

437 681 539 720 fuerit,
566 684 596 714 ut
621 679 817 712 baccalaurei
839 677 971 719 siugulis
989 676 1178 721 septenniis,
1195 672 1197 687 ¹
1215 680 1266 712 tet,
1292 674 1402 707 eadem
1428 677 1533 717 postea
1559 683 1614 706 suo
1631 679 1772 716 tempore
1789 682 1896 706 eoram
1915 672 1958 704 in-

437 733 578 777 magistri
612 743 686 766 vero
722 731 854 775 siugulis
891 731 1051 763 mensibus
1084 729 1295 779 uuam'rlvta
1308 726 1684 770 facultateproducturus.
1697 725 1812 759 Omnes
1826 724 1956 758 studiosi

436 787 682 831 disputationei‘u
707 797 743 819 ex
769 785 879 819 ordine
904 784 1020 817 liabere
1037 783 1180 823 dela-ant,
1196 788 1199 811 ἱ
1216 781 1450 822 relieiosortun,
1475 781 1527 824 qui
1554 780 1584 812 id
1608 780 1765 824 petierint,
1790 779 1829 812 ad
1856 779 1958 822 dispo-

438 841 466 874 id
492 846 651 884 tamquam
678 840 878 872 utilissimum
896 838 1079 871 exet-vitium
1099 829 1362 869 dein-lsitionem
1389 839 1417 867 et
1443 833 1680 877 inscriptionem
1713 831 1834 865 admitti
1867 831 1959 864 debe-

437 904 510 938 eeps
528 894 639 928 merito
657 893 850 927 servabitur:
870 903 978 924 verum
1001 892 1041 923 ita
1063 895 1097 923 ut
1114 890 1183 922 liae-
1198 904 1200 941 1
1217 889 1303 924 1111111,
1322 893 1412 931 prout
1431 892 1460 920 et
1476 887 1628 921 haetenus
1647 886 1775 919 admissi
1801 891 1885 918 sunt:
1912 896 1959 917 re-

438 949 657 980 calaureoruiu
674 946 916 990 disputationes,
934 955 1013 988 quat·
1031 944 1182 976 liat-tenus
1198 942 1200 966 ³
1217 953 1286 974 rum
1319 941 1425 974 elerici
1450 940 1588 974 clericali
1622 939 1728 973 habitu
1741 967 1748 980 ‚
1772 945 1804 972 ut
1831 939 1958 977 alumni,

438 1002 548 1035 diebus
571 1000 738 1034 dominicis
762 1012 779 1031 a
802 998 935 1044 prandio
960 997 1083 1030 habitae
1101 1002 1182 1033 sunt,
1199 996 1201 1005 ¹
1219 995 1406 1032 incedentes,
1432 995 1498 1027 sine
1523 994 1727 1038 dispositione
1747 993 1960 1027 universitatis

1959 298 2012 328 An.
2032 299 2062 327 C.
2082 299 2152 328 ¹617

439 1065 476 1087 ne
502 1055 641 1097 religiosi
667 1059 695 1086 et
721 1064 831 1086 eorum
857 1051 975 1085 alumni
1008 1062 1043 1083 ae
1079 1050 1184 1084 convi-

439 1114 542 1142 ctores
567 1109 596 1141 in
622 1107 810 1152 vespertinis
827 1106 938 1140 officiis
963 1105 1183 1149 impediantur,

439 1164 470 1197 in
507 1163 589 1196 diem
618 1162 738 1195 sabbati
771 1161 933 1194 transferri
965 1160 1119 1197 debeant,
1154 1159 1183 1191 11]

439 1227 500 1261 qua
525 1216 601 1249 duas
626 1215 864 1261 disputationes,
889 1225 982 1247 unam
1005 1219 1076 1246 ante
1094 1222 1185 1257 pran-

440 1270 526 1303 dium
545 1271 623 1304 liora
640 1269 773 1314 septimii
792 1280 890 1312 usque
908 1268 946 1301 ad
963 1277 1076 1300 nonam
1089 1294 1096 1307 ⁷
1114 1267 1186 1300 alte-

440 1335 508 1357 ram
535 1329 602 1368 post
628 1323 796 1368 prandium
813 1335 829 1354 a
847 1322 948 1355 media
966 1321 1068 1365 prima
1087 1330 1185 1363 usque

441 1379 478 1411 ad
503 1379 627 1411 tertiam
654 1378 823 1410 instituent.
842 1377 957 1409 voi-um
984 1375 1203 1419 repetitionest

441 1438 471 1465 et
488 1432 716 1476 disputationes
735 1431 960 1473 magistrorum
976 1429 1187 1462 observabun-

442 1491 503 1527 tur,
521 1491 552 1518 111
576 1486 650 1518 olim
677 1486 707 1517 in
732 1484 893 1528 praedicto
915 1489 942 1516 et
975 1483 1043 1515 aliis
1064 1482 1187 1514 univer-

443 1540 542 1572 sitatis
566 1539 687 1572 statutis
712 1538 865 1570 sancitum
893 1543 947 1569 est.
970 1537 1006 1569 Et
1031 1537 1103 1580 quia
1128 1546 1186 1579 pro

443 1594 586 1627 examine
610 1591 952 1626 haeealaiu·ean‹loriun
972 1590 1101 1623 facultas
1118 1589 1188 1623 arti-

444 1648 519 1681 stica
544 1647 694 1681 hactenus
720 1646 827 1689 vigore
849 1655 980 1677 suorum
998 1649 1186 1676 statutorum

444 1707 578 1746 quatuor
603 1700 771 1744 magistros
795 1698 832 1731 de
858 1697 980 1741 gremio
997 1708 1054 1730 suo
1071 1697 1188 1740 eligere

444 1755 616 1795 consuevit,
641 1754 732 1787 etiam
759 1753 899 1797 posthae,
924 1751 977 1783 sed
1003 1751 1059 1791 ita,
1084 1760 1189 1783 serva-

444 1809 539 1849 bitur,
564 1814 595 1841 111
622 1818 748 1851 semper
776 1817 856 1839 unus
881 1817 916 1838 ex
942 1805 1110 1847 religiosis,
1135 1804 1187 1848 qui

446 1862 572 1906 publice
601 1862 787 1905 profitetur,
812 1860 965 1903 eligatur,
990 1858 1074 1902 quod
1107 1858 1187 1890 idem

445 1916 527 1960 apud
552 1915 774 1949 cancellarium
800 1913 1022 1949 universitatis,
1045 1912 1097 1956 qui
1123 1922 1191 1945 exa-

446 1969 617 2002 minatores
635 1979 671 2001 ex
690 1967 844 2000 facultatis
866 1966 1037 2010 suppositis
1053 1976 1110 2009 pro
1129 1976 1192 1998 ma-

447 2023 618 2067 gistrandis
648 2022 766 2064 eligere
795 2021 974 2059 consuevit,
1002 2019 1191 2052 servandum

448 2077 521 2111 erit:
546 2082 576 2110 et
600 2086 671 2109 cuin
689 2075 726 2107 ad
744 2074 877 2116 gradum
900 2073 1073 2116 magisterii
1091 2073 1193 2105 haete-

449 2141 507 2163 nus
533 2129 662 2163 facultas
680 2138 734 2162 xxi
752 2138 850 2160 annos
867 2126 1080 2170 requisiverit,
1099 2130 1192 2170 prout

450 2185 661 2217 iuramentum
687 2181 949 2215 lieentiandorum
976 2180 1085 2219 habet,
1111 2180 1169 2212 1101·
1185 2208 1192 2221 ‚

449 2248 488 2272 ne
512 2238 639 2270 iuvenes
665 2237 694 2268 in
719 2236 851 2268 aliarum
878 2234 1058 2267 facultatum
1083 2234 1193 2268 studiis

451 2291 672 2336 impediantur,
689 2289 727 2322 ad
744 2298 822 2322 xvut
839 2297 955 2320 annum
975 2287 1192 2330 restringetur:

452 2352 519 2379 taxa
552 2345 645 2378 etiam
677 2344 708 2376 in
741 2342 964 2377 reformatione
994 2341 1130 2374 facultati
1157 2352 1191 2374 ex

452 2397 734 2433 examinatoribus¹
752 2396 872 2430 ratione
893 2396 1049 2439 graduum
1074 2399 1101 2429 et
1127 2406 1195 2428 exa-

454 2454 547 2486 minis
571 2452 745 2497 promissa,
771 2449 905 2484 alumnis
930 2455 956 2482 et
983 2449 1051 2482 aliis
1080 2460 1195 2493 paupe-

454 2508 541 2540 ribus
567 2507 696 2540 omnino
728 2505 916 2538 remittetur.
942 2505 979 2537 Ui,
1004 2509 1107 2536 autem
1135 2509 1197 2536 stu—

455 2561 544 2601 diosi,
558 2566 586 2592 et
603 2560 770 2604 praecipue
787 2558 839 2602 qui
858 2558 894 2591 ad
912 2558 1029 2601 gradus
1047 2557 1195 2602 aspirant,

455 2615 494 2647 ad
518 2614 707 2648 exactiorem
733 2613 892 2645 solertiam
916 2612 945 2644 in
963 2610 1198 2655 frequentandis

494 2687 502 2713 1
523 2685 621 2714 Forsan
634 2684 776 2719 tegendum
788 2684 938 2719 facultatis
949 2682 1199 2710 eaeaw'naeoribus

458 2732 494 2767 (11.
511 2731 558 2764 1,).

1217 1049 1288 1081 albo
1314 1048 1470 1081 inserendi
1489 1051 1589 1081 erunt.
1607 1046 1780 1091 Collegium
1798 1053 1960 1092 praeterea

1219 1102 1440 1146 religiosrwiun
1462 1101 1624 1135 Soeietatis
1649 1102 1717 1135 Iesu
1743 1100 1773 1134 in
1798 1106 1960 1145 posterum

1219 1156 1367 1189 liberates
1382 1161 1465 1188 artes
1483 1166 1581 1199 usque
1599 1155 1636 1187 ad
1654 1155 1844 1188 rhetoricam
1867 1154 1963 1188 inclu-

1219 1210 1283 1243 sive
1297 1211 1398 1243 sotum
1418 1211 1508 1253 leget,
1522 1209 1606 1253 quod
1624 1209 1818 1244 universitati
1835 1215 1962 1243 eatenus

1219 1270 1338 1297 tantum
1357 1264 1592 1307 incorporatum
1607 1268 1634 1296 et
1647 1263 1768 1296 unitum
1783 1264 1963 1298 censebitur

1220 1324 1245 1350 et
1274 1317 1457 1358 habebitur,
1483 1322 1513 1349 ut
1540 1326 1649 1349 omnes
1681 1316 1829 1357 studiosi,
1854 1317 1907 1360 qui
1931 1317 1962 1349 in

1220 1372 1330 1404 eodem
1347 1370 1534 1404 humaniora
1552 1370 1654 1403 studia
1672 1370 1886 1410 absolverunt,
1905 1370 1929 1402 si
1946 1380 1963 1402 a

1221 1424 1378 1465 religiosis
1403 1423 1636 1467 protessorilnis
1660 1423 1689 1455 11]
1707 1423 1842 1467 collegio
1864 1423 1965 1457 Socie-

1223 1479 1292 1511 tatis
1316 1478 1501 1510 sufficientia
1528 1477 1704 1511 testimonia
1727 1477 1863 1509 facultati
1880 1477 1966 1510 cxlii-

1221 1532 1364 1573 lmerint,
1390 1531 1590 1564 habebuntur
1619 1536 1778 1574 tamquam
1805 1531 1829 1563 si
1854 1530 1963 1563 eadem

1223 1587 1287 1630 ipsa
1315 1587 1344 1618 in
1368 1585 1571 1618 universitate
1592 1584 1799 1624 audivissent;
1825 1584 1964 1627 religiosi

1223 1650 1307 1680 vero,
1332 1645 1499 1683 postquam
1527 1648 1622 1671 11111111]
1654 1649 1689 1670 ex
1721 1638 1785 1671 suis
1809 1638 1965 1681 religiosis

1222 1693 1259 1725 ad
1275 1693 1451 1726 dot-endum
1470 1692 1500 1725 in
1514 1691 1717 1726 universitate
1731 1692 1965 1736 applicaverint,

1223 1758 1386 1781 removere
1403 1747 1491 1780 illum
1516 1756 1578 1779 non
1602 1745 1771 1787 debebunt,
1795 1747 1852 1779 nisi
1878 1747 1966 1791 prius

1224 1801 1343 1834 monito
1369 1806 1491 1833 reetore
1516 1799 1736 1832 universitatis.

1268 1857 1282 1898 ξ
1306 1856 1335 1889 Q.
1352 1856 1428 1888 Cum
1446 1859 1562 1892 autem,
1580 1854 1657 1887 sieut
1681 1853 1790 1887 eadem
1811 1854 1966 1898 expositio

1224 1909 1442 1952 subiungebat,
1467 1909 1568 1941 dietus
1589 1907 1732 1940 Matthias
1749 1918 1803 1941 rex
1822 1908 1852 1940 in
1870 1908 1967 1953 impe-

1225 1967 1362 1997 ratorem
1388 1963 1506 1995 electus
1531 1961 1705 2005 plurimum
1733 1962 1849 2006 cupiat,
1877 1973 1967 2006 prae-

1226 2017 1336 2051 missas
1361 2016 1575 2049 ordinationes
1605 2021 1632 2047 et
1660 2019 1773 2049 statuta
1804 2026 1858 2050 seu
1887 2027 1965 2050 con—

1226 2071 1402 2105 stitutiones
1427 2079 1556 2109 omnes,
1580 2079 1638 2113 pro
1667 2069 1837 2102 inviolabili
1858 2079 1968 2104 eorum

1226 2123 1463 2164 observatione,
1488 2123 1677 2167 apostolieae
1702 2128 1828 2156 nostrae
1853 2124 1969 2157 contir-

1227 2178 1372 2212 mationis
1397 2178 1515 2211 robore
1542 2176 1750 2217 eonununiri;
1775 2177 1866 2210 nobis
1894 2187 1968 2222 pro-

1227 2239 1335 2277 pterea
1360 2231 1522 2265 humiliter
1551 2230 1724 2275 supplicari
1756 2230 1849 2273 fecit,
1880 2236 1913 2264 ut
1938 2231 1968 2264 in

1227 2286 1408 2330 praemissis
1432 2290 1609 2329 opportune
1633 2284 1800 2328 providere
1825 2284 1862 2317 de
1884 2283 1969 2317 beni-

1227 2340 1344 2383 gnitate
1369 2338 1542 2383 apostolica
1567 2338 1781 2381 dignaremur.

1272 2395 1287 2439 ξ
1311 2394 1340 2427 3.
1363 2393 1426 2427 Nos
1443 2392 1549 2436 igitur,
1566 2392 1705 2425 eiusdem
1723 2391 1868 2425 Matthiae
1885 2393 1968 2436 regis

1230 2449 1259 2481 in
1277 2448 1500 2491 imperatorem
1518 2445 1606 2478 electi
1627 2445 1714 2486 votis,
1728 2449 1878 2489 quantum
1895 2457 1967 2480 eum

1230 2502 1362 2537 Domino
1386 2509 1565 2545 possumus,
1590 2508 1728 2531 annuere
1746 2499 1895 2541 volentes,
1916 2500 1970 2533 1111-

1232 2554 1367 2589 iusmodi
1404 2551 1685 2597 supplicationibus
1721 2551 1878 2593 inclinati,
1911 2564 1968 2587 or—

1231 2609 1405 2643 dinationes
1440 2610 1468 2640 et
1500 2610 1613 2639 statuta
1642 2616 1696 2639 seu
1733 2607 1972 2641 constitutiones

1231 2661 1410 2696 huiusmodi
1444 2659 1614 2703 apostoliea
1643 2659 1838 2701 auctoritate,
1864 2666 1971 2694 tenore

1270 2727 1280 2752 1
1299 2723 1457 2760 Legendum
1473 2722 1612 2758 quisquis,
1632 2722 1671 2750 rel
1687 2722 1712 2751 si
1727 2723 1789 2757 quis
1805 2724 1841 2758 (a.
1859 2723 1908 2757 τ.).

2021 1856 2098 1879 Eadem
2123 1860 2165 1879 sta-

1981 1886 2026 1905 tuta
2047 1885 2167 1907 continuari

1982 1914 2046 1938 petit..

2056 2396 2169 2417 Continuat

1984 2424 2069 2445 Paulus.
