2293 3231
290 265 340 293 Au.
357 266 385 292 c.
408 263 476 293 ⁴523
522 253 586 291 794

318 703 423 729 tipum.
442 707 474 722 ve·

294 736 316 751 10
336 737 372 756 μω
392 733 474 748 conser-

294 761 390 778 vatum-*ic
405 756 473 776 dii-iac

294 788 397 806 ocati-»iao
407 783 432 802 ..d
445 781 474 802 di-

387 811 474 829 clericos

294 837 411 860 omnimode
429 842 475 861 pern

294 868 359 886 tmen
375 864 476 885 deciani.

351 1663 401 1684 cnm
414 1661 483 1689 prohi-

302 1691 381 1711 bttmne
407 1692 484 1711 nutum,

302 1720 338 1738 nt
347 1717 452 1742 apponas
463 1720 485 1735 a·

302 1744 350 1764 licui
370 1742 486 1770 quomodo-

303 1770 353 1791 libet
369 1769 484 1790 concodeu·

303 1797 323 1816 d·
352 1801 395 1816 sine
419 1796 484 1815 diato-

302 1828 346 1844 rum
370 1823 484 1842 canonico-

303 1855 347 1869 rum
363 1855 472 1870 consensu.

489 311 628 346 canonici
659 309 808 355 praedicti
840 307 996 345 habeant,
1022 304 1173 338 custodiri
1199 310 1227 338 et

489 364 640 399 asservari
652 362 670 404 ¹,
694 362 806 406 piaque
837 365 867 393 et
900 359 1011 392 devota
1034 357 1228 391 consuetudo

490 416 658 464 praebendi
683 424 795 458 aquarn
820 411 998 453 bibendam,
1019 411 1051 443 in
1070 421 1165 454 quam
1183 421 1230 444 re-

489 472 602 516 liquiae
626 468 766 502 eiusdem
790 466 886 500 sancti
907 464 1103 499 pantaleonis
1119 464 1229 498 remis-

490 535 540 559 sae
565 524 641 564 sint,
667 522 697 555 in
722 521 789 566 ipsa
814 519 945 554 ecclesia
977 518 1006 552 S.
1032 517 1229 552 pantaleonis

490 579 651 621 hucusque
684 578 818 619 recepta,
843 573 936 607 etiam
962 572 1170 617 imposterum
1198 571 1228 604 in

490 631 631 666 eamdem
655 628 784 663 retineri
808 633 838 661 et
861 627 981 660 servari
990 638 998 667 ;

534 686 548 729 g
565 684 615 718 49.
634 683 748 717 Omnes
766 691 840 714 vero
861 685 891 714 et
907 680 1049 724 singulae
1065 687 1229 723 expensae,

489 749 584 783 quas,
612 742 675 770 tam
699 736 730 769 in
755 734 891 779 aptando
916 734 1031 767 dictam
1065 732 1230 767 ecclesiam

490 793 518 828 S.
545 790 750 831 Pantaleonis,
767 799 862 834 quam
883 788 914 822 in
937 793 1104 828 tectorum,
1126 796 1232 820 muro-

491 857 572 887 rum,
596 849 797 883 statutorum,
822 852 838 875 e
862 842 959 875 latere
983 846 1014 874 et
1037 840 1124 874 silice
1148 839 1232 884 pavi-

491 904 669 934 mentorum
695 895 951 936 manutentione,
984 899 1014 927 et
1049 894 1124 927 alias
1148 893 1233 927 circa

491 954 603 987 dictam
630 951 793 986 ecclesiam
812 949 840 984 S.
859 948 1055 983 pantaleonis
1072 947 1142 981 fieri
1162 957 1233 981 con-

490 1007 606 1051 tigerit,
625 1006 664 1040 ad
688 1005 802 1039 dictam
820 1003 1103 1048 Congregationem
1120 1002 1153 1035 in
1169 1012 1234 1036 om-

491 1061 582 1095 nibus
614 1065 644 1094 et
667 1069 723 1104 per
754 1057 860 1092 omnia
891 1056 1050 1101 pertinere
1081 1055 1232 1095 debeant,

492 1114 638 1158 illiusque
652 1111 849 1158 praepositus
866 1115 896 1144 et
909 1109 1015 1144 clerici
1032 1119 1116 1142 nunc
1128 1114 1158 1142 et
1174 1119 1233 1153 pro

493 1174 634 1212 tempore
657 1166 835 1205 existentes,
859 1174 961 1208 neque
986 1163 1026 1197 ob
1051 1162 1103 1204 id,
1131 1173 1234 1207 neque

494 1231 529 1255 ex
555 1222 649 1254 causa
673 1218 923 1258 contributionis,
941 1217 990 1250 vel
1013 1227 1235 1261 quarumcum-

493 1284 553 1319 que
579 1273 709 1307 aliarum
735 1272 961 1316 impensarum,
985 1280 1063 1315 quas
1087 1270 1120 1303 in
1142 1279 1234 1314 para-

493 1328 616 1369 mentis,
630 1326 771 1372 platenis‚
785 1325 944 1366 calicibus,
965 1323 1201 1358 linteaminibus
1213 1322 1234 1365 ²,

495 1383 578 1423 cera,
603 1381 695 1422 oleo,
723 1385 753 1413 et
781 1378 942 1424 quibusvis
965 1377 1034 1411 aliis
1058 1378 1153 1411 rebus
1177 1388 1236 1422 pro

495 1445 554 1468 usu
578 1439 608 1467 et
631 1433 758 1467 servitio
790 1432 890 1466 dictae
914 1432 1064 1466 ecclesiae
1088 1432 1118 1465 S.
1150 1431 1236 1465 Pan-

497 1487 626 1521 taleonis
649 1485 834 1520 necessariis
862 1490 892 1519 et
919 1485 1101 1519 decentibus
1130 1484 1236 1518 subire

497 1550 574 1585 opus
597 1540 700 1581 fuerit,
716 1539 834 1584 aliquid
858 1549 876 1572 a
895 1539 1032 1584 capitulo
1055 1543 1085 1572 et
1108 1538 1237 1573 canoni-

499 1594 543 1628 cis
567 1593 734 1639 praedictis
757 1593 944 1638 pretendere
957 1604 965 1633 ;

543 1649 558 1693 g
582 1648 632 1682 20.
658 1648 820 1693 Minusque
845 1648 991 1693 cuiquam
1017 1647 1118 1681 ullum
1143 1647 1237 1681 situm

499 1707 551 1736 aut
567 1702 670 1736 locum
694 1701 894 1747 quantumvis
911 1701 1079 1735 minimum
1096 1701 1237 1735 eiusdem

499 1756 648 1789 ecclesiae
661 1755 689 1789 S.
704 1755 910 1796 Pantaleonis,
930 1760 983 1788 aut
1000 1755 1170 1800 cappellas,
1190 1755 1238 1789 vel

500 1810 608 1843 altaria
622 1810 653 1842 in
667 1810 719 1842 illa
733 1809 905 1850 existentia,
919 1809 1238 1850 confraternitatibus,

499 1874 554 1897 seu
578 1863 884 1907 congregationibus,
909 1868 963 1896 aut
986 1864 1239 1908 quibuscumque

501 1917 578 1958 aliis,
604 1917 670 1950 sine
690 1917 846 1951 dictorum
871 1917 998 1961 capituli
1023 1923 1053 1951 et
1077 1918 1241 1951 canonico-

502 1981 572 2004 rum
596 1970 720 2004 licentia
735 1998 743 2011 ,
771 1970 960 2012 concedere,
987 1981 1045 2005 nec
1069 1971 1239 2016 quidquam

503 2024 596 2065 aliud,
613 2024 696 2067 quod
712 2024 776 2058 ullo
794 2035 943 2068 umquam
961 2029 1104 2069 tempore
1120 2025 1243 2058 iurisdi-

503 2077 597 2110 ctioni
615 2082 645 2111 et
661 2077 780 2110 directo
804 2077 944 2112 dominio
961 2078 1089 2123 capituli
1107 2083 1138 2112 et
1154 2089 1243 2112 cano-

503 2131 646 2164 nicorum
663 2130 906 2175 praedictorum,
919 2131 1037 2165 directe
1057 2133 1105 2165 vel
1129 2132 1244 2166 indire-

504 2190 561 2225 cte,
578 2184 794 2229 praeiudicare
814 2185 861 2218 vel
881 2186 993 2218 obesse
1013 2186 1121 2229 possit,
1139 2187 1242 2220 faeere

503 2244 634 2282 queant3
653 2242 682 2272 et
699 2238 723 2271 si
741 2238 815 2282 quid
833 2239 893 2271 tale
919 2239 1058 2280 fecerint,
1074 2239 1103 2272 id
1120 2240 1242 2273 nullum

504 2297 534 2325 et
559 2291 727 2324 invalidum
751 2302 818 2324 esse
843 2297 1008 2325 censeatur
1032 2303 1069 2326 eo
1095 2293 1181 2337 ipso,
1201 2293 1244 2326 di-

504 2345 607 2389 ctique
630 2345 800 2390 capitulum
818 2349 848 2380 et
863 2346 1004 2380 canonici
1022 2346 1097 2379 illud
1113 2347 1243 2391 propria

505 2399 687 2432 auctoritate
712 2410 859 2433 revocare
877 2400 1005 2444 possint,
1026 2405 1056 2433 et
1072 2401 1242 2445 cappellae,

506 2462 564 2495 que
589 2452 621 2485 in
645 2453 711 2497 ipsa
743 2454 873 2487 ecclesia
905 2453 933 2487 S.
959 2454 1155 2488 Pantaleonis
1179 2455 1245 2488 fun-

507 2505 594 2539 datae
618 2506 828 2550 reperiuntur,
844 2507 908 2540 sive
924 2507 985 2540 sint
1001 2508 1039 2541 de
1057 2508 1125 2541 iure
1140 2513 1244 2552 patro-

509 2564 608 2599 natus,
624 2560 687 2592 sive
711 2570 774 2593 non
799 2561 869 2601 sint,
887 2561 918 2592 in
941 2561 1110 2604 primaevis
1133 2572 1242 2595 earum

545 2629 557 2654 1
576 2628 623 2655 Ed.
639 2629 715 2656 Main.
729 2631 793 2665 legit
803 2631 943 2658 custodire
953 2635 979 2658 et
990 2640 1138 2660 asservare
1149 2633 1241 2668 (nm).

545 2672 562 2699 2
577 2671 646 2699 Edit.
662 2672 740 2701 Main.
757 2674 821 2710 tegit
835 2675 1011 2704 [inmanibus
1025 2679 1062 2712 (R.
1080 2677 1129 2710 Τ.).

1059 256 1239 283 nummum
1263 254 1419 281 nouam

1277 2686 1336 2705 mus
1349 2680 1387 2714 (n.
1405 2678 1454 2714 ·r.).

2226 0 2236 54 ¹.

2227 56 2238 202 l

2013 256 2066 285 Aa.
2085 255 2116 286 G.
2133 255 2202 288 ¹688
2236 272 2239 279 ·

1260 303 1385 337 iuribus
1408 313 1583 345 remanere,
1602 310 1633 337 et
1655 304 1854 350 dispositioni
1876 304 2003 340 Ordina-

1262 357 1302 391 rii
1326 357 1507 399 subiacere;
2239 383 2241 393 2

1307 410 1322 454 ἓ
1345 410 1396 443 21.
1423 410 1612 455 Eisdemque
1629 410 1768 456 capitulo
1792 417 1824 445 et
1846 412 2004 446 canonicis
2043 426 2205 458 suptili-imm

1263 463 1311 496 ius
1335 463 1509 507 sepeliendi
1533 469 1679 498 mortuos
1702 463 1735 497 in
1757 464 1842 498 dicta
1872 465 2005 499 ecclesia
2020 454 2207 511 {ssssffiliss‘ssl
2233 458 2242 465 ”

1262 515 1292 550 S.
1317 516 1514 550 Pantaleonis
1549 521 1731 561 competere
1764 517 1897 559 debeat,
1923 512 2054 551 dietam
2068 507 2171 530 ‘¹⁹⁰⁰‘m
2236 553 2244 562 ,Ἰ

1262 580 1338 604 vero
1369 569 1580 614 Congregatio
1594 597 1602 611 ‚
1627 570 1774 615 illiusque
1809 571 2008 616 praepositus
2236 563 2245 607 ἶ·

1263 628 1294 656 et
1317 623 1425 657 clerici
1450 634 1509 668 pro
1533 629 1678 669 tempore
1698 625 1866 659 existentes
1889 624 2007 660 ibidem
2236 614 2245 627 ⁴⁴

1264 687 1336 711 suas
1353 678 1532 722 sepulturas
1547 678 1676 720 habere,
1692 678 1725 712 in
1741 679 1850 724 eisque
1873 689 2009 724 corpora

1264 737 1328 765 tarn
1352 742 1484 766 suorum
1509 743 1569 777 pro
1593 738 1736 778 tempore
1763 733 2007 775 defunctorum,

1265 796 1360 830 quam
1385 786 1533 827 aliorum,
1555 786 1609 831 qui
1625 786 1669 820 ibi
1685 796 1723 820 ex
1746 787 1931 831 particulari
1954 787 2008 822 de-

1265 840 1391 875 votione
1408 840 1501 874 condi
1518 841 1685 882 voluerint,
1699 840 1882 886 sepulchra⁴
1896 842 2009 884 facere,

1266 899 1297 928 et
1313 892 1441 938 lapides
1465 905 1538 929 cum
1573 895 1799 940 scriptionibus
1829 895 2011 930 huiusmodi

1266 953 1387 982 tantum
1413 948 1676 994 superimponere
1699 950 1833 991 valeant,
1850 954 1881 983 et
1903 949 2012 983 simili-

1267 1007 1324 1043 ter,
1341 1001 1396 1046 qui
1414 1001 1462 1035 ius
1484 1002 1719 1046 sepulturarum
1735 1002 1768 1036 in
1780 1001 1863 1036 dicta
1879 1002 2011 1037 ecclesia

1267 1055 1297 1089 S.
1322 1055 1521 1090 Pantaleonis
1544 1056 1676 1098 habent,
1699 1056 1777 1090 illud
1801 1057 1846 1090 eis
1874 1066 2012 1090 reserva-

1268 1113 1332 1144 tum
1358 1114 1389 1144 et
1411 1111 1532 1144 salvum
1557 1121 1626 1144 esse
1650 1115 1834 1151 censeatur;

1312 1163 1327 1207 ἓ
1345 1162 1396 1196 22.
1415 1163 1462 1205 Et,
1480 1163 1505 1197 si
1522 1164 1744 1208 Congregatio,
1761 1164 1909 1209 illiusque
1924 1175 2014 1210 prae-

1267 1217 1388 1261 positus
1412 1222 1442 1250 et
1466 1218 1574 1252 clerici
1598 1218 1731 1262 praefati
1746 1228 1764 1251 a
1779 1218 1863 1252 dieta
1879 1218 2011 1252 ecclesia

1269 1269 1298 1304 S.
1323 1271 1521 1305 Pantaleonis
1544 1271 1752 1312 recesserint,
1777 1270 1949 1316 illamque'
1975 1282 2013 1306 ex

1269 1335 1468 1369 quacumque
1493 1328 1589 1359 causa
1612 1325 1809 1370 reliquerint,
1825 1330 1899 1359 tunc
1923 1330 1954 1359 et
1976 1336 2014 1360 eo

1270 1388 1344 1412 casu
1367 1378 1420 1411 illa
1444 1379 1539 1412 etiam
1571 1378 1677 1423 quoad
1707 1389 1800 1413 usum
1832 1379 1926 1413 etiam
1952 1381 2015 1413 una

1270 1443 1342 1466 cum
1378 1432 1526 1467 omnibus
1562 1432 1689 1466 fabricis
1720 1438 1752 1466 et
1782 1432 1950 1467 structuris
1978 1443 2015 1467 ac

1270 1486 1464 1520 ornamentis
1481 1486 1514 1520 in
1531 1489 1568 1520 ea
1584 1486 1674 1521 factis
1699 1496 1827 1520 mensae
1851 1485 2015 1531 capitulari

1270 1539 1439 1584 praefatae,
1455 1544 1492 1574 ut
1511 1540 1622 1585 prius,
1649 1540 1738 1573 unita
1761 1544 1791 1574 et
1814 1539 2016 1585 incorporata

1271 1594 1311 1627 sit
1342 1598 1373 1627 et
1404 1604 1473 1628 esse
1508 1599 1674 1628 censeatur
1682 1605 1690 1635 ;
1719 1604 1756 1628 ac
1784 1594 2014 1638 Congregatio,

1272 1647 1419 1692 illiusque
1451 1648 1651 1693 praepositus
1681 1653 1712 1682 et
1742 1647 1850 1682 clerici
1884 1647 2016 1693 praefati

1272 1702 1393 1736 ratione
1410 1702 1538 1736 illorum
1555 1701 1728 1746 quidquam
1743 1701 1952 1747 praetendere
1967 1702 2016 1736 vel

1272 1760 1380 1800 petere
1404 1765 1468 1789 non
1492 1756 1625 1800 possint,
1645 1755 1754 1789 itidem
1778 1760 1933 1800 perpetuo
1956 1760 2016 1789 sta-

1273 1810 1391 1843 tuimus
1416 1814 1447 1843 et
1470 1809 1664 1844 ordinamus.

1318 1865 1332 1908 §
1357 1863 1408 1898 23.
1433 1863 1667 1905 Decernentes,
1691 1866 1873 1908 praesentes
1896 1863 2017 1897 litteras
2032 1870 2144 1902 clausum
2155 1876 2218 1900 pm-

1274 1917 1332 1951 sub
1355 1917 1518 1961 quibusvis
1547 1916 1698 1950 similium
1732 1916 1781 1950 vel
1817 1916 2017 1950 dissimilium
2032 1899 2218 1948 iactitat&
2243 1930 2246 1935 ‹

1274 1970 1449 2015 gratiarum
1465 1970 1731 2011 revocationibus,
1748 1969 2017 2015 suspensionibus,
2032 1952 2072 1974 '¹¹³'

1275 2024 1535 2065 limitationibus‚
1564 2023 1832 2068 derogatonibus,
1867 2029 1921 2057 aut
1949 2024 2018 2058 aliis

1276 2077 1442 2112 contrariis
1466 2077 1736 2122 dispositionibus,
1753 2078 1847 2112 etiam
1867 2087 1925 2122 per
1951 2087 2018 2119 nos,

1276 2136 1307 2167 et
1323 2142 1523 2166 successores
1539 2137 1666 2166 nostros
1679 2131 1837 2165 Romanos
1853 2131 2020 2166 Pontifices

1275 2196 1334 2230 pro
1358 2191 1503 2230 tempore
1528 2185 1706 2226 existentes,
1730 2185 1906 2229 Sedemque
1922 2195 2017 2230 prae-

1277 2241 1381 2281 fatam,
1405 2240 1464 2273 sub
1489 2240 1742 2284 quibuscumque
1767 2239 1937 2273 verborum
1961 2249 2016 2273 ex-

1278 2294 1496 2338 pressionibus
1520 2298 1551 2328 et
1572 2294 1693 2336 formis,
1708 2304 1745 2327 ac
1764 2304 1837 2327 cum
1857 2293 2019 2338 quibusvis

1278 2348 1428 2382 clausulis
1447 2353 1478 2382 et
1493 2347 1639 2389 decretis,
1656 2358 1715 2392 pro
1733 2353 1874 2392 tempore
1891 2357 2020 2391 quomo-

1278 2401 1396 2435 dolibet
1423 2401 1511 2435 factis
1539 2400 1693 2434 minime³
1715 2400 1943 2445 comprehendi
1970 2399 2019 2433 vel

1278 2454 1438 2496 confundi,
1455 2454 1510 2488 sed
1533 2465 1661 2499 semper
1684 2454 1724 2487 ab
1748 2454 1810 2487 illis
1833 2452 1952 2498 excipi,
1979 2456 2019 2493 et,

1315 2545 1324 2570 1
1343 2543 1500 2579 Legendum
1515 2543 1586 2571 foret
1600 2543 1719 2578 sepeliri
1733 2543 1770 2578 (n.
1786 2542 1834 2577 ·r.).

1313 2590 1328 2616 2
1345 2589 1414 2615 Edit.
1431 2588 1510 2616 Main.
1527 2588 1592 2624 legit
1606 2588 1716 2622 illaque
1730 2589 1768 2622 (n.
1784 2587 1834 2622 ·r.).

1312 2634 1328 2660 3
1343 2634 1444 2661 Vocem
1454 2633 1578 2661 minime
1594 2636 1668 2659 certe
1683 2632 1866 2659 necessariam
1880 2638 1930 2659 nos
1944 2629 2020 2658 addi-
