2293 3231
291 281 340 309 An.
357 280 387 308 c.
403 279 474 308 1612
519 269 562 306 80

800 330 814 369 ,ξ’
839 328 914 361 xlll.

601 409 647 442 De
666 408 834 452 sportulis,
857 416 909 439 seu
933 406 1084 450 propines
1100 406 1117 438 '.

543 489 566 521 l.
585 488 695 522 Nullus
712 486 850 519 iudicum
873 485 1123 523 ‹‚›i·‹lina1·ior1un,
1143 485 1234 519 Urbis

491 547 517 575 ct
543 543 701 575 Romanae
720 540 848 579 Curiae,
874 539 1100 583 cuiuscumque
1131 538 1234 582 digni-

491 595 579 631 tatis,
600 594 694 627 etiam
712 592 837 637 speciali
851 593 924 626 uota
942 591 1066 635 dignus,
1084 592 1114 624 in
1132 593 1234 625 causis

491 647 634 680 civilibus
664 646 850 686 ordinariis,
872 645 992 679 ratione
1020 646 1233 689 sportularum

491 702 555 734 sire
573 701 791 745 propinarum,
810 699 927 744 aliquid
944 710 1076 743 prorsus
1092 699 1234 743 accipiat,

491 755 583 787 otiam
602 766 618 786 a
639 759 749 797 sponte
765 753 841 786 darc
860 753 1044 786 volentibus.

535 807 564 840 17..
593 808 624 840 ln
649 806 874 840 commissariis
894 811 999 839 autem
1024 805 1144 849 pariter
1160 806 1234 839 eivi-

492 861 584 901 libus,
596 861 648 893 ubi
666 860 704 893 de
720 862 844 893 summa
859 865 1020 893 scutorum
1037 859 1236 904 vigintiquin-

491 924 551 958 que
564 913 668 957 agitur
682 919 709 946 ct
728 913 818 954 infra,
829 913 906 945 nihil
920 923 1066 957 prorsus,
1085 924 1101 945 a
1114 912 1237 956 viginti-

491 967 630 1011 quinque
646 977 740 1011 supra
757 977 855 1010 usque
871 966 909 999 ad
927 972 1052 999 eentum
1074 966 1235 1008 inclusive,

492 1025 579 1053 scuta
601 1020 677 1060 tria;
694 1030 710 1052 a
727 1025 854 1053 centum
878 1030 977 1064 usque
993 1019 1030 1052 ad
1048 1019 1235 1062 ducentum,

492 1079 578 1107 scuta
600 1084 670 1114 sex,
694 1085 711 1106 a
734 1073 905 1107 ducentum
934 1083 1033 1118 usque
1059 1073 1097 1106 ad
1125 1084 1236 1117 quam-

492 1138 628 1172 cumque
652 1137 828 1168 summam,
854 1132 940 1160 scuta
967 1127 1093 1168 decem,
1115 1132 1143 1160 ct
1173 1137 1235 1160 non

492 1181 584 1214 ultra.

536 1234 566 1269 3.
585 1235 645 1269 Pro
671 1245 870 1279 quacumque
891 1235 1043 1268 sententia
1067 1234 1237 1268 declarato-

495 1291 540 1323 ria
559 1290 598 1324 ob
615 1300 677 1324 non
696 1290 882 1334 paritionem
900 1289 1061 1323 monitor-ii
1078 1289 1108 1322 in
1126 1295 1236 1323 contu-

494 1346 645 1386 maciam,
667 1355 730 1379 non
752 1344 834 1378 ultra
854 1343 946 1378 iulios
963 1349 1082 1388 septem
1099 1355 1171 1377 cum
1189 1344 1235 1377 di-

494 1399 600 1433 midio.

538 1454 567 1487 4.
580 1453 640 1487 Pro
649 1453 856 1486 declaratoria
870 1453 901 1486 in
915 1453 977 1485 vim
987 1453 1174 1493 litterarum,
1184 1458 1234 1485 aut

494 1507 569 1540 alias
592 1507 729 1540 habente
750 1506 812 1539 vim
837 1505 1018 1539 diffinitivae
1034 1504 1054 1546 ²,
1071 1506 1095 1538 si
1113 1516 1236 1539 summa

494 1562 531 1594 sit
547 1566 642 1601 certa,
652 1560 805 1604 accipiant
820 1560 904 1592 iuxta
917 1565 1020 1592 taxant
1034 1559 1236 1603 praedictam,

495 1615 605 1648 sivero
619 1615 748 1654 incerta,
762 1613 815 1647 sed
829 1619 940 1656 agaun-
953 1612 990 1645 ad
1005 1613 1144 1657 ipsarum
1159 1613 1238 1646 litte-

494 1679 602 1702 rarmu
619 1667 873 1711 exequutionem,
890 1667 1043 1711 accipiant
1063 1667 1147 1699 iuxta
1164 1677 1237 1700 cau-

495 1733 545 1755 sae
562 1727 591 1756 et
609 1732 762 1767 personae
777 1721 971 1765 qualitatem,
985 1720 1158 1755 dummodo
1175 1731 1237 1755 non

494 1776 577 1809 ultra
593 1776 731 1819 quinque
745 1785 867 1808 aureos.

539 1829 568 1863 5.
593 1829 654 1863 Pro
677 1839 877 1873 quacumque
898 1828 1152 1869 interlocutoria,
1175 1828 1238 1862 sive

495 1885 632 1925 decreto,
651 1888 722 1916 ante
739 1883 924 1916 sententiam
940 1881 1147 1923 diffinitivam,
1160 1881 1237 1915 nihil

494 1937 633 1972 omnino.

538 1992 568 2025 6.
592 1991 743 2025 Similiter
767 1996 796 2024 et
815 2000 874 2035 pro
898 1990 1025 2024 decreto
1046 1989 1182 2023 mandati
1200 1991 1238 2024 de

495 2044 738 2085 manutenendo,
759 2043 833 2077 item
849 2043 976 2077 decreto
994 2042 1236 2084 moderationis,

497 2098 709 2138 inhibitionis,
735 2103 763 2130 ct
788 2097 886 2130 multo
910 2096 1010 2139 magis
1031 2107 1090 2140 pro
1110 2096 1237 2130 decreto

496 2153 661 2186 taxationis
678 2161 899 2196 expensarum,
917 2150 995 2184 nibil
1014 2150 1143 2184 omnino
1161 2151 1238 2184 reci-

496 2207 608 2250 piatur.

541 2261 568 2294 7.
594 2260 654 2293 Pro
675 2259 802 2293 decreto
823 2270 917 2304 super
939 2258 1154 2293 contractibus
1177 2259 1237 2291 mi-

496 2325 622 2355 norum,
643 2313 823 2354 mulierum,
840 2318 891 2346 aut
910 2323 1017 2346 rerum
1034 2313 1191 2346 Ecclesiae
1208 2318 1238 2345 et

496 2368 619 2412 piorum
644 2367 788 2401 locorum
812 2367 843 2400 in
872 2366 967 2400 domo
992 2366 1131 2411 ipsorum
1157 2366 1237 2398 iudi-

497 2432 568 2454 cum
595 2420 834 2466 interponendo,
852 2430 914 2454 non
938 2421 1019 2453 ultra
1036 2420 1129 2453 iulios
1149 2419 1238 2464 quin-

497 2485 575 2518 que,
592 2480 678 2509 extra
699 2475 828 2509 domum
845 2485 936 2516 vero,
954 2484 1016 2508 non
1039 2473 1121 2508 ultra
1147 2474 1238 2507 iulios

497 2528 616 2562 decem.

537 2610 544 2635 t
569 2607 607 2635 Ad
628 2607 695 2636 baec
711 2608 770 2636 vide
785 2608 867 2636 etiam
883 2608 929 2636 cit.
945 2609 1035 2636 Const.
1054 2614 1116 2635 Lxx!
1135 2607 1172 2635 Pii
1192 2608 1238 2642 lV,

498 2655 510 2687 ξ
526 2653 584 2684 3-8,
601 2656 662 2680 tom.
684 2660 730 2686 vu,
752 2660 811 2688 pag.
828 2653 881 2679 215
899 2657 936 2685 (n.
953 2661 979 2680 τ.
996 2660 1027 2679 ex
1043 2651 1183 2685 Cherub).

534 2696 550 2723 ⁰3
570 2696 640 2724 Edit.
667 2696 746 2724 Main.
767 2696 830 2732 legit
849 2697 1008 2732 diffinitive
1027 2697 1065 2732 (a.
1082 2696 1130 2731 τ.),

1071 278 1249 305 BELLARIUM
1271 277 1425 302 nonnus!

1311 324 1340 358 8.
1358 325 1441 365 Quae
1459 324 1584 358 decreta
1600 325 1724 359 nonnisi
1748 336 1764 358 a
1787 326 2012 368 gubernatore,

1267 378 1410 412 auditore
1435 388 1596 419 camerae,
1621 378 1759 418 vicario,
1789 383 1817 411 et
1845 383 2012 417 senatore,

1267 442 1443 476 eorumque.
1469 431 1647 472 iudicibus,
1673 442 1707 464 ac
1733 431 1835 465 iudice
1859 431 1954 474 Burgi
1981 430 2011 464 in

1268 484 1384 528 Bai-go,
1405 490 1432 518 et
1460 484 1612 518 advocato
1638 494 1813 529 pauperum
1840 484 2011 525 dumtaxat,

1268 544 1294 572 ct
1314 549 1331 571 a
1347 539 1434 572 nullo
1451 539 1525 577 alio,
1548 538 1802 582 interponantur:
1821 543 1849 571 et
1866 548 1882 570 a
1900 548 2012 582 paupe-

1269 592 1356 625 ribus
1372 592 1450 625 nibil
1468 592 1629 635 recipiant.

1313 646 1342 679 9.
1369 645 1545 678 Facultates
1573 651 1677 678 autem
1710 644 1929 688 interponendi
1958 643 2011 677 de-

1269 704 1364 739 creta,
1380 698 1544 742 quibusvis
1563 698 1632 731 aliis
1647 698 1791 742 personis
1811 703 1840 731 et
1857 695 2012 730 iudicibus

1270 752 1301 784 in
1318 751 1400 785 Urbe
1418 752 1569 784 haetenus
1584 761 1768 792 concessae,
1784 761 1842 795 pro
1867 750 1962 784 cassis
1983 755 2011 783 et

1269 805 1437 837 annullatis
1454 804 1564 837 haberi
1583 805 1738 845 volumus,
1755 809 1848 849 prout
1865 803 1934 836 illas
1949 813 2014 837 om-

1270 858 1344 891 nino
1365 868 1524 891 cassamus
1540 863 1567 891 et
1585 858 1794 891 annullamus.

1314 911 1365 945 to.
1383 911 1568 955 Capitancus
1584 916 1688 944 autem
1703 909 1948 955 appellationum
1961 920 2013 943 cu-

1271 965 1335 998 riae
1357 965 1499 1009 Capitolii
1524 965 1653 1009 recipiat
1677 965 1835 1009 sportulas
1859 964 1944 998 iuxta
1966 969 2012 997 ta-

1271 1029 1342 1051 xam
1362 1018 1390 1051 ci
1410 1018 1611 1052 constitutam
1629 1018 1667 1051 ab
1688 1018 1780 1053 Urbis
1796 1018 1932 1058 statutis,
1949 1028 2012 1052 non

1270 1078 1374 1106 tamen
1393 1072 1423 1105 in
1439 1073 1565 1106 casibus
1579 1073 1637 1106 sibi
1654 1073 1711 1106 hac
1729 1072 1951 1107 constitutione
1969 1072 2013 1106 in·

1270 1127 1419 1160 terdictis.

1315 1181 1328 1214 'l
1342 1181 1365 1214 l.
1384 1182 1418 1213 At
1437 1180 1612 1224 praedictas
1633 1182 1808 1225 sportulas,
1825 1180 1889 1213 sire
1908 1180 2013 1224 propi-

1270 1244 1335 1275 nas,
1353 1241 1382 1268 ut
1402 1246 1496 1279 supra
1513 1241 1631 1268 taxatas
1647 1235 1812 1276 iudicibus,
1829 1234 1954 1268 nonnisi
1973 1234 2013 1268 de

1271 1289 1416 1321 manibus
1432 1289 1545 1322 notarii
1563 1299 1691 1329 causac,
1709 1294 1736 1322 et
1755 1289 1906 1322 sententia
1924 1289 2013 1333 prius

1270 1344 1308 1376 ab
1337 1343 1412 1386 ipsis
1440 1342 1638 1387 subscripta,
1663 1344 1805 1387 accipere
1830 1343 1894 1376 ullo
1917 1343 2012 1378 modo

1270 1398 1369 1431 liceat.

1314 1451 1365 1484 «1⁹2.
1376 1450 1576 1495 Debeantquc
1589 1456 1756 1495 propterca
1769 1451 1882 1484 notarii
1895 1451 2012 1485 librum

1270 1505 1403 1545 babere,
1424 1504 1455 1537 in
1479 1515 1541 1548 quo
1562 1504 1661 1537 dictas
1682 1505 1841 1548 sportulas
1863 1515 1918 1538 seu
1941 1515 2013 1550 pro-

1271 1558 1358 1602 pinas
1375 1563 1492 1598 notent,
1510 1569 1581 1591 cum
1599 1569 1657 1601 pro
1674 1557 1830 1591 iudicibus
1849 1558 2013 1602 deponun-

1271 1617 1341 1653 tur,
1359 1612 1430 1652 ubi,
1448 1622 1519 1645 cum
1544 1617 1651 1655 postea
1669 1612 1728 1644 lata
1746 1612 1901 1645 sententia
1918 1613 2011 1648 iudici

1272 1667 1505 1710 persolvuntur,
1520 1666 1584 1709 ipse
1599 1666 1689 1698 iudex
1703 1675 1796 1699 manu
1814 1667 1944 1711 propria
1959 1678 2015 1701 no-

1273 1724 1336 1753 tato
1349 1719 1492 1764 deposito
1505 1719 1678 1752 subscribat
1697 1730 1729 1753 se.
1743 1719 1827 1752 illam
1846 1720 2012 1765 recepisse.

1271 1773 1356 1814 Quae
1379 1773 1441 1814 sie,
1464 1779 1497 1806 ut
1518 1784 1630 1817 supra,
1654 1773 1748 1807 iudici
1774 1773 1845 1807 data
1865 1774 2013 1819 deinceps

1272 1828 1352 1861 inter
1365 1838 1518 1871 expensas
1533 1827 1596 1860 litis
1613 1827 1761 1861 taxandas
1777 1838 1813 1861 ac
1829 1827 2014 1862 reficiendas

1272 1882 1401 1916 omnino
1418 1887 1570 1926 ponatur,
1588 1886 1618 1914 et
1638 1881 1749 1915 victori
1767 1882 1936 1924 reficiatur,
1955 1893 2012 1916 usu

1271 1946 1473 1981 quocumque
1488 1934 1648 1969 contrario
1665 1945 1728 1968 non
1744 1934 1896 1969 obstante.

1485 2078 1530 2112 De
1553 2078 1796 2111 commissoriis.

1317 2150 1345 2183 l.
1369 2149 1565 2194 Quicumque
1589 2149 1795 2182 commissarii
1819 2154 1847 2182 et
1870 2149 2014 2183 subcom-

1271 2203 1417 2243 missarii,
1435 2208 1496 2236 tam
1527 2202 1565 2235 ad
1594 2202 1773 2236 instantiam
1802 2202 1868 2236 fisci
1897 2203 2012 2244 nostri,

1270 2267 1364 2301 quam
1383 2257 1476 2290 etiam
1501 2256 1739 2300 particularium
1756 2265 1978 2300 personarum,
1995 2266 2012 2288 a

1272 2310 1378 2346 nobis,
1404 2315 1457 2343 aut
1474 2320 1490 2342 a
1507 2309 1744 2343 successoribus
1765 2308 1881 2342 nostris
1898 2309 2012 2343 Roma-

1271 2364 1319 2396 nis
1341 2363 1562 2404 Pontificibus,
1588 2363 1635 2396 vel
1659 2363 1759 2395 almae
1777 2361 1870 2396 Urbis
1886 2366 2013 2395 nostrae.

1271 2417 1483 2460 gubernatore
1500 2444 1507 2457 ,
1535 2426 1678 2449 camerae
1709 2414 1900 2459 apostolicae
1927 2414 2014 2448 audi-

1272 2476 1350 2511 tore,
1367 2470 1494 2510 vicario,
1511 2475 1665 2509 senatore,
1682 2473 1710 2501 et
1724 2467 1793 2501 aliis
1810 2468 2014 2512 quibuscum-

1272 2535 1333 2569 que
1351 2524 1517 2564 iudicibus‚
1533 2521 1702 2556 ordinariis
1718 2532 1772 2555 seu
1793 2521 1955 2565 delegatis,
1973 2522 2011 2556 ad

1272 2578 1394 2611 diversa
1418 2578 1487 2610 loca
1506 2575 1611 2610 missis
1626 2575 1664 2608 ad
1681 2575 1850 2608 sumendas
1867 2575 2012 2609 informa-

1272 2633 1389 2672 tiones,
1407 2629 1588 2664 sormandos
1603 2639 1769 2673 processus
1785 2634 1815 2662 et
1830 2629 1891 2662 alia
1907 2638 2012 2662 neces-

1272 2685 1352 2719 saria
1375 2683 1528 2729 gerenda,
1555 2692 1676 2717 necnon
1701 2693 1811 2716 omnes
1835 2688 1862 2716 et
1896 2681 2010 2726 singuli

2027 276 2075 303 An.
2093 275 2121 303 c.
2142 277 2207 305 ¹6¹2
2236 266 2239 274 ¹
