2293 3231
81 283 130 312 Αιι.
147 282 176 311 C.
197 281 265 311 1612

904 281 1022 306 murus
1047 281 1066 304 V
1090 282 1137 306 PP.

281 332 316 363 ut
346 329 470 362 matura
500 328 725 362 deliberatione
757 334 787 361 et
818 329 1019 372 prudentium
1035 342 1038 371 1
1055 341 1179 373 simper
1196 339 1311 362 nomen
1328 328 1694 372 referendarii,alioquin
1712 330 1790 361 refe-

281 383 422 422 consitio,
455 386 548 426 prout
583 383 628 416 rei
664 383 799 425 gravitas
835 383 1019 426 postulabat,
1056 383 1191 415 rrudarii
1209 383 1263 426 ipsi
1279 382 1790 425 commissionemuonexpediant.

281 435 525 478 transigeretur,
550 446 659 469 omncs
687 447 766 480 pene
795 437 894 468 alume
931 436 1021 469 Urbis

280 492 405 521 nostrae
433 488 610 532 praedictae
642 489 853 531 magistratus,
881 489 1020 531 aliosque

281 541 364 575 viros
388 542 532 575 doctrina
562 548 591 575 et
618 554 674 575 usu
700 546 903 585 praestantes,
928 542 1020 575 simul

282 595 459 635 convenire,
472 606 509 628 ac
525 605 592 628 rem
607 606 663 639 per
676 606 730 628 eos
742 595 796 627 diu
814 596 1020 638 multumque,

281 650 399 682 vocatis
422 648 515 682 etiam
539 648 577 681 iis
601 658 736 692 quorum
760 648 910 681 interesse
934 652 1022 692 pote-

281 706 340 742 rat,
364 701 537 735 examinari
561 701 700 734 fecimus.
719 702 807 740 Quod
831 712 903 734 cum
926 701 1022 744 longo

281 758 442 799 tempore,
468 754 630 798 multoque
654 753 757 786 studio
780 758 810 786 ct
834 754 951 794 labore,
976 754 1023 786 di-

282 808 426 851 ligenter,
450 808 646 851 fideliterque
670 807 868 851 perfecerint,
894 817 960 847 nos,
985 807 1023 840 de

282 862 466 897 eorumdem
492 861 623 896 consilio
637 889 644 902 ‚
669 871 779 895 omnes
803 864 832 894 ct
855 872 1023 904 quascum-

281 927 344 959 que
367 916 443 949 alias
466 914 746 960 praedecessorum
763 920 945 948 nostrorum
962 915 1023 947 Ro-

282 979 450 1002 manorum
467 968 653 1003 Pontificum
674 968 910 1001 constitutiones
930 979 1024 1011 super

282 1023 506 1056 reformatione
540 1022 746 1055 tribunalium
781 1021 871 1054 Urbis
900 1025 1024 1054 nostrae

282 1068 479 1120 praedictae,
495 1075 527 1108 in
551 1075 588 1108 iis
610 1085 689 1119 quae
714 1075 931 1119 praesentibus
956 1085 1025 1107 nos-

283 1129 339 1164 tris
364 1129 584 1169 adversantur,
609 1129 796 1171 abrogantes
821 1132 851 1162 et
874 1139 1024 1161 revocan-

282 1186 339 1222 tes,
363 1182 395 1215 in
418 1182 486 1216 aliis
511 1193 585 1215 vero
610 1182 765 1222 omnibus,
783 1181 968 1225 praesertim
994 1181 1025 1213 in

283 1235 321 1268 iis
334 1247 414 1280 quae
427 1236 458 1269 in
470 1236 640 1280 praedictis
653 1235 926 1270 constitutionibus
937 1246 1025 1268 cons-

282 1288 374 1324 tituta
398 1293 429 1323 et
451 1289 594 1323 ordinata
625 1294 717 1327 sunt,
743 1289 965 1322 confirmantes
995 1293 1025 1321 et

283 1341 476 1382 innovantes,
492 1342 550 1376 hac
574 1344 683 1375 nostra
707 1342 738 1374 in
763 1346 949 1386 perpetuum
975 1352 1025 1373 va-

283 1394 378 1428 litura
401 1395 626 1429 Constitutione
650 1395 829 1435 sancimus,
859 1395 1024 1428 statuimus

283 1452 316 1482 et
338 1448 532 1489 ordinamus,
557 1453 590 1481 ut
614 1449 768 1492 sequitur:

624 1520 639 1563 g
663 1519 684 1551 I.

325 1591 372 1624 De
393 1591 570 1634 signaturd
593 1591 722 1633 qratiae
745 1596 774 1622 et
798 1590 946 1623 iustiliae
962 1589 980 1622 ¹.

331 1661 360 1694 t.
386 1661 420 1694 ln
443 1660 576 1705 primis,
602 1661 688 1704 quod
717 1661 821 1693 nullus
846 1660 1025 1693 referenda-

286 1715 408 1748 riorum
436 1715 690 1749 commissionem
720 1715 885 1759 expediat,
911 1715 942 1747 in
965 1726 1025 1758 qua

285 1777 350 1801 non
373 1768 453 1802 adsit
479 1778 497 1801 a
521 1771 610 1811 tergo
642 1779 758 1801 nomen
790 1767 1025 1812 procuratoris,

287 1832 343 1855 seu
365 1821 571 1866 impetrantis,
588 1821 654 1855 noti
671 1822 780 1854 saltem
805 1821 863 1865 ipsi
889 1821 1027 1853 referen—

287 1875 386 1917 dario,
407 1876 497 1909 cuius
519 1876 616 1909 solius
639 1876 746 1910 citatio
770 1875 902 1908 sufficiat
927 1876 958 1907 in
982 1885 1029 1907 re-

287 1929 475 1963 formatione
499 1930 607 1974 ipsius.

332 1983 361 2016 2.
387 1983 503 2016 Verum
528 1983 587 2026 ipsi
611 1987 844 2026 procuratores,
861 1993 915 2015 seu
933 1982 1030 2025 impe-

288 2040 416 2076 trantes,
441 2047 532 2069 suum
556 2046 706 2069 nomena
728 2040 815 2078 tergo
839 2046 933 2068 manu
958 2046 1031 2079 pro-

289 2089 359 2133 pria
383 2089 565 2129 inscribant,
583 2094 622 2129 et,
640 2089 678 2122 de
698 2089 861 2122 mendacio
886 2089 1029 2125 convicti,

289 2142 375 2176 iuxta
399 2142 476 2175 iuris
499 2142 736 2186 dispositionem
762 2143 941 2186 puniantun

333 2195 363 2229 3.
389 2195 447 2228 Ubi
478 2206 553 2228 vero
582 2196 612 2228 iu
638 2195 912 2228 commissionibus
937 2205 1031 2238 expe-

289 2249 411 2282 diendis
435 2248 610 2292 requiritur
634 2249 740 2282 citatio
764 2249 871 2292 partis,
896 2259 959 2282 una
975 2249 1032 2281 sal-

290 2307 353 2338 tem
377 2303 483 2336 citatio
507 2304 570 2335 una
593 2302 643 2335 dic
676 2313 734 2345 pro
758 2303 856 2334 altera
881 2302 949 2335 fieri
977 2302 1031 2334 de—

290 2356 363 2390 beat
378 2357 598 2401 personaliter,
613 2359 665 2389 aut
685 2355 773 2400 factis
789 2355 959 2397 diligentiis
976 2366 1032 2399 per

291 2409 370 2444 duos
383 2421 528 2445 cursores
541 2411 586 2453 (ut
601 2409 697 2442 moris
714 2413 772 2451 est)
786 2408 914 2441 dimissa
930 2408 1030 2451 copia.

338 2463 367 2496 4.
384 2464 485 2507 Atque
502 2463 533 2496 in
551 2463 628 2507 ipsis
643 2462 841 2496 citationibus
858 2465 1033 2505 apponatur

329 2554 340 2579 1
364 2553 404 2579 Ad
424 2552 491 2580 haec
511 2552 571 2579 vide
590 2551 814 2579 Constitutionem
843 2556 912 2576 Lxxtt
942 2549 981 2576 Pii
1004 2550 1032 2575 tv

292 2596 322 2624 in
341 2598 405 2624 tom.
424 2605 472 2630 vu,
492 2605 553 2632 pag.
570 2596 632 2628 225,
650 2597 705 2630 55,
725 2596 751 2628 6,
773 2595 798 2628 7,
822 2595 868 2627 103
886 2598 913 2620 et
930 2593 994 2620 Sixti
1015 2593 1033 2619 V

293 2641 518 2669 Constitutionem
533 2647 612 2673 cxvn,
630 2648 722 2675 congr,
739 2640 765 2673 2,
786 2639 812 2666 in
828 2642 892 2665 tomi
907 2644 962 2672 vui,
985 2646 1034 2673 pa-

294 2685 357 2722 gina
376 2685 429 2713 988
446 2688 485 2722 (n.
502 2692 527 2713 τ.
544 2694 576 2713 ex
591 2684 777 2720 Cherubinio).

1099 437 1127 468 ἴ).
1162 437 1312 468 Similiter
1348 437 1452 468 nullus
1488 435 1791 474 1·thamdan-iorum,

1055 492 1231 534 propositas
1249 496 1278 523 rt
1293 491 1421 524 reiectas
1436 491 1464 523 iu
1480 491 1640 531 signatura
1660 490 1793 522 iustitiae

1055 544 1302 581 commissiones,
1318 545 1348 576 in
1366 544 1525 586 signatura
1544 543 1662 585 gratiae
1686 554 1791 574 coram

1055 597 1145 629 nobis
1170 608 1347 640 proponere
1372 597 1502 635 audeat,
1529 596 1587 628 nisi
1612 607 1669 639 per
1693 596 1795 638 signa-

1056 653 1157 683 turam
1194 650 1326 683 iustitiae
1358 650 1395 682 ad
1428 650 1569 682 eamdem
1599 649 1793 691 signaturam

1056 703 1174 745 gratiae
1200 703 1347 736 remissae
1373 704 1497 743 fuerint,
1516 704 1562 736 vel
1588 703 1645 735 nisi
1672 702 1740 736 talis
1757 702 1794 735 sit

1057 756 1196 794 materia,
1214 767 1293 799 quae
1310 756 1470 789 scientiam
1489 760 1627 789 nostram
1645 755 1794 798 requirat,

1057 814 1086 842 et
1104 813 1176 843 tunc
1199 810 1379 853 praehabita
1399 820 1524 853 semper
1546 809 1669 842 licentia
1687 810 1795 842 nostra

1057 868 1085 895 et
1119 874 1335 896 successorum
1368 867 1548 896 nostrorum
1581 863 1794 895 Rou‘ianorum

1058 915 1254 953 Pontificum,
1281 916 1327 947 rel
1354 916 1461 948 saltem
1488 915 1654 947 cardinalis
1678 916 1796 958 praefe-

1058 969 1097 1002 cti
1122 980 1180 1012 pro
1206 972 1346 1012 tempore
1375 969 1552 1010 signatur-ac
1583 969 1721 1009 gratiae,
1743 967 1794 1011 qui

1057 1027 1145 1066 parte
1170 1022 1273 1056 audita
1299 1022 1473 1054 drdibcrare
1498 1021 1611 1065 poterit
1641 1032 1678 1053 au
1704 1031 1796 1054 causa

1058 1075 1264 1119 proponenda
1289 1075 1335 1109 sit.

1102 1129 1131 1163 6.
1157 1130 1219 1162 *Nec
1257 1129 1286 1160 in
1323 1129 1459 1172 antiquis
1494 1132 1523 1162 ct
1557 1128 1664 1161 arduis
1700 1132 1795 1161 mate-

1058 1182 1122 1222 riis,
1141 1182 1172 1214 in
1196 1183 1310 1226 quibus
1334 1183 1441 1225 plures
1458 1181 1529 1214 hinc
1548 1182 1619 1214 iude
1636 1181 1796 1225 expeditae

1058 1236 1170 1270 fuerint
1196 1231 1443 1276 eoniniissioms,
1466 1240 1495 1269 et
1519 1236 1549 1268 in
1573 1235 1757 1268 avocatoriis
1781 1246 1799 1267 a

1058 1290 1218 1333 prioribus
1243 1290 1407 1329 iudicibus,
1425 1293 1453 1322 et
1470 1289 1580 1332 quovis
1602 1288 1694 1321 modo
1712 1298 1799 1331 prae-

1058 1343 1276 1383 iudicialibus,
1305 1342 1510 1375 referendarii
1546 1352 1672 1374 manum
1701 1352 1794 1385 appo-

1058 1401 1152 1435 nant,
1178 1397 1236 1429 nisi
1267 1396 1355 1440 prius
1387 1397 1479 1430 citata
1505 1406 1612 1429 coram
1637 1395 1681 1427 eis
1712 1398 1799 1438 parte

1066 1451 1216 1484 interesse
1240 1450 1382 1483 habente.

1110 1505 1138 1538 7.
1164 1505 1201 1537 Et
1225 1514 1296 1536 cum
1321 1503 1423 1545 agitur
1447 1503 1485 1535 de
1518 1501 1717 1535 revocatione
1749 1504 1801 1534 aut

1063 1556 1278 1589 moderatione
1302 1555 1435 1588 alicuius
1460 1555 1690 1598 przwinsertac,
1715 1553 1802 1585 simi-

1062 1609 1132 1642 liter
1157 1620 1286 1641 manum
1312 1619 1373 1641 non
1399 1612 1568 1651 apponant,
1588 1607 1644 1639 nisi
1664 1607 1694 1639 iu
1711 1616 1802 1650 prae-

1061 1662 1179 1695 inserta
1197 1662 1375 1705 appositum
1394 1661 1428 1693 sit
1449 1671 1563 1693 nomen
1581 1658 1801 1698 referendarii,

1061 1715 1114 1759 qui
1148 1715 1192 1748 illi
1228 1725 1357 1747 manum
1390 1714 1556 1758 apposuit,
1582 1717 1614 1746 ut
1648 1713 1802 1746 rationem

1061 1769 1193 1802 reddere
1219 1774 1245 1801 et
1272 1779 1340 1801 eam
1367 1768 1535 1800 iustificare
1560 1767 1666 1810 possit.

1105 1822 1133 1855 8.
1159 1824 1222 1856 Nec
1241 1822 1332 1855 ctiam
1350 1821 1532 1854 reformatio
1547 1820 1610 1852 sive
1628 1819 1802 1852 moderatio

1062 1876 1202 1909 eiusdem
1237 1875 1449 1918 praeinscrtae
1475 1885 1490 1906 a
1516 1874 1675 1917 praefecto
1700 1873 1803 1915 signa-

1062 1934 1150 1964 turae
1175 1928 1309 1962 iustitiae
1335 1928 1414 1971 (nisi
1448 1938 1562 1960 nomeu
1588 1926 1803 1962 referendarii,

1063 1989 1095 2016 ut
1120 1982 1341 2027 praemittitur,
1359 1982 1391 2013 iu
1411 1981 1476 2024 ipsa
1495 1980 1689 2024 praeinserta
1707 1990 1805 2023 appo-

1064 2037 1156 2070 situm
1183 2036 1297 2078 suerit)
1323 2035 1429 2077 aliquo
1446 2034 1539 2066 modo
1564 2033 1714 2075 signetur.

1108 2091 1136 2123 9.
1163 2090 1195 2121 In
1214 2088 1487 2122 commissiouilms
1504 2086 1749 2130 appellationum
1767 2085 1804 2117 ab

1065 2142 1312 2175 interlocutoriis
1336 2152 1447 2173 manus
1463 2150 1526 2172 nou
1543 2144 1729 2183 apponatur,
1747 2138 1805 2170 nisi

1065 2206 1213 2239 expresso
1244 2193 1395 2227 relcranti
1425 2192 1624 2235 gravantium
1650 2201 1749 2233 neque
1774 2191 1805 2222 in

1065 2248 1339 2282 counaissionitms
1356 2247 1601 2290 appellationum
1616 2256 1632 2277 a
1646 2244 1805 2277 definitiva

1066 2314 1136 2336 eum
1154 2302 1304 2340 clausula,
1322 2305 1373 2334 aut
1391 2301 1451 2332 vim
1469 2299 1645 2331 definitivae
1663 2297 1805 2333 habente,

1066 2356 1124 2389 nisi
1151 2366 1201 2388 res
1226 2355 1302 2387 adeo
1328 2354 1532 2397 exprimatur.
1551 2358 1581 2384 ut
1607 2351 1706 2383 videat
1724 2351 1805 2382 refe-

1066 2409 1241 2444 rendarius,
1259 2418 1297 2440 an
1323 2408 1381 2440 tale
1399 2407 1435 2440 sit
1453 2404 1732 2447 g1·ara1m=n,quod
1749 2414 1805 2447 per

1067 2461 1258 2494 definitivam
1281 2459 1420 2503 reparari
1441 2469 1502 2491 uon
1527 2457 1640 2501 possit:
1659 2462 1698 2492 ct,
1723 2457 1748 2489 si
1773 2457 1805 2488 in

1067 2514 1288 2547 commissione
1302 2512 1443 2556 apposita
1456 2511 1547 2544 fuerit
1564 2511 1713 2551 clausula,
1726 2511 1807 2545 Cum

1070 2573 1131 2601 tolo
1162 2568 1290 2610 neqocz‘o
1321 2566 1525 2609 principali,
1556 2570 1628 2598 tune
1654 2565 1805 2603 addatur,

1067 2620 1242 2662 iustificam
1279 2623 1384 2652 lamen
1421 2619 1505 2651 dicto
1536 2619 1738 2661 qravctme'ne.
1770 2617 1807 2649 Et

1068 2674 1151 2707 idem
1178 2678 1329 2708 servetur,
1347 2672 1472 2715 quando
1492 2677 1538 2705 est
1558 2671 1699 2715 apposita
1724 2670 1806 2702 clau-
1826 2688 1829 2691 ·

1716 271 1757 303 59
1803 280 1852 306 An,
1869 280 1896 306 C.
1920 279 1987 307 1612
