2293 3231
59 280 108 308 An.
124 279 153 307 c.
171 279 240 307 1612
285 298 294 306 .
876 278 994 303 mutus
1019 278 1039 302 v
1063 279 1110 303 ιη’.
1662 267 1725 301 139
1772 277 1820 303 An.
1837 276 1865 304 c.
1887 277 1955 304 16¹2

298 325 349 359 89.
371 325 404 359 In
427 326 564 360 secundo
589 337 673 367 casu,
699 326 764 360 iulii
788 330 860 360 tres.
1024 327 1203 360 extensione
1235 326 1266 358 in
1293 325 1386 365 actis,
1406 325 1531 369 quando
1558 324 1649 358 iudex
1678 325 1761 359 iuxta

298 378 349 412 90.
360 378 390 412 Si
406 379 647 422 interrogatoria
660 379 810 413 excedant
823 390 989 413 numerum
1025 379 1102 412 illud
1126 379 1313 423 pronunciat
1337 379 1367 412 in
1391 378 1537 412 omnibus
1560 379 1709 419 articulis,
1731 378 1762 410 in

254 433 444 476 praefatum,
469 444 541 477 pars
565 444 645 477 quae
668 433 786 467 dederit
815 433 991 476 interroga·
1024 433 1138 477 quibus
1154 437 1260 467 votum
1275 433 1486 467 assettamenti
1503 443 1521 466 a
1537 433 1638 465 iudice
1656 442 1763 466 conce-

254 486 334 519 toria
359 487 530 527 excessiva,
555 487 653 521 solvat
677 486 939 525 excessivitatem;
965 486 990 519 si
1025 486 1118 526 ditur,
1136 487 1270 530 exceptis
1287 486 1454 519 definitivis
1471 491 1501 519 et
1517 496 1642 519 causam
1660 485 1763 518 termi-

253 549 327 572 vero
353 540 446 572 suerit
480 540 693 573 controversia
723 540 803 573 inter
833 540 991 574 notarium

253 596 283 626 et
304 597 443 637 partem,
468 605 540 638 pars
560 595 658 628 solvat
673 594 795 628 notario
813 593 991 627 mercedem

253 646 383 680 arbitrio
407 647 539 687 iudicis;

297 700 348 734 91.
366 701 402 733 Et
421 701 452 734 in
472 701 612 745 quolibet
627 712 699 735 casu
714 701 946 745 praedictorum
964 700 989 733 si

252 752 331 786 alius
345 754 486 787 notarius
499 755 634 787 examini
648 755 845 797 adiungatur,
856 759 990 787 tantum-

252 806 323 839 dem
341 808 480 841 solvatur
496 808 643 842 adiuncto
659 819 677 840 a
690 813 777 851 parte
796 808 883 840 illum
900 807 990 840 adhi-

252 859 365 901 bente,
391 861 444 894 sed
469 861 493 893 si
519 872 611 894 causa
635 865 716 894 essct
732 860 821 893 valde
837 860 941 903 gravis
961 864 991 894 et

252 915 409 958 perplexa,
429 916 476 948 vel
496 915 619 948 articuli
642 925 736 958 super
759 914 873 958 quihus
896 920 989 947 testes

252 968 469 1001 examinantur
485 973 588 1001 essent
606 968 689 1001 ultra
711 978 878 1000 numerum
902 978 991 1011 prae-

251 1020 380 1062 dictum,
400 1022 537 1055 solvatur
561 1032 618 1066 pro
641 1021 734 1054 modo
751 1021 877 1061 laboris,
894 1021 948 1054 sed
963 1021 989 1053 si

252 1085 346 1119 super
362 1075 508 1108 mercede
521 1080 601 1108 esset
615 1075 837 1115 controversia,
852 1075 990 1108 solvatur

251 1128 373 1162 notario
401 1139 420 1161 a
443 1133 531 1172 parte
563 1128 647 1172 quod
672 1128 765 1161 suerit
793 1127 986 1162 declaratum

251 1192 308 1226 per
331 1182 486 1216 iudicem:

1025 540 1169 573 nantibus
1180 567 1188 580 ‚
1206 540 1299 573 iulius
1315 551 1412 580 unus3

1069 592 1119 625 98.
1138 593 1171 625 In
1189 593 1355 626 definitivis
1370 597 1473 627 autem
1499 598 1529 626 et
1552 603 1677 626 causam
1703 597 1763 625 ter-

1025 647 1232 687 minantibus,
1249 647 1407 680 bononeni
1423 647 1611 691 quindecim.

1068 700 1119 733 99.
1153 701 1212 734 Pro
1244 701 1364 734 lectura
1395 701 1562 734 cuiuslibet
1591 700 1761 733 sententiae

1024 754 1217 794 definitivae,
1242 754 1305 787 sive
1331 765 1402 787 cum
1430 758 1501 788 voto
1524 755 1587 787 sive
1607 754 1673 787 sine
1690 759 1761 787 voto

1024 807 1223 840 dominorum
1259 807 1297 839 de
1337 811 1577 847 assettamento,
1605 807 1761 840 bononeni

1023 861 1212 905 quindecim.

1068 914 1142 948 400.
1167 915 1228 948 Pro
1252 915 1389 958 quolibet
1406 915 1521 958 partito
1538 915 1600 948 litis
1616 915 1761 955 decisivo,

1024 968 1088 1001 sive
1123 969 1155 1001 in
1186 968 1309 1013 scriptis
1340 969 1403 1001 sive
1439 968 1577 1009 verbali,
1606 968 1762 1001 bononeni

1023 1022 1094 1055 duo.

1068 1075 1141 1109 slot.
1167 1076 1227 1109 Pro
1251 1076 1427 1110 iuramento
1452 1076 1586 1120 desuper
1611 1076 1762 1117 faciendo,

1023 1131 1181 1164 bononeni
1205 1131 1278 1164 duo.

1068 1184 1141 1217 102.
1167 1185 1227 1218 Pro
1259 1185 1456 1229 susceptione
1480 1184 1605 1218 termini
1637 1184 1674 1217 ad
1706 1184 1764 1217 sol-

295 1235 346 1269 952.
375 1236 405 1269 Si
430 1242 518 1269 extra
545 1236 673 1270 domum
701 1237 747 1269 vel
771 1236 909 1269 officium
934 1246 989 1268 no·
1023 1238 1175 1279 vendum,
1200 1239 1357 1272 bononeni
1381 1239 1453 1272 duo.

252 1289 333 1330 tarii,
346 1290 428 1323 intra
440 1295 545 1323 tamen
559 1290 683 1323 moenia
696 1290 797 1330 Urbis,
811 1290 892 1322 ultra
909 1300 991 1322 sum-
1068 1291 1141 1325 103.
1167 1293 1227 1325 Pro
1252 1292 1379 1326 decreto
1404 1292 1628 1325 moderationis
1654 1291 1764 1324 inhibi-

251 1352 334 1375 mam
351 1343 496 1387 superius
511 1347 646 1375 taxatam
663 1343 773 1375 habeat
791 1353 850 1386 pro
866 1342 988 1381 viatico,
1024 1345 1116 1379 tionis
1151 1356 1222 1378 eum
1262 1346 1401 1379 clausula
1437 1346 1542 1390 siquis
1557 1373 1564 1385 ,
1605 1344 1761 1378 bononeni

251 1395 315 1429 sive
332 1407 412 1429 unus
438 1397 502 1430 sive
526 1397 633 1440 plures
650 1401 745 1429 testes
760 1396 988 1436 examinentur,
1005 1438 1007 1447 Ι
1024 1405 1095 1432 tres.

252 1448 362 1482 iulium
382 1460 489 1489 unum;
1005 1451 1007 1471 ¹
1070 1453 1140 1486 104.
1167 1454 1226 1486 Pro
1251 1453 1477 1493 moderatione,
1493 1463 1549 1485 seu
1572 1452 1698 1485 decreto
1722 1452 1761 1484 de

295 1502 346 1535 93.
367 1503 397 1536 Si
422 1507 508 1538 extra
533 1504 657 1536 moenia
681 1514 737 1547 per
753 1504 815 1537 duo
833 1503 988 1543 milliaria,
1023 1507 1204 1551 exequendo
1234 1507 1355 1541 ratione
1386 1517 1533 1540 recursus
1557 1506 1595 1538 ad
1619 1506 1762 1539 dominos

252 1555 363 1589 habeat
379 1567 437 1600 pro
456 1557 568 1591 viatico
592 1557 683 1590 iulios
707 1557 803 1597 duos,
824 1563 854 1590 et
873 1568 988 1601 equum
1022 1566 1269 1602 conservatores,
1287 1562 1336 1594 vel
1360 1561 1447 1601 alios,
1465 1560 1558 1593 etiam
1583 1571 1653 1593 cum
1678 1560 1761 1593 clau-

251 1609 288 1642 ad
313 1610 529 1653 equitandum,
555 1610 578 1642 si
606 1621 679 1643 vero
704 1611 785 1643 ultra
817 1611 899 1644 dicta
926 1611 989 1643 duo
1022 1615 1090 1648 sula
1117 1615 1185 1648 nisi
1216 1626 1276 1659 pro
1301 1625 1506 1659 quacumque
1529 1615 1676 1654 summai,
1705 1613 1762 1646 bo-

251 1662 406 1704 milliaria,
424 1663 536 1696 habeat
551 1675 609 1707 pro
625 1664 737 1697 viatico
753 1664 891 1707 (quando
909 1671 989 1697 esset
1022 1669 1136 1701 noneni
1161 1674 1232 1701 tres.

250 1715 407 1749 discordia
424 1717 505 1750 inter
521 1718 679 1750 notarium
701 1722 731 1750 et
750 1719 886 1761 partem)
905 1718 988 1761 quod
1067 1722 1139 1755 105.
1153 1722 1213 1755 Pro
1230 1722 1299 1754 aliis
1316 1732 1390 1755 vero
1408 1721 1675 1755 moderationibus
1689 1731 1761 1754 cum

251 1770 345 1803 fuerit
359 1775 497 1804 taxatum
514 1782 570 1815 per
590 1771 742 1812 iudicem,
764 1782 799 1804 ac
821 1782 988 1815 exspensas
1023 1777 1207 1809 remissione
1232 1786 1353 1816 causae,
1374 1775 1530 1809 bononeni
1549 1774 1738 1819 quindecim.

1004 1536 1007 1548 l

252 1823 368 1864 victus,
386 1828 416 1856 et
431 1830 574 1857 vecturas
590 1835 648 1868 pro
665 1824 806 1869 quolibet
821 1825 880 1857 die.
1066 1830 1139 1863 1106.
1166 1831 1225 1863 Pro
1253 1830 1399 1869 bussula‚
1424 1834 1454 1862 et
1477 1828 1667 1862 extractione
1691 1838 1762 1861 con-

294 1876 345 1910 94.
363 1877 423 1910 Pro
440 1877 650 1922 publicatione
669 1878 796 1912 testium
812 1883 841 1911 et
860 1889 987 1930 proces·
1021 1884 1164 1924 sultoris,
1184 1883 1342 1916 bononeni
1368 1887 1486 1927 septem
1506 1893 1577 1915 cum
1595 1882 1734 1915 dimidio.

251 1941 304 1964 sus
320 1931 416 1975 petita
432 1937 462 1964 et
478 1932 614 1973 obtenta,
635 1933 769 1966 termino
789 1932 861 1965 dato
884 1933 922 1965 ad
941 1933 987 1965 di·
1065 1937 1138 1970 107.
1157 1938 1216 1970 Pro
1234 1937 1401 1970 traditione
1417 1936 1480 1969 voti
1499 1935 1681 1977 assessoris,
1707 1947 1760 1971 seu

252 1985 385 2018 cendum
412 1990 530 2026 contra,
555 1996 608 2018 seu
639 1986 868 2030 excipiendum,
894 1987 989 2020 bono·
1021 1991 1230 2027 consultoris,
1257 1996 1285 2023 et
1315 1990 1446 2030 viatico,
1476 1991 1506 2022 in
1542 1995 1642 2023 totum
1667 1990 1761 2024 iulius

251 2038 324 2071 neni
340 2038 411 2072 duo.
1021 2055 1111 2077 unus.

295 2092 347 2125 95.
372 2093 433 2126 Pro
461 2093 650 2126 extractibus
681 2098 711 2127 et
737 2094 988 2139 quibuscumque
1065 2097 1138 2131 1108.
1166 2098 1226 2131 Pro
1251 2099 1399 2142 apertura
1424 2097 1498 2130 dicti
1523 2097 1584 2131 voti
1603 2108 1674 2131 cum
1689 2108 1760 2131 sen-

251 2146 350 2190 copiis
366 2146 453 2180 sactis
469 2147 500 2179 in
517 2147 616 2180 forma
641 2151 806 2188 extractus,
831 2148 987 2181 bononeni
1021 2152 1131 2192 tentiay
1147 2152 1306 2185 hononeni
1323 2151 1512 2195 quindecim.

252 2204 315 2232 tres
336 2210 395 2243 pro
419 2199 557 2243 qualibet
572 2200 684 2244 pagina
698 2227 706 2241 ‚
729 2211 809 2244 quae
829 2201 940 2234 debeat
956 2202 987 2234 in
1064 2204 1138 2238 2109.
1156 2205 1217 2238 Pro
1234 2205 1386 2238 electione
1403 2204 1577 2248 peritorum
1591 2215 1608 2237 a
1622 2204 1759 2248 qualibet

251 2263 285 2285 se
300 2258 331 2286 et
349 2253 487 2296 qualibet
512 2253 588 2286 facie
605 2253 721 2286 habere
738 2254 834 2287 lineas
861 2255 986 2297 viginti,
1020 2263 1108 2302 parte
1125 2258 1343 2301 eligendorum
1354 2285 1361 2299 ,
1381 2258 1538 2291 bononeni
1555 2258 1627 2291 duo.

252 2306 444 2350 etquaelibet
458 2307 892 2350 linealitterastrigintaduas,
903 2309 987 2342 iuxta
1065 2311 1138 2345 tto.
1167 2313 1228 2345 Pro
1257 2312 1408 2345 relatione
1436 2311 1619 2345 eorumdem
1647 2311 1759 2355 perito-

251 2360 385 2393 formam
401 2361 517 2402 statuti,
534 2361 592 2394 sub
609 2372 675 2405 cap.
689 2371 775 2401 xxvi,
790 2361 841 2394 lib.
860 2372 879 2401 13
894 2363 947 2395 sed
961 2363 986 2395 si
1020 2377 1091 2398 rum
1109 2376 1126 2398 a
1142 2366 1279 2409 qualibet
1291 2371 1390 2409 parte,
1404 2371 1433 2398 et
1446 2366 1585 2409 qualibet
1597 2366 1757 2403 relatione.

251 2418 408 2447 extractus
432 2415 470 2447 ab
494 2415 597 2458 aliqua
614 2425 651 2447 ex
667 2415 809 2458 partibus
827 2420 987 2459 peteretur
1020 2418 1176 2452 bononeni
1193 2419 1265 2452 duo.

251 2468 404 2509 revideri,
428 2469 566 2502 solvatur
588 2468 636 2509 id,
661 2469 743 2512 quod
768 2480 824 2513 per
853 2469 985 2503 iudicem
1064 2472 1078 2503 ‘l
1087 2471 1136 2503 ¹1¹1.
1155 2472 1215 2504 Pro
1231 2472 1459 2514 significatione
1480 2472 1695 2514 concedenda,
1717 2473 1758 2506 vi-

251 2521 345 2554 fuerit
360 2525 506 2555 taxatum.
1020 2535 1096 2567 gorc
1114 2525 1314 2558 instrumenti
1332 2526 1443 2559 dotalis
1463 2527 1564 2569 rogati
1588 2538 1645 2571 per
1668 2539 1757 2561 eum-

295 2573 346 2607 96.
373 2575 432 2608 Pro
449 2579 589 2609 extractu
605 2575 771 2619 duplicato,
792 2587 849 2619 pro
870 2576 986 2609 medie-
1020 2577 1091 2610 dem
1116 2578 1283 2614 notarium,
1304 2579 1460 2613 bononeni
1487 2580 1659 2623 vigintiduo
1684 2593 1755 2615 cum

253 2631 313 2662 tate
329 2629 474 2663 solvatur.
1020 2630 1159 2665 dimidio.

297 2680 348 2715 97.
376 2681 436 2715 Pro
466 2682 571 2727 rogitu
597 2683 660 2717 voti
691 2684 902 2717 assettamenti
917 2711 925 2724 ,
957 2688 986 2716 et
1063 2684 1135 2717 1112.
1154 2685 1213 2719 Pro
1225 2686 1314 2730 copia
1327 2686 1492 2720 cuiuslibet
1508 2688 1688 2730 sententiae,
1705 2689 1756 2721 bo—
