2293 3231
286 307 334 334 An.
352 306 381 333 c.
405 304 471 332 ieie
517 295 580 329 ιιον]

537 354 582 386 19.
607 353 759 387 Cursorcs
775 351 812 383 ad
829 361 908 395 quos
928 355 1055 394 spectat,
1079 350 1225 383 commis-

486 407 589 440 siones
624 406 661 438 ad
695 405 827 438 bain-um
860 414 1028 437 cursorum
1060 408 1225 447 perventas

486 460 590 492 statim
617 459 751 500 scribant
769 485 776 497 ‚
800 463 827 489 ct
855 457 884 489 in
909 457 991 490 libro
1015 456 1108 490 solito
1132 466 1226 490 anno-

486 517 572 549 tent,
598 513 638 545 ita
664 517 693 545 ut
721 511 759 543 ab
783 510 930 543 omnibus
963 510 1059 543 videri
1085 509 1225 554 possint,

485 576 542 599 nec
567 565 677 609 quovis
695 565 788 598 modo
805 564 942 608 aliquam
967 563 1224 597 commissionem

485 629 548 652 non
572 624 763 658 annotatam,
789 618 835 650 vel
861 618 1049 651 occultatam
1074 627 1170 662 penes
1193 626 1225 650 se

486 673 648 705 retineant.

529 725 580 758 ⁹20.
605 725 802 769 Quicumque
827 735 863 758 cx
888 724 1072 758 cursoribus
1096 729 1126 757 ct
1143 734 1227 757 nian-

485 779 623 818 ‹latai-iis,
641 779 694 823 qui
713 778 743 811 in
761 779 866 822 aliquo
891 779 1138 822 praemissorum
1157 787 1227 810 con-

484 832 665 872 travenerit,
690 842 822 876 poenam
847 837 1010 865 scutorum
1035 831 1143 865 decem
1168 841 1226 875 pro

485 885 621 929 qualibet
636 886 713 926 vice,
730 886 867 929 aliasque
885 895 1001 929 poenas
1018 884 1226 929 pecuniarias,

485 945 515 972 ct
541 939 684 984 eorporis
713 939 891 978 atllictivas,
917 938 1161 982 privationisque
1186 938 1228 971 os-

485 992 559 1031 ticii,
576 1003 634 1037 pro
654 992 748 1026 modo
774 1003 920 1025 excessus
937 1002 955 1025 a
972 1003 1030 1025 suo
1056 992 1157 1025 iudice
1181 1002 1228 1024 ar-

484 1046 646 1079 bitrandus
664 1047 812 1087 incurrat,
830 1046 1007 1089 damnaque
1024 1050 1052 1078 et
1076 1046 1227 1078 interesse

485 1101 627 1144 partibus
652 1102 782 1133 reticere
806 1101 1022 1144 compellatur.

530 1154 566 1187 Ql
577 1181 582 1186 .
595 1154 746 1187 Cursores
759 1164 817 1198 pro
833 1153 970 1197 qualibet
985 1153 1141 1193 citatione,
1152 1152 1229 1185 inhi-

486 1206 614 1247 bitione,
631 1207 678 1239 rel
702 1207 811 1250 quavis
835 1206 894 1239 alia
916 1206 1111 1240 intimatione
1128 1206 1229 1240 cuius-

487 1260 561 1293 libet
586 1266 674 1293 actus
699 1260 875 1300 iudiciarii,
901 1270 962 1294 non
996 1260 1119 1304 exigant
1146 1261 1227 1294 ultra

487 1313 672 1347 bononcnos
708 1313 807 1353 duos,
832 1313 891 1346 nisi
924 1314 1030 1346 forsan
1060 1313 1228 1358 exequutio

488 1367 654 1407 citationis,
672 1367 719 1400 vel
736 1367 866 1399 alterius
889 1372 976 1400 actus
997 1367 1150 1399 iudiciarii
1175 1367 1230 1400 lni-

489 1419 634 1461 iusmodi,
660 1420 800 1453 facienda
817 1425 898 1453 esset
923 1420 953 1452 in
979 1421 1048 1453 loco
1072 1420 1146 1453 satis
1170 1420 1230 1453 dis-

489 1474 563 1506 tanti
589 1484 606 1506 a
631 1473 838 1506 tribunalibus
864 1473 964 1513 Urbis,
985 1484 1047 1517 quo
1071 1484 1145 1506 casu
1169 1473 1230 1506 cxi-

488 1536 563 1569 gere
588 1527 703 1570 possint
730 1526 913 1559 bononenos
935 1531 1087 1571 quatuor,
1111 1532 1139 1560 et
1166 1537 1227 1560 non

489 1580 580 1613 ultra.
598 1581 631 1613 Ei
651 1581 717 1613 loca
743 1581 957 1624 intelligantur
981 1592 1049 1613 esse
1073 1580 1228 1621 distantia,

489 1634 622 1677 exempli
649 1634 759 1677 gratia,
784 1634 808 1666 si
834 1635 1002 1678 exequutio
1027 1634 1064 1666 sit
1090 1634 1229 1667 iacienda

491 1688 519 1719 in
537 1688 666 1731 regione
683 1689 928 1732 Transtybcrim,
945 1689 1111 1729 montium,
1123 1689 1229 1729 Trivii,

489 1747 516 1773 et
544 1751 605 1774 non
642 1743 733 1784 longe
757 1742 795 1774 ab
821 1743 952 1775 ccclesia
983 1742 1091 1775 beatae
1116 1743 1230 1776 Mariae

489 1795 527 1828 de
552 1795 680 1839 Populo.
707 1796 741 1829 Et
767 1795 791 1828 si
817 1801 903 1829 extra
926 1797 1049 1829 moenia
1075 1797 1167 1829 Urbis
1185 1797 1229 1839 (iu

491 1848 573 1881 illius
599 1854 701 1882 {anien
727 1849 900 1893 suburbiis)
918 1860 979 1883 non
1004 1850 1086 1882 ultra
1110 1850 1230 1883 carole-

489 1912 564 1934 mun
587 1913 695 1935 unum.

533 1956 584 1989 22.
611 1956 672 1989 Pro
695 1956 842 1989 citatione
867 1967 950 1995 rero,
970 1956 1165 1998 inhibitione,
1183 1957 1229 1990 vel

490 2009 685 2042 intimatione
709 2010 822 2049 simili,
848 2009 989 2043 facienda
1019 2016 1127 2044 contra
1153 2011 1231 2055 cpis-

490 2073 603 2106 scopos
623 2069 650 2096 et
666 2064 832 2107 praelatos,
848 2074 883 2097 ac
900 2063 976 2097 alias
992 2075 1143 2108 personas
1160 2076 1232 2108 qua-

490 2116 622 2149 lificatas
645 2122 673 2149 et
699 2122 922 2161 procuratores
946 2117 1037 2159 Fisci,
1062 2128 1124 2152 non
1150 2119 1230 2152 ultra

490 2169 673 2203 bononenos
698 2170 845 2214 quinque.

535 2223 586 2256 93.
603 2223 663 2256 Pro
677 2223 888 2264 citationibus,
901 2225 947 2256 vel
958 2223 1230 2267 excquutionibus,

492 2282 543 2309 aut
570 2277 818 2310 intiinationibus
849 2288 1122 2321 quarumcumque
1154 2277 1232 2310 litte-

493 2340 599 2363 rarum
617 2335 705 2363 extra
721 2331 841 2364 curiam
859 2336 886 2363 et
912 2331 941 2363 in
963 2331 1104 2374 partibus
1122 2331 1232 2363 sacien—

493 2384 550 2425 dis,
575 2387 690 2418 statuta
711 2390 742 2418 et
758 2385 862 2418 debita
886 2385 931 2418 eis
955 2384 1126 2428 antiquitus
1151 2396 1232 2418 mer-

473 2430 568 2471 'cede
593 2439 651 2471 sint
677 2439 836 2480 contenti,
861 2444 889 2471 et
916 2439 997 2472 ultra
1020 2439 1144 2482 exigere
1168 2448 1230 2472 non

493 2491 636 2524 audeant.

538 2545 590 2578 ΕΜ.
616 2545 675 2579 Pro
699 2545 933 2579 subhastationc
957 2555 1232 2590 quorumcumque

495 2597 675 2641 pignorum,
693 2603 755 2631 tam
781 2599 946 2633 mobilium
971 2609 1065 2643 quam
1088 2599 1232 2633 immobi-

497 2651 584 2691 lium,
599 2651 690 2684 iidem
716 2663 862 2685 cursores
887 2653 1020 2696 exigant,
1045 2657 1139 2696 prout
1163 2653 1232 2686 liae-

498 2710 586 2738 tenus
612 2706 737 2750 exigere
762 2712 999 2741 consueverunt.

1082 300 1261 326 nuntiantem
1284 299 1439 325 ROMANtm

1299 348 1352 382 025.
1378 349 1439 382 Pro
1462 347 1688 382 deliberatione
1719 358 1794 383 vero
1818 348 1997 391 custodiae,

1258 403 1305 435 vel
1331 401 1528 435 restitutione
1551 401 1733 446 pignorum,
1749 406 1803 435 aut
1826 401 1888 436 alio
1912 411 2000 446 prac-

1259 461 1365 495 textu,
1390 456 1484 489 ctiam
1509 455 1635 499 quando
1658 455 1740 489 hona
1764 465 1827 489 uon
1851 460 1923 489 sunt
1946 465 1999 499 po-

1259 509 1316 542 sita
1342 509 1400 543 sub
1425 510 1523 550 hasta,
1540 509 1629 549 nibil,
1646 508 1740 542 etiam
1758 519 1775 542 a
1792 514 1902 554 sponte
1927 508 2000 542 dan-

1259 563 1352 605 tibus,
1379 563 1539 608 recipiant.

1302 616 1353 651 ⁹26.
1372 617 1434 650 Nec
1452 616 1620 660 quisquam
1638 615 1780 660 ipsorum
1799 625 1859 660 pro
1878 617 1914 649 ea
1932 615 2000 649 inti-

1259 671 1406 712 matione,
1431 669 1605 715 qua¹parti
1630 670 1794 703 intimatur
1817 669 1999 703 mandatum

1259 734 1414 768 procurae
1449 734 1518 757 esse
1549 723 1582 756 in
1611 723 1689 756 actis
1719 722 1920 767 productum,
1952 722 1999 756 vel

1259 783 1482 822 procia-atores
1499 777 1530 810 in
1544 778 1638 811 causa
1655 787 1723 810 csse
1736 781 1908 817 revocatos,
1918 776 2001 809 ultra

1260 832 1370 865 iulium
1403 841 1500 864 unum
1532 831 1695 875 percipere
1719 829 1852 871 audeat,
1876 829 1999 863 etiarnsi

1259 885 1378 919 dictum
1410 894 1565 929 procurae
1591 883 1772 917 mandatum
1796 882 1835 917 de
1859 883 2001 927 partibus

1261 938 1390 971 veniret.

1305 992 1356 1025 27.
1383 991 1418 1025 Et
1447 1001 1506 1036 pro
1537 991 1640 1035 prima
1675 990 1920 1031 commissione,
1944 999 2002 1033 per

1260 1056 1354 1090 quam
1380 1056 1473 1079 causa
1507 1055 1614 1078 coram
1646 1044 1752 1088 aliquo
1776 1043 1878 1077 iudice
1902 1043 2001 1076 intro-

1260 1100 1396 1140 ducitur,
1413 1099 1535 1143 exigant
1557 1099 1740 1132 bononenos
1764 1097 2001 1142 quinquaginta,

1260 1159 1288 1186 ct
1307 1164 1366 1197 pro
1390 1153 1458 1186 aliis
1479 1163 1564 1193 vero,
1579 1153 1604 1185 si
1621 1162 1701 1196 quae
1723 1152 1754 1185 in
1778 1153 1872 1184 causa
1895 1161 2003 1195 super—

1262 1206 1412 1248 venerint,
1429 1206 1613 1240 bononenos
1630 1205 1738 1238 decem
1756 1209 1786 1238 et
1803 1209 1885 1245 octo,
1907 1203 2002 1238 etiam

1260 1260 1344 1304 quod
1369 1260 1470 1293 dictae
1495 1259 1735 1293 commissiones
1765 1263 1836 1302 post
1866 1257 2002 1302 primam

1261 1313 1518 1358 supervenientes
1542 1313 1691 1346 adderent
1717 1311 1845 1356 aliquid,
1862 1311 1909 1345 vel
1930 1311 2003 1344 alte-

1261 1372 1367 1401 rarent
1398 1366 1646 1400 iurisdictionem
1661 1393 1668 1406 ,
1693 1371 1744 1398 aut
1776 1365 1927 1399 haberent
1951 1364 2004 1398 ali-

1261 1432 1355 1465 quam
1380 1431 1492 1454 novam
1518 1420 1703 1459 clausulam,
1728 1419 1774 1452 vet
1800 1418 2004 1452 admitterent

1261 1475 1398 1518 aliquem
1417 1475 1544 1507 tertium
1562 1484 1621 1517 pro
1638 1484 1695 1506 suo
1713 1473 1863 1507 interesse
1880 1472 1919 1505 ad
1935 1483 2004 1505 cau-

1262 1540 1346 1568 sam;
1371 1538 1572 1573 quocumque
1596 1527 1756 1561 contrario
1781 1538 1854 1567 usu,
1880 1526 1926 1560 vel
1952 1536 2004 1570 po-

1263 1583 1324 1615 tius
1349 1583 1459 1622 abusu,
1473 1591 1534 1615 non
1559 1581 1712 1614 obstante.

1307 1636 1358 1669 28.
1385 1636 1472 1668 Diem
1508 1634 1769 1679 praesentationis
1801 1634 1831 1666 in
1861 1631 2006 1667 commis-

1263 1690 1404 1723 sionibus
1428 1689 1684 1733 appellationum,
1708 1688 1755 1721 vel
1780 1687 2005 1732 principalibus

1265 1744 1294 1775 in
1319 1743 1431 1783 causis,
1449 1752 1542 1775 manu
1568 1741 1697 1786 propria
1715 1742 1896 1785 (antequam
1918 1750 2006 1784 prae-

1264 1801 1403 1836 sentent,
1429 1796 1475 1828 vel
1501 1795 1530 1828 in
1555 1797 1629 1828 arca
1653 1805 1706 1827 eas
1729 1799 1857 1838 ponant,
1882 1804 1948 1834 seu,
1971 1797 2006 1826 ut

1265 1850 1358 1893 vulgo
1375 1849 1505 1889 dicitur,
1527 1848 1700 1892 incapscut)
1720 1858 1793 1881 vere
1817 1852 1847 1880 et
1871 1846 2006 1880 fideliter

1265 1914 1382 1948 ponere
1401 1907 1574 1943 teneantur,
1590 1912 1658 1942 nec,
1675 1901 1744 1934 sine
1767 1901 1821 1934 tali
1846 1910 1958 1934 manus
1975 1905 2005 1933 et

1264 1956 1401 1991 nominis
1425 1955 1640 2000 appositione,
1665 1955 1747 1988 ultra
1767 1951 1920 1987 manum¹
1944 1963 2006 1986 ma—

1265 2011 1354 2055 gistri
1380 2020 1548 2043 cursorum
1573 2008 1674 2042 dictae
1699 2007 2006 2052 comniissionespo-

1265 2070 1379 2098 uantur
1404 2065 1434 2097 in
1459 2065 1543 2098 arca.

1309 2118 1360 2152 29.
1375 2119 1519 2152 Ceterum
1534 2116 1720 2151 mandatarii
1733 2124 2006 2161 quarumcumque

1265 2172 1424 2206 curiarum
1450 2182 1513 2206 non
1537 2171 1663 2214 exigant
1695 2170 1778 2203 ultra
1801 2169 2004 2204 bononenum

1265 2236 1363 2259 unum
1387 2236 1446 2269 pro
1469 2225 1616 2258 citatione
1630 2251 1638 2265 ‚
1661 2224 1722 2257 nisi
1747 2222 1887 2257 facienda
1911 2222 1951 2255 sit
1973 2221 2005 2255 in

1265 2279 1445 2322 longinquis
1459 2278 1536 2311 locis
1551 2278 1590 2311 ab
1607 2287 1717 2310 corum
1735 2275 1842 2316 curiis,
1855 2285 1918 2319 quo
1931 2284 2004 2307 casu

1264 2333 1387 2376 exigant
1412 2332 1502 2373 duos,
1526 2337 1556 2365 et
1580 2342 1643 2365 non
1667 2331 1766 2370 ultra;
1792 2330 1930 2373 itemque
1945 2328 2006 2362 exi-

1264 2391 1338 2429 gant
1361 2386 1442 2420 duos
1461 2387 1644 2420 bononenos
1667 2395 1726 2429 pro
1743 2382 1939 2417 intimatione
1955 2391 2006 2416 cu-

1265 2440 1390 2473 iuslibet
1414 2439 1579 2484 sequestri,
1599 2437 1771 2478 monitor-ii,
1799 2435 2005 2477 inhibitionis,

1264 2493 1382 2527 decreti
1412 2498 1442 2527 et
1467 2492 1693 2535 cuiuscumque
1716 2495 1804 2524 actus
1829 2489 2004 2529 iudiciarii;

1265 2548 1403 2592 exceptis
1433 2546 1634 2581 citationibus
1661 2544 1810 2578 faciendis
1837 2548 1948 2578 contra
1973 2542 2007 2576 st-

1302 2628 1311 2654 1
1336 2623 1456 2654 Eri-onec
1475 2625 1539 2654 edit.
1562 2625 1645 2652 Maia.
1665 2624 1732 2660 legit
1750 2632 1824 2660 quae
1843 2624 1880 2660 (a.
1897 2623 1944 2660 ¹12).

1300 2672 1317 2698 Ξ).
1336 2671 1448 2698 Videtur
1467 2669 1610 2706 tegendum
1628 2677 1688 2698 esse
1701 2678 1804 2705 manu,
1823 2669 1862 2697 vel
1874 2677 1930 2705 per
1944 2677 2005 2698 ma-

1265 2723 1334 2744 num
1352 2716 1390 2750 (a.
1412 2714 1449 2751 Τ).

2010 300 2060 328 An.
2075 299 2105 329 C.
2125 295 2215 331 1⁶¹2·
