2293 3231
77 261 124 288 An.
141 260 169 288 C.
192 260 256 287 1621

115 1543 225 1565 Servanda
241 1545 271 1563 ta-

88 1577 134 1591 men
184 1569 271 1591 Concibi

88 1597 212 1618 Vienueiisi÷
227 1598 270 1616 sta-

89 1626 133 1644 tuta
157 1623 182 1643 ιΙε
205 1622 272 1643 sari-is

89 1650 272 1676 suppellectilibus

88 1682 129 1724 3⁰⁰
155 1676 271 1697 distrahen-

104 1709 129 1725 ia.

120 2181 182 2203 Fides
205 2183 276 2203 danda

94 2209 236 2236 trarisunqms.

882 256 1057 281 mitt-‘ainus
1082 254 1122 281 xv
1148 256 1194 279 ΓΡ.

1692 243 1755 276 5853
1803 256 1849 281 An.
1866 256 1893 281 ις,
1919 256 1978 282 1021

275 317 335 351 que
359 306 510 347 ecclesiis,
536 307 626 341 bonis
656 312 683 339 et
710 306 879 343 beneficiis,
904 317 938 339 ac
963 317 1014 338 su-
1049 304 1236 349 septtt=inln·is
1257 314 1388 341 mcxxi,
1406 303 1605 348 pontificatus
1621 301 1719 336 nostri
1735 312 1787 335 an-

275 359 454 403 perioribus
479 365 508 392 et
534 360 698 404 personis,
723 359 815 393 ctiam
848 369 904 403 per
935 359 1013 392 viam
1049 369 1089 392 no
1113 359 1225 402 primo.

277 413 355 457 legis
379 418 430 446 aut
456 414 560 446 statuti
587 413 741 457 perpetui,
758 423 794 446 ac
818 413 910 445 etiam
936 412 1015 445 iura-

277 472 382 499 mento
407 466 544 510 stipulati
569 470 767 506 contractus,
796 477 830 498 ac
858 465 932 497 alias
956 465 1014 497 sub

277 518 529 563 quibuscumque
566 519 726 551 tenoribus
755 524 782 551 et
816 517 947 557 t'ormis,
980 527 1014 549 ac

278 582 350 604 cum
374 572 535 615 quibusvis
559 572 650 604 etiam
671 571 942 614 derogatoriarum
967 569 1017 601 dc-

279 625 472 668 rogatoriis,
502 625 631 669 aliisque
667 624 884 658 efficacioribus
917 628 945 656 et
970 623 1016 655 in—

279 678 378 712 solitis
414 678 580 718 clausulis,
606 689 641 711 ac
666 678 859 711 irritantibus
890 683 919 710 et
950 676 1018 709 aliis

279 732 424 772 decretis,
441 732 472 764 in
492 742 608 775 genere
632 732 678 764 vel
704 731 735 763 in
760 731 872 775 specie,
892 741 926 763 ac
944 730 1018 762 alias

280 786 312 819 in
344 786 538 820 contrarium
574 786 820 830 praemissorum
845 784 1019 828 quomodo-

281 839 357 872 libet
391 839 569 880 concessis,
599 838 814 879 confirmatis,
839 837 1020 881 approbatis

281 899 311 926 ct
331 893 494 926 innovatis.
521 893 640 932 Quibus
664 892 810 925 omnibus
835 895 864 924 et
890 890 1021 933 singulis

282 946 429 988 (etiamsi
461 957 519 990 pro
551 946 676 979 illorum
701 944 866 978 sufficienti
892 943 1022 986 deroga-

283 1000 366 1033 tione
391 1001 429 1034 de
458 1000 533 1040 illis,
561 1010 733 1043 eorumque
753 999 824 1032 totis
849 997 1021 1037 tenoribus,

284 1053 436 1097 specialis,
451 1054 596 1097 specifica
617 1057 646 1087 et
666 1061 822 1096 expressa,
839 1061 901 1084 non
918 1056 1022 1083 autem

282 1117 339 1150 per
363 1107 517 1140 clausulas
547 1107 710 1150 generales
739 1106 821 1138 idem
854 1104 1023 1148 importan-

284 1165 346 1201 tes,
366 1160 483 1194 mentio
507 1159 652 1193 habenda
676 1159 780 1202 soret)
810 1159 935 1192 illorum
960 1168 1024 1191 om-

283 1214 370 1246 nium
395 1218 425 1246 et
448 1213 644 1256 singulorum
662 1218 787 1246 tenores
805 1211 1024 1256 praesentibus

285 1277 343 1310 pro
368 1267 459 1311 plene
484 1271 514 1300 et
537 1266 728 1300 sufficienter
749 1265 907 1310 expressis
931 1269 961 1299 et.
985 1265 1024 1298 ad

284 1321 414 1355 verbum
448 1321 573 1353 insertis
605 1320 777 1360 habentes,
806 1319 866 1352 illis
897 1319 972 1352 alias
993 1319 1024 1352 in

286 1384 343 1407 suo
371 1374 486 1407 robore
510 1373 736 1417 permansuris,
764 1373 823 1406 hac
843 1373 908 1406 vice
934 1373 1024 1406 dum-

287 1431 368 1460 taxat
393 1426 568 1471 specialiter
592 1433 621 1459 et
645 1437 792 1471 expresse
815 1427 1024 1470 derogamus,

287 1480 461 1523 ceterisque
485 1480 650 1513 contrariis
673 1480 936 1524 quibuscumque.

332 1532 390 1577 §8
405 1534 554 1567 Volumus
565 1539 679 1575 autem,
697 1534 781 1578 quod
798 1534 880 1567 dieta
901 1535 1025 1567 summa

286 1586 379 1619 unius
403 1586 551 1620 millionis
576 1592 735 1621 scutorum
760 1588 828 1620 auri
846 1587 1026 1621 huiusmodi

287 1639 383 1672 semel
408 1640 530 1680 soluta,
555 1651 704 1684 praesens
727 1640 827 1684 gratia
859 1641 943 1673 nulla
967 1641 1025 1681 sit,

286 1703 388 1737 neque
405 1694 558 1728 exactioni
583 1694 719 1738 amplius
744 1694 900 1727 ullatenus
924 1695 962 1727 sit
986 1696 1027 1728 lo-

288 1757 353 1787 cus,
370 1747 518 1791 quodque
532 1748 636 1789 etiam,
651 1748 735 1781 iuxta
748 1747 978 1781 ordinationem
996 1748 1027 1780 in

289 1800 422 1834 concilio
448 1800 612 1834 Viennensi
637 1812 733 1845 super
757 1801 817 1834 hoc
841 1801 967 1841 editam,
985 1811 1028 1833 sa-

288 1854 334 1887 cri
358 1854 479 1895 calices,
503 1855 586 1896 libri,
604 1861 634 1888 ct
650 1855 708 1888 alia
731 1860 915 1888 ornamenta
934 1855 1029 1888 eccle·

290 1908 426 1949 siarum,
447 1908 685 1950 beneficiorum,
711 1914 740 1943 et
763 1910 898 1943 aliorum
923 1921 1029 1954 supra-

290 1961 445 1995 dictorum
470 1962 575 1996 divino
607 1963 682 1996 culti
714 1963 836 2004 dicata,
868 1974 904 1996 ex
936 1965 1029 1996 causa

289 2014 431 2058 pignoris
461 2016 510 2048 vel
541 2016 640 2057 alias,
671 2017 834 2050 occasione
866 2017 1029 2050 solutionis

291 2078 432 2101 summae
457 2068 648 2110 huiusmodi,
665 2069 836 2103 ullatenus¹
857 2071 1029 2114 capiantur,

291 2120 505 2155 distrahantur
527 2123 575 2155 vel
600 2128 808 2168 occupentur:

337 2176 352 2218 ἓ
376 2174 404 2208 9.
423 2176 460 2209 Et
476 2175 603 2219 pariter,
620 2177 703 2220 quod
720 2177 932 2221 praesentium
950 2182 1031 2210 tran-

292 2229 433 2273 sumptis,
447 2229 550 2271 sigillo
564 2229 672 2262 alicuis
693 2230 823 2273 praelati
844 2230 1030 2263 ecclesiasti-

292 2281 330 2321 ci,
345 2285 375 2316 et
390 2281 507 2326 publici
521 2282 634 2316 notarii
647 2283 879 2326 subscriptione
892 2284 1030 2323 munitis,

292 2334 401 2368 eadem
418 2346 550 2379 prorsus
567 2335 645 2369 tides
664 2336 849 2369 adhibeatur
866 2336 897 2368 in
916 2337 1030 2370 iudicio

292 2392 324 2421 et
347 2393 435 2421 extra
456 2388 542 2429 illud,
560 2399 639 2432 quae
663 2389 738 2433 ipsis
763 2389 969 2432 originalibus
986 2390 1032 2422 lit-

291 2441 367 2476 teris
391 2441 604 2483 adhiberetur,
630 2443 655 2476 si
680 2444 783 2476 forent
807 2442 962 2476 exhibitae
984 2444 1029 2477 vel

291 2499 444 2528 ostensae.

336 2548 448 2582 Datum
473 2549 603 2590 Romae,
627 2550 710 2594 apud
739 2555 876 2583 sanctam
903 2551 1031 2584 Mariam

293 2600 452 2643 Maiorem,
477 2603 535 2636 sub
559 2604 674 2638 annulo
699 2604 876 2645 piscatoris,
900 2605 950 2638 die
976 2614 1031 2638 xm

331 2663 342 2690 1
361 2663 455 2699 Aptius
467 2663 527 2702 lege
541 2665 706 2694 nullalenus
722 2670 757 2698 (n.
773 2670 820 2701 τ.).

1084 421 1144 449 Dat.
1166 421 1209 448 die
1230 420 1262 447 13
1282 418 1445 455 septembris
1467 418 1542 454 1621,
1559 418 1652 454 pontif.
1670 425 1745 446 an.1.

1365 562 1467 595 xxix.

1051 642 1169 677 Eidem
1186 643 1223 675 tle
1236 644 1335 676 ccmsd
1349 642 1433 676 duae
1449 643 1591 675 decimae
1605 643 1637 674 ι’-η
1662 641 1791 675 Galliae

1095 706 1193 738 raquo
1213 696 1252 728 ab
1270 695 1490 730 ecclesiasticis
1505 694 1732 738 persolvendae
1746 694 1792 726 in-

1097 749 1254 782 dicuntur
1267 748 1287 781 ².

1257 818 1413 854 Gregorius
1434 820 1513 853 Papa
1532 820 1587 853 XV,

1196 875 1230 900 ad
1253 873 1387 901 futuram
1407 873 1451 900 rei
1472 873 1652 900 memoriam.

1099 943 1256 977 Militantis
1270 944 1426 977 Ecclesiae
1443 944 1600 987 regimini,
1615 943 1719 976 divina
1733 944 1793 977 dis-

1056 1004 1190 1042 ponente
1208 998 1383 1038 clemeutia‚
1395 997 1619 1041 praesidentes,
1634 998 1714 1030 inter
1727 1007 1794 1040 gra-

1057 1062 1108 1084 ves
1134 1051 1378 1091 sollicitudines,
1408 1050 1521 1093 quibus
1546 1061 1605 1095 pro
1629 1050 1794 1094 pastoralis

1057 1105 1151 1137 officii
1170 1110 1197 1137 et
1217 1104 1405 1148 apostolicae
1428 1104 1585 1137 servitutis
1601 1104 1706 1137 debito
1724 1115 1795 1137 con-

1057 1158 1142 1191 tinue
1165 1158 1356 1202 premimur,
1381 1168 1416 1190 ea
1440 1168 1522 1190 nunc
1548 1163 1591 1190 est
1616 1158 1795 1201 praecipua,

1057 1222 1151 1255 quam
1177 1216 1357 1255 praesentes
1381 1211 1614 1244 haereticorum
1639 1211 1671 1243 in
1697 1221 1796 1254 regno

1057 1265 1209 1298 Franciae
1233 1270 1336 1297 motus
1360 1265 1451 1297 nobis
1476 1265 1589 1297 merito
1615 1265 1793 1299 conficiunt.

1056 1319 1268 1359 Quamobrem
1293 1318 1426 1351 libenter
1446 1318 1611 1361 pastoralis
1630 1318 1724 1352 officii
1743 1329 1796 1352 no-

1058 1373 1115 1406 stri
1140 1378 1245 1417 partes
1269 1372 1509 1417 interponimus,
1527 1383 1598 1405 cum
1617 1383 1653 1406 ea
1672 1383 1689 1405 a
1706 1373 1797 1406 nobis

1058 1427 1266 1471 postulantur,
1286 1436 1343 1470 per
1362 1436 1442 1469 quae
1463 1426 1690 1460 catholicorum
1716 1427 1798 1471 prin-

1059 1481 1165 1525 cipum
1182 1481 1262 1513 vires
1276 1480 1314 1512 ad
1328 1480 1537 1513 resistendum
1554 1480 1692 1514 hostium
1707 1491 1797 1514 verae

1059 1534 1130 1568 fidei
1152 1534 1315 1567 conatibus
1339 1539 1504 1576 augentur,
1522 1539 1627 1578 prout,
1645 1545 1753 1567 rerum
1769 1540 1795 1567 et

1060 1595 1238 1633 temporum
1249 1588 1449 1632 qualitatibus
1458 1588 1561 1621 debite
1571 1588 1718 1632 pensatis.
1729 1599 1800 1622 con-

1059 1642 1209 1686 spicimus
1233 1641 1262 1673 in
1286 1641 1420 1674 Domino
1449 1641 1616 1673 salubriter
1640 1641 1797 1685 expedire.

1105 1696 1120 1739 ξ
1145 1695 1174 1727 ’1.
1196 1694 1285 1735 Sane,
1304 1705 1375 1727 cum
1401 1694 1604 1727 charissimus
1625 1695 1656 1726 in
1676 1694 1800 1728 Christo
1841 1703 1998 1740 ,nisus—mium

1061 1748 1143 1781 tilius
1175 1752 1282 1781 noster
1314 1747 1491 1781 Ludovicus
1522 1748 1715 1781 Francorum
1745 1759 1799 1781 rex
1815 1731 2000 1794 {filii-ss'ssb'ssii'a‘}

1061 1801 1352 1839 christianissimus,
1377 1801 1417 1834 ob
1442 1800 1613 1834 concitatos
1638 1801 1669 1834 in
1689 1801 1800 1835 eodem
1816 1784 1973 1810 mmmm

1062 1866 1160 1898 regno
1185 1855 1223 1888 ad
1253 1866 1402 1899 praesens
1432 1865 1489 1899 per
1517 1855 1646 1888 humani
1677 1856 1802 1899 generis

1062 1909 1184 1942 hostem
1211 1914 1323 1949 motus,
1348 1920 1406 1952 pro
1431 1908 1668 1953 compescendis
1692 1909 1802 1942 haerc-

1063 1963 1131 1995 ticis
1156 1962 1327 1995 rebellibus
1351 1962 1458 2005 gravia
1483 1963 1633 1996 hactenus
1658 1972 1804 2006 expensa-

1063 2027 1134 2049 rum
1151 2026 1247 2049 onera
1265 2016 1405 2056 subierit,
1421 2021 1450 2049 ct
1466 2016 1504 2049 ad
1521 2026 1671 2060 praesens
1684 2016 1803 2053 subeat.

1063 2080 1120 2102 nos
1144 2069 1244 2102 eidem
1269 2069 1426 2102 Ludovico
1452 2069 1519 2112 regi
1543 2069 1581 2102 de
1605 2069 1710 2113 aliquo
1735 2070 1805 2102 sub-

1064 2123 1142 2156 sidio
1168 2134 1205 2156 ex
1229 2123 1434 2156 ecclesiarum
1459 2123 1549 2166 regni
1575 2123 1724 2156 Franciae
1749 2134 1803 2167 pe-

1064 2176 1156 2217 culio,
1168 2176 1346 2220 Christique
1360 2176 1483 2210 Domini
1498 2176 1701 2221 patrimonio,
1715 2175 1803 2209 cuius

1063 2240 1157 2263 causa
1181 2230 1294 2273 agitur,
1318 2229 1485 2274 providere
1509 2229 1715 2262 decrevimus.

1109 2283 1123 2326 g
1147 2282 1176 2315 ⁹2.
1203 2283 1257 2315 His
1275 2282 1370 2325 igitur
1387 2288 1417 2315 et
1434 2282 1502 2315 aliis
1519 2282 1713 2326 gravissimis
1731 2293 1804 2316 cau-
1834 2291 2003 2337 ⁰¹¹³⁰ssl⁶s⁵¹ss³9

1065 2336 1106 2369 sis
1123 2336 1162 2368 ad
1178 2336 1232 2369 Dei
1252 2336 1387 2379 gloriam
1405 2342 1591 2379 sanctaeque
1609 2336 1676 2368 eius
1696 2336 1805 2369 Ecele-
1819 2320 2003 2382 ἓιῖἕῖῗιᾏιιῖῗὲζιῖῗ

1065 2389 1127 2422 siae
1141 2389 1354 2422 defensionem
1369 2395 1398 2422 et
1413 2389 1632 2422 exaltationem
1649 2389 1806 2433 pertinen-
1819 2374 1952 2429 {iiiiii‘r'iiiiu
1967 2371 2004 2418 liii:

1064 2442 1148 2475 tibus
1179 2442 1322 2483 adducti,
1353 2442 1632 2486 supplicationibus
1663 2442 1802 2476 eiusdem
1820 2425 1925 2447 mcum-u.

1065 2495 1213 2528 Ludovici
1238 2495 1321 2538 regis
1352 2495 1479 2529 nomine
1510 2495 1601 2529 nobis
1625 2506 1720 2540 super
1744 2497 1804 2530 hoc

1065 2549 1226 2582 humiliter
1241 2549 1396 2593 porrectis
1413 2548 1562 2589 inclinati,
1578 2549 1616 2582 de
1636 2549 1803 2584 attributae

1835 955 1975 978 rvmemium.

1064 2602 1154 2636 nobis
1170 2613 1187 2635 a
1204 2602 1336 2636 Domino
1352 2602 1540 2646 apostolicae
1558 2603 1720 2647 potestatis
1736 2604 1798 2651 ple-

1104 2668 1114 2694 1
1133 2665 1169 2693 Ex
1183 2666 1292 2703 Regest.
1309 2665 1336 2694 iu
1351 2665 1452 2694 Secret.
1465 2665 1600 2698 Brevium,
