2293 3231
44 303 63 322 'r

42 351 46 368 t

48 270 56 280 ‘
92 286 142 314 Λιι.
164 285 194 311 c,
212 283 278 310 1612

48 327 70 368 «ἦ

51 376 61 391 ,Α
68 375 79 380 s

50 394 72 422 >cf

48 433 67 478 ἐς

51 817 70 844 δ’
133 819 237 841 Unionem
264 825 277 841 a

54 853 59 858 ·
93 846 194 877 Gregorio
200 847 277 868 factam

46 882 73 907 ,ᾗ
94 873 186 895 restituit
193 873 277 895 Paulus.

944 281 1062 305 PAULUS
1085 280 1101 303 V
1122 280 1169 304 ΓΡ,

291 330 464 364 dummodo
495 335 597 362 tamen
627 329 702 361 alias
734 334 835 361 essent
869 328 971 361 idonei
1003 333 1030 360 et

292 393 431 426 capaces,
448 382 485 414 ad
511 381 692 425 dignitatem
714 391 845 424 magnae
863 380 965 413 erucis
982 380 1033 413 ob-

292 436 451 468 tinendam
477 434 561 467 iuxta
586 436 718 468 {ormam
748 433 1032 467 stabilimen!orum

292 493 319 521 et
338 487 601 521 consuetudinum
617 487 757 519 eiusdem
775 485 947 529 hospitalis,
960 496 1034 528 quo-

292 540 329 574 ad
346 540 543 584 praedictum
559 550 693 583 regnum
706 539 744 571 ad
758 538 908 571 unitatem
926 537 1034 570 Catho-

292 593 370 626 licae
394 593 550 626 Ecclesiae
576 592 702 632 rediret,
719 590 885 635 providere
909 594 939 622 ot
963 600 1034 622 con-

292 647 374 679 ferre
391 651 517 690 possent
527 644 546 686 ¹,
561 650 655 689 prout
679 645 710 677 in
734 643 878 686 Gregorii
903 647 933 675 et
956 642 1032 676 Sixti

292 699 572 743 praedecessorum
597 699 830 743 praedictorum
856 696 967 729 litteris
985 696 1034 728 de-

293 763 388 796 super
412 752 563 796 expeditis
587 752 709 795 plenius
734 750 922 784 continetur.

338 806 398 848 §12
423 806 576 845 Quoniam
601 811 716 846 autem,
741 805 819 838 sieut
845 803 1034 847 accepimus,

292 859 465 903 plurimum
491 859 644 903 expediat,
662 863 695 892 ut,
714 859 873 902 prioratus
897 863 927 889 et
952 857 1036 889 baiu-

292 912 404 946 livatus
434 913 613 946 huiusmodi
644 912 805 956 praedicto
837 910 1033 953 magistratui

293 965 331 998 de
354 976 435 1000 novo
460 966 622 1006 uniantur;
646 966 764 998 idcirco
789 975 867 1005 nos,
892 969 978 996 motu
1005 969 1034 996 et

293 1018 423 1051 scientia
438 1019 576 1062 paribus,
596 1018 755 1062 prioratus
779 1017 907 1060 Angliae
932 1022 962 1049 et
986 1016 1035 1049 Hi-

293 1071 421 1104 berniae
435 1082 469 1104 ac
483 1071 686 1105 baiuliratum
705 1071 833 1115 Aquilae
847 1069 1034 1114 praedictos,

293 1135 430 1168 quorum
460 1126 601 1164 fructus,
631 1124 771 1157 redditus
803 1128 830 1156 et
864 1128 1035 1167 proventus

292 1177 509 1221 praesentibus
533 1178 642 1211 haberi
668 1178 813 1211 volumus
836 1187 894 1220 pro
912 1187 1036 1220 expres-

292 1229 352 1271 sis,
377 1241 414 1263 ex
438 1241 542 1271 nunc,
567 1231 593 1263 si
617 1230 660 1263 illi
685 1230 723 1263 ad
746 1240 896 1274 praesens
924 1230 1034 1273 quovis

292 1284 387 1318 modo
411 1290 531 1326 vacent,
557 1285 604 1317 vel
629 1296 701 1318 cum
726 1285 865 1328 primum
889 1294 945 1328 per
961 1284 1035 1316 resi—

292 1339 472 1382 gnationem
487 1366 494 1380 ‚
520 1350 575 1373 seu
607 1341 804 1382 cessionem,
828 1347 880 1374 aut
912 1341 1033 1374 obitum

292 1393 362 1426 illos
387 1393 425 1426 ad
448 1404 598 1437 praesens
628 1394 857 1436 obtinentium,
882 1401 936 1428 aut
959 1396 1034 1428 alias

291 1447 526 1490 quomodolibet
557 1458 667 1484 vacare
696 1449 884 1492 eontigerit,
911 1450 1033 1483 etiamsi

291 1501 397 1534 forsan
427 1505 513 1534 tanto
542 1506 685 1545 tempore
718 1503 893 1535 vacaverint
909 1530 917 1543 ‚
950 1504 1033 1547 quod

291 1564 403 1586 eorum
427 1555 552 1588 collatio
577 1555 660 1588 iuxta
679 1556 897 1589 Lateranensis
920 1562 1034 1590 statuta

291 1607 415 1640 concilii
445 1608 483 1640 ad
512 1608 626 1642 Sedent
653 1610 865 1653 Apostolieam
894 1610 1034 1653 legitime

291 1661 455 1701 devoluta,
480 1661 595 1705 illaque
619 1662 817 1706 dispositioni
843 1664 1033 1707 apostolieae

290 1713 468 1757 specialiter
497 1715 545 1748 vel
573 1716 764 1758 generaliter
787 1722 947 1749 reservata
975 1718 1035 1750 exi-

291 1771 365 1808 stat,
390 1773 420 1800 et
445 1778 541 1812 super
565 1769 610 1801 eis
634 1769 716 1802 inter
735 1770 857 1814 aliquos
874 1771 911 1804 lis
932 1771 1034 1814 (euius

291 1825 426 1862 statum,
450 1832 508 1855 nec
531 1832 595 1856 non
620 1833 730 1856 verum
755 1828 784 1856 et
808 1824 954 1857 ultimum
979 1836 1034 1857 cu-

291 1873 402 1918 iusque
421 1875 548 1908 illorum
569 1876 737 1910 vacationis
754 1877 894 1919 modum,
912 1878 1034 1911 etiamsi

291 1937 329 1960 ex
351 1928 406 1961 illo
430 1929 557 1972 quaevis
576 1930 732 1972 generalis
752 1930 922 1964 reservatio
940 1932 1033 1964 etiam

290 1981 322 2013 in
346 1992 479 2026 corpore
503 1983 581 2016 iuris
597 1984 701 2016 clausa
718 1984 858 2025 resultet,
879 1983 929 2017 et²
948 1996 1035 2029 prae-

290 2034 430 2068 sentibus
454 2035 599 2069 similiter
618 2037 728 2069 haberi
749 2038 894 2071 volumus
910 2049 970 2082 pro
987 2050 1035 2071 ex-

290 2087 421 2131 pressis)
440 2088 574 2131 pendeat
596 2089 743 2131 indecisa,
761 2102 833 2123 cum
850 2091 911 2124 illis
928 2092 1034 2124 l'orsan

290 2140 419 2173 annexis
434 2151 470 2174 ac
487 2142 634 2175 omnibus
651 2143 773 2176 iuribus
790 2149 820 2176 et
835 2145 1034 2188 pertinentiis

290 2193 354 2227 suis
372 2193 452 2237 (sine
469 2199 573 2227 tamen
589 2195 782 2239 praeiudicio
804 2197 874 2230 illos
890 2198 928 2230 ad
947 2209 1035 2242 prae-

290 2257 361 2280 sens
378 2247 587 2281 obtinentium
598 2275 605 2288 ‚
622 2253 652 2280 et
668 2249 893 2290 andanstatem,
913 2256 966 2283 aut
986 2252 1034 2284 ius

289 2301 465 2344 quaesitum
482 2301 520 2334 ad
537 2301 607 2334 illos
623 2302 819 2346 habentium)
837 2304 1033 2346 magistratui

289 2355 460 2399 praedicto,
485 2355 584 2389 donec
609 2356 727 2388 dictum
752 2367 885 2400 regnum
907 2358 945 2390 ad
962 2359 1035 2391 obe-

289 2408 438 2441 dientiam
452 2409 630 2452 praedictae
646 2409 728 2442 sedis
745 2410 911 2443 reductum
928 2411 1031 2453 suerit,

289 2461 462 2505 apostoliea
477 2463 673 2503 auctoritate,
685 2468 794 2496 tenore
808 2464 1032 2507 praesentium,

289 2514 328 2547 de
351 2525 432 2548 novo
456 2515 593 2557 unimus,
617 2517 814 2550 annectimus
837 2523 868 2550 et
891 2517 1034 2562 incorpo-

289 2578 411 2601 ramus:
435 2569 477 2601 ita
508 2569 591 2613 quod
624 2570 715 2603 liceat
744 2571 896 2604 moderno
922 2577 950 2604 et.
975 2583 1033 2616 pro

323 2639 337 2669 1
361 2639 504 2677 Videretur
523 2641 669 2676 legendum
685 2645 780 2677 posset
795 2645 831 2677 (R.
849 2644 897 2678 τ.).

325 2685 342 2712 2
357 2685 492 2713 Particula
511 2689 537 2715 et
557 2686 691 2715 redundat
710 2688 748 2723 (a.
764 2689 812 2722 T.).

1716 266 1769 300 191

1067 332 1208 370 tempore
1223 326 1366 359 existenti
1381 325 1531 368 magistro
1544 323 1617 356 dicti
1634 322 1806 366 hospitalis,

1067 392 1102 412 ex
1120 380 1231 420 num-¹,
1250 380 1274 412 si
1292 379 1365 413 dicti
1391 379 1548 422 prioratus
1572 381 1600 410 et
1621 376 1807 410 baiulixatus

1069 438 1186 469 vacent,
1202 433 1248 464 rel
1261 443 1332 465 cum
1349 432 1487 476 primum
1502 431 1557 471 illi,
1573 436 1602 463 ut
1622 430 1808 473 praefertur,

1068 485 1254 525 meruerint,
1280 497 1336 528 per
1359 496 1402 523 se,
1428 485 1475 517 vel
1500 483 1611 523 alium,
1636 493 1691 515 seu
1714 482 1809 522 alios,

1068 537 1263 581 corporalem
1281 537 1509 580 possessionem
1527 535 1713 568 eorumdem
1729 534 1811 578 prio-

1068 596 1193 623 ratuum
1211 595 1238 622 et
1262 590 1449 622 baiuliratus
1473 589 1602 633 propria
1625 587 1810 621 auctoritate

1068 643 1165 676 libere
1190 642 1447 686 apprehemlere,
1473 646 1519 681 et,
1542 641 1641 674 donec
1669 639 1810 673 reductio

1068 695 1228 739 praedicta
1253 696 1331 727 saeta
1355 694 1409 733 sit,
1434 694 1592 733 retinere,
1619 692 1810 735 illorumque

1069 749 1188 781 t'ructus
1220 747 1360 779 redditus
1384 752 1413 779 et
1438 751 1607 790 proventus
1630 746 1662 777 in
1686 755 1810 777 eorum-

1068 801 1138 834 dem
1164 805 1193 834 et
1217 811 1290 833 suae
1315 810 1440 833 mensae
1467 798 1655 842 magistralis
1683 809 1759 831 usus
1779 803 1809 831 et

1068 853 1231 887 utilitatem
1255 858 1457 893 convertere,
1482 852 1743 885 Diaecesanorum
1767 851 1809 885 lo-

1068 918 1177 940 corum
1195 907 1243 939 vel
1260 906 1445 950 quorumvis
1463 905 1596 937 aliorum
1618 903 1741 937 licenti-:1
1760 904 1810 937 de-

1068 971 1162 1004 super
1187 960 1317 992 minime
1341 959 1501 1003 requisita.

1112 1014 1126 1057 ξ
1149 1013 1179 1046 3.
1204 1014 1273 1046 Non
1296 1012 1492 1046 obstantibus
1516 1013 1622 1044 nostra
1654 1010 1692 1043 de
1723 1010 1810 1043 unio-

1067 1066 1159 1098 nibus
1183 1064 1415 1099 committendis
1439 1064 1478 1097 ad
1502 1068 1624 1108 partes,
1649 1067 1679 1095 et
1703 1063 1809 1096 valore

1068 1120 1226 1153 fructuum
1252 1119 1347 1151 etiam
1371 1118 1526 1157 beneficii,
1552 1117 1601 1150 cui
1626 1115 1703 1149 illud
1726 1115 1809 1148 uniri

1068 1173 1193 1216 petitur,
1218 1184 1253 1205 ac
1278 1172 1372 1204 etiam
1396 1171 1434 1204 de
1458 1171 1565 1204 valore
1585 1170 1744 1202 fructuum
1760 1169 1812 1201 be-

1067 1226 1254 1259 neficiorum
1275 1225 1559 1258 ecelesiasticorum
1576 1223 1608 1256 in
1625 1234 1736 1256 eorum
1757 1222 1812 1255 im-

1068 1281 1296 1325 petrationibus
1318 1279 1534 1324 exprimendo,
1555 1289 1612 1311 nec
1637 1288 1700 1310 non
1722 1277 1812 1310 Boni-

1069 1335 1139 1368 sacii
1153 1335 1252 1379 Papae
1266 1335 1330 1367 Vlll
1344 1333 1597 1378 praedecessoris
1609 1331 1720 1371 nostri,
1732 1331 1812 1364 aliis-

1068 1402 1128 1435 que
1152 1390 1333 1434 apostolieis
1357 1389 1652 1429 constitutionibus,
1677 1398 1713 1420 ac
1736 1387 1810 1421 dicti

1068 1446 1231 1489 hospitalis
1249 1446 1458 1488 (iuramento,
1483 1443 1723 1477 confirmatione
1741 1453 1812 1486 apo-

1068 1501 1189 1540 stoliea,
1206 1500 1253 1532 vel
1270 1500 1379 1543 quavis
1399 1499 1548 1531 firmitate
1565 1497 1624 1530 alia
1640 1496 1811 1539 roboratis>

1068 1553 1190 1587 statutis
1215 1558 1243 1585 et
1269 1551 1562 1592 consuetudinibus,
1582 1549 1811 1589 stabilimentis,

1067 1607 1177 1640 usibus
1201 1613 1232 1640 et
1256 1607 1386 1647 naturis,
1411 1617 1446 1638 ae
1470 1606 1560 1638 noxis
1583 1603 1812 1638 reformationi-

1068 1663 1136 1702 bus,
1161 1661 1334 1705 privilegiis
1357 1670 1493 1704 quoque,
1510 1658 1638 1691 indultis
1654 1662 1682 1692 et
1698 1658 1812 1691 litteris

1068 1715 1257 1759 apostolicis,
1278 1714 1380 1746 eidem
1398 1713 1555 1757 hospitali,
1573 1711 1719 1756 illiusque
1741 1722 1812 1745 eon-

1068 1769 1183 1809 ventui,
1207 1774 1238 1800 et
1262 1767 1395 1809 linguis,
1419 1765 1657 1810 quomodolibet
1686 1775 1812 1798 conces-

1068 1822 1119 1861 sis,
1144 1821 1339 1854 confirmatis
1370 1825 1399 1853 et
1431 1819 1606 1859 innovatis,
1635 1818 1811 1861 ceterisque

1067 1874 1234 1908 contrariis
1250 1874 1511 1918 quilmscumque.
1527 1872 1678 1905 Volumus
1694 1876 1810 1911 autem,

1067 1929 1151 1973 quod
1176 1929 1334 1972 prioratus
1351 1933 1378 1960 et
1404 1926 1590 1960 baiulivatus
1614 1925 1810 1969 huiusmodi)

1067 1983 1258 2026 ubicumque
1282 1982 1407 2026 poterit,
1433 1980 1545 2014 debitis
1562 1984 1731 2024 propterea
1747 1990 1811 2013 non

1066 2036 1250 2069 fraudentur
1275 2035 1443 2079 obsequiis,
1461 2034 1515 2067 sed
1536 2044 1646 2067 eorum
1671 2043 1811 2076 congrue

1068 2095 1295 2134 supportentur
1319 2100 1416 2123 onera
1441 2092 1598 2121 consueta.

1112 2144 1224 2176 Datum
1242 2144 1360 2176 Romae
1377 2142 1460 2185 apud
1477 2143 1506 2176 S.
1519 2142 1669 2181 Marcum,
1687 2139 1744 2173 sub
1761 2150 1811 2172 an-

1067 2198 1143 2230 nulo
1156 2197 1334 2237 piscatoris,
1351 2196 1400 2229 die
1413 2207 1477 2229 xxv
1491 2194 1678 2239 septembris
1691 2203 1810 2233 innexu,

1067 2251 1268 2294 pontificatus
1285 2250 1384 2283 nostri
1401 2260 1483 2282 anno
1501 2259 1566 2282 vm.

1103 2315 1164 2341 Dat.
1183 2314 1225 2341 die
1245 2314 1280 2340 25
1296 2313 1460 2348 septembris
1482 2313 1560 2347 tot-2,
1577 2311 1670 2348 pontif.
1693 2319 1735 2338 an.
1757 2316 1810 2337 vlu-

1377 2446 1497 2480 CCXXI.

1067 2518 1098 2552 F
1097 2518 1224 2551 aculeus
1240 2518 1468 2561 deputatorum
1485 2528 1505 2549 α
1522 2517 1665 2560 capituto
1682 2528 1812 2551 conven-

1111 2571 1259 2604 ventuali
1282 2571 1382 2603 eremi
1405 2571 1525 2603 Montis
1549 2571 1693 2612 Senarii,
1714 2570 1811 2605 Ordi-

1110 2625 1164 2656 m's
1186 2625 1325 2667 fratrum
1346 2624 1517 2657 Servorum
1537 2625 1575 2657 B.
1592 2624 1721 2658 Mariae
1745 2624 1811 2658 t'ir-

1104 2690 1114 2715 1
1137 2688 1209 2716 Edit.
1231 2687 1311 2715 main.
1332 2687 1397 2723 tegit
1416 2696 1453 2715 ex
1472 2690 1538 2715 tunc
1557 2687 1595 2722 (a.
1611 2694 1627 2714 ‘r
1641 2690 1660 2722 ).

1822 273 1870 300 An.
1888 272 1918 301 C.
1937 272 2004 300 ¹612

1851 1030 1944 1056 Derogat
1958 1035 2008 1052 con-

1823 1057 1902 1078 trariis.
