2293 3231
251 302 301 328 An.
315 300 346 327 C.
371 299 435 327 1617

482 291 546 327 >208

452 360 506 381 seu
532 359 680 391 personas
705 348 928 380 ecclesiasticas
954 348 997 380 uti
1023 348 1098 380 tales
1123 359 1190 391 spe-

1032 301 1212 326 mmmmm!
1236 301 1392 327 nonnum

1223 348 1405 391 quinionem
1443 349 1673 392 primitiarum,
1706 351 1899 383 decimarum
1933 357 1962 384 ct

453 401 607 433 cultilibus
631 405 660 434 ct
686 400 925 444 pcrtinentibus,
952 400 1016 433 sii-e
1040 406 1134 443 agant
1157 411 1189 432 a·
1222 401 1354 433 aliarum
1368 402 1649 435 ecclesiasticarum
1660 403 1961 441 obventionunnscu

452 453 554 486 ctione
587 453 763 496 personali,
794 453 888 488 reali,
921 453 1033 493 mixta,
1058 453 1089 486 in
1123 464 1190 486 rem

452 506 577 549 scripta,
604 506 649 538 vel
673 506 732 538 alia
757 516 966 549 quacumque,
987 511 1049 538 tam
1075 506 1106 539 in
1124 517 1191 550 pos-

452 558 587 590 sessorio
612 568 705 601 quam
726 557 755 590 in
776 558 923 601 petitorio
940 558 1076 594 (etiamsi
1095 559 1191 592 laicus

451 610 656 654 probabiliter
680 615 771 654 neget
797 622 831 644 ea
856 611 954 651 bona,
979 611 1068 651 iura,
1094 617 1134 651 et,
1158 618 1190 645 ut

451 674 557 706 supra.
584 674 651 696 esse
677 664 838 704 ecelesiae,
863 665 909 697 vel
943 670 975 697 ut
999 675 1113 708 supra,
1138 670 1189 697 aut

451 715 488 747 ad
513 726 592 751 (nun,
611 721 640 749 et
656 721 689 749 ut
703 727 796 760 supra
814 722 956 760 spectare
973 723 1001 750 et
1019 718 1190 761 pertinere)

451 779 544 811 agere
569 770 689 813 possint
715 776 824 803 contra
854 771 949 804 laicos
980 777 1041 804 tam
1067 772 1098 804 in
1123 774 1191 805 l'oro

451 822 673 863 ecclesiastico,
697 835 791 868 quam
817 825 847 857 in
873 825 1017 866 seculari,
1034 831 1126 869 prout
1145 826 1190 870 ip-

451 874 492 907 sis
518 875 680 918 placuerit.

735 955 848 989 Cirr-r.
875 955 909 988 ll.

495 1035 582 1068 Circa
612 1035 767 1068 actionem
799 1035 1075 1079 hypothecariam,
1106 1041 1192 1070 extra

452 1088 615 1121 materiam
640 1089 816 1132 legatorum
841 1089 978 1133 piorum,
996 1089 1192 1134 relinquatur

451 1141 651 1186 dispositioni
669 1141 746 1174 iuris
763 1142 950 1175 communis.

731 1222 834 1256 CArt'T
860 1222 908 1255 lll.

497 1302 701 1346 Excipiuntur
726 1312 853 1341 causae,
877 1313 954 1345 quas
979 1302 1097 1335 moveri
1123 1312 1193 1335 con-

452 1355 554 1397 tigerit
584 1365 640 1398 per
665 1355 830 1387 ecclesiam
857 1355 903 1387 vel
929 1355 1061 1388 clericos
1086 1355 1192 1395 vig-ore

452 1419 604 1442 novarum
618 1407 894 1444 Constitutionum,
908 1413 935 1440 ct
954 1418 1107 1441 novarum
1127 1408 1193 1440 Bul-

453 1462 552 1494 larum
579 1461 814 1494 Pontificiarum
838 1461 1004 1501 editarum,
1026 1462 1071 1494 vel
1098 1461 1191 1493 eden-

451 1515 574 1551 darum,
590 1525 659 1547 nam
678 1515 737 1548 lioc
754 1525 827 1547 casu
841 1514 997 1557 agendum
1013 1514 1071 1547 crit
1084 1525 1191 1547 coram

452 1579 489 1601 co
507 1568 618 1607 iudice,
636 1568 674 1601 ad
699 1579 792 1611 quem
815 1568 852 1600 de
870 1568 938 1600 iure
955 1567 1126 1607 communi,
1145 1568 1191 1600 vel

452 1621 536 1659 alias,
554 1620 794 1664 circumscripta
818 1625 938 1653 tantum
956 1620 1192 1660 consuetudine,

452 1674 590 1716 cognitio
615 1673 697 1706 illius
722 1684 834 1706 causae
859 1673 1027 1717 spectabit,
1046 1673 1132 1706 Bulla
1151 1678 1193 1705 ta-

453 1737 522 1759 men
549 1726 592 1759 Pii
619 1727 640 1758 Y
666 1732 774 1759 contra
805 1725 986 1768 illegitimos
1011 1726 1192 1759 moderetur

451 1790 506 1812 seu
523 1779 743 1822 restringatur,
763 1784 795 1812 ut
813 1779 842 1811 in
864 1779 1147 1823 empliytlieusibus
1162 1785 1190 1812 et

452 1832 550 1866 l'eudis
575 1832 811 1872 ecclesiasticis,
836 1832 924 1864 sactis
948 1843 1004 1865 seu
1035 1832 1192 1865 concessis

451 1890 520 1919 ante
534 1886 648 1919 dictam
668 1886 799 1924 Bullam,
817 1885 937 1929 possint
951 1885 1106 1928 illegitimi
1127 1897 1193 1919 sue-

451 1939 561 1972 ccdcre
576 1939 748 1972 secundum
763 1938 1000 1982 dispositionem
1015 1939 1092 1972 iuris
1109 1950 1192 1973 com-

451 2002 563 2025 munis.

732 2072 835 2104 CA1=15T
862 2071 906 2103 ll'.

496 2153 700 2197 Excipiuntur
716 2152 810 2185 eliam
828 2163 950 2192 causae,
966 2153 996 2186 in
1014 2153 1128 2196 quibus
1146 2166 1192 2186 ec-

451 2206 563 2238 clesiae
588 2216 641 2237 scu
668 2205 855 2238 monasteria
881 2205 1123 2247 praetenderent
1139 2205 1191 2238 ali-

450 2268 544 2301 quam
577 2257 800 2290 haereditatem
831 2257 923 2290 alicui
950 2258 1105 2290 monacho
1137 2270 1190 2290 seu

452 2311 590 2349 moniali,
604 2321 658 2343 seu
676 2310 812 2343 cuiusvis
825 2310 949 2343 Ordinis
968 2310 1104 2353 regulari
1124 2322 1191 2354 per—

451 2373 555 2403 sonae,
572 2363 610 2395 ab
635 2363 780 2396 intestato
797 2362 943 2401 delatam,
960 2373 997 2396 eo
1016 2363 1099 2395 enim
1117 2374 1190 2396 casu

1224 454 1400 496 legatorum
1421 454 1557 498 piorum,
1583 456 1751 495 fructuum,
1775 456 1960 499 pensionum

1225 506 1429 539 vellictorum
1448 507 1648 550 simplicium,
1665 513 1719 540 aut
1731 509 1876 542 lictorum
1895 520 1963 552 per-

1223 564 1390 602 petuorum
1416 570 1470 592 seu
1495 560 1721 594 libellariorum
1747 566 1777 594 et
1800 572 1962 599 censuum,

1224 622 1258 644 ac
1283 612 1539 656 dependentium.
1556 618 1664 647 contra
1682 613 1777 647 laicos
1797 614 1962 648 conducto-

1225 675 1290 704 res,
1321 665 1475 704 colonos,
1507 665 1740 710 emphyteutas,
1773 667 1962 703 libellarios.

1224 718 1452 761 pensionarios,
1467 719 1658 759 censuarios,
1668 730 1722 752 seu
1736 719 1812 752 alias
1824 730 1861 752 ex
1878 730 1963 763 prae-

1225 770 1328 803 missis
1349 771 1452 804 causis
1477 771 1637 805 debitores
1661 772 1820 812 ecclesiae,
1845 772 1962 813 clerici,

1225 834 1279 856 seu
1312 834 1519 867 personarum
1545 825 1827 858 ecclesiasticarum
1852 825 1895 858 uti
1919 830 1964 858 ta-

1226 876 1312 917 lium,
1339 883 1369 910 ut
1395 888 1500 922 supra,
1516 888 1610 921 agere
1628 878 1747 921 possint
1767 882 1830 911 tam
1848 877 1879 910 in
1895 878 1964 912 soro

1225 930 1385 971 ecclesiae,
1409 941 1503 974 quam
1529 931 1560 964 in
1585 931 1729 971 seculari,
1746 937 1776 964 et
1792 931 1852 964 hoc
1868 930 1964 964 indis-

1226 982 1330 1023 tincte,
1356 983 1420 1016 sire
1444 983 1483 1016 de
1509 983 1629 1017 credito
1649 989 1770 1017 constet
1788 994 1844 1028 per
1868 983 1964 1027 scrip-

1226 1039 1328 1069 turam
1353 1036 1520 1080 publicam,
1546 1037 1592 1070 vel
1618 1036 1782 1080 privatam,
1807 1037 1871 1070 sive
1891 1046 1963 1070 non.

1225 1088 1312 1127 Quod
1337 1089 1361 1121 si
1387 1100 1480 1132 agere
1506 1089 1661 1123 voluerint
1681 1095 1790 1123 contra
1814 1089 1892 1123 alios
1915 1089 1965 1123 de-

1225 1141 1360 1181 bitores,
1385 1147 1458 1186 puta
1482 1153 1518 1175 ex
1549 1145 1642 1176 causa
1668 1142 1787 1183 mutui,
1811 1142 1964 1186 depositi,

1226 1199 1278 1226 aut
1303 1194 1394 1238 prctii
1420 1195 1464 1227 rei
1489 1195 1719 1229 ecclesiasticae
1743 1195 1896 1233 venditae,
1913 1201 1963 1229 aut

1226 1259 1425 1292 quacumque
1450 1249 1509 1281 alia
1534 1260 1570 1282 cx
1595 1252 1698 1288 causa,
1716 1249 1846 1293 possint.
1871 1250 1895 1282 si
1914 1261 1963 1283 ve-

1227 1301 1300 1341 lint,
1322 1301 1438 1345 paritcr
1468 1313 1562 1343 agere
1587 1308 1696 1335 contra
1717 1302 1822 1343 laicos,
1845 1308 1906 1336 tam
1932 1303 1963 1336 in

1227 1364 1288 1387 uno
1313 1365 1407 1398 quam
1434 1355 1464 1387 in
1488 1355 1550 1388 alio
1574 1357 1663 1396 l'oro,
1688 1355 1860 1390 dummodo
1891 1367 1964 1389 con-

1226 1413 1283 1440 stct
1304 1408 1341 1439 dc
1368 1407 1487 1442 credito
1513 1420 1568 1451 per
1593 1408 1752 1452 publicum
1778 1409 1966 1443 instrumen-

1227 1465 1302 1499 tum,
1317 1461 1363 1493 vel
1377 1460 1567 1504 scripturam
1586 1461 1737 1504 privatam
1755 1461 1964 1505 subscriptam

1227 1523 1318 1545 manu
1337 1513 1500 1553 debitoris,
1517 1515 1562 1546 vel
1577 1514 1706 1548 alterius
1722 1514 1760 1547 de
1777 1514 1861 1547 illius
1878 1525 1965 1548 man-

1226 1566 1318 1605 dato,
1344 1567 1436 1599 salvis
1468 1572 1572 1600 tamen
1606 1567 1642 1600 iis
1667 1567 1861 1611 privilegiis,
1885 1579 1965 1611 quae

1226 1620 1375 1653 ecclcsiae
1399 1625 1429 1654 et
1453 1621 1674 1654 ecclesiasticis
1698 1621 1843 1664 personis
1863 1632 1966 1665 respe-

1226 1679 1276 1706 ctu
1302 1674 1359 1707 l'ori
1377 1674 1414 1707 dc
1439 1674 1506 1707 iure
1531 1674 1691 1707 communi
1709 1678 1888 1718 competunt
1907 1685 1965 1719 pro

1225 1726 1447 1760 conveniendis
1464 1727 1551 1760 laicis
1570 1727 1600 1759 in
1614 1727 1682 1760 soro
1695 1727 1914 1761 ecclesiastico.

1507 1806 1610 1839 CAPUT
1636 1806 1680 1838 Vl.

1273 1889 1340 1925 Quo
1370 1897 1444 1919 vero
1476 1886 1513 1918 ad
1543 1885 1623 1919 bona
1656 1886 1886 1929 patrimonialia
1917 1887 1963 1919 vel

1225 1939 1346 1972 laicalia
1370 1939 1577 1979 clericorum,
1603 1950 1657 1972 scu
1681 1949 1890 1982 personarum
1914 1950 1964 1972 ec-

1225 1991 1471 2025 clesiasticarum
1489 1992 1693 2034 gaudentium
1711 1992 1770 2026 l'ori
1787 1991 1964 2036 privilegio,

1225 2045 1249 2077 si
1275 2045 1454 2078 huiusmodi
1488 2055 1639 2088 personae
1670 2050 1765 2088 agant
1792 2044 1830 2078 de
1855 2055 1964 2079 eonse-

1225 2098 1348 2141 quenda
1378 2099 1424 2131 vel
1446 2098 1661 2142 recuperanda
1680 2098 1852 2141 quantitate
1874 2108 1965 2142 pecu-

1225 2151 1359 2191 niarum,
1371 2152 1539 2191 fructuum,
1554 2150 1728 2191 mobilium,
1738 2150 1964 2185 semoventium

1226 2203 1271 2235 vel
1297 2203 1346 2236 liis
1371 2203 1539 2243 similium,
1564 2214 1761 2247 quacumque
1790 2215 1827 2237 ex
1852 2207 1965 2243 causa,

1225 2261 1287 2288 tam
1314 2256 1395 2289 inter
1420 2256 1506 2290 vivos
1531 2267 1624 2300 quam
1649 2267 1685 2290 ex
1710 2256 1819 2289 ultima
1856 2257 1965 2290 volun-

1226 2314 1296 2349 tate,
1313 2309 1351 2341 ad
1373 2320 1424 2342 eas
1449 2309 1687 2353 quomodolibet
1711 2308 1918 2352 spectantium
1935 2314 1965 2342 et

1225 2362 1460 2406 pertinentium,
1486 2363 1532 2395 vel
1557 2362 1602 2395 eis
1625 2362 1819 2402 debitorum,
1844 2361 1962 2406 possint

451 2417 607 2459 agendum
632 2416 688 2450 erit
715 2426 822 2450 coram
846 2416 948 2449 iudice
972 2416 1106 2450 seculari
1131 2420 1192 2450 tau-
1224 2425 1318 2457 agere
1335 2420 1444 2449 contra
1465 2426 1681 2459 quoscumque
1698 2415 1794 2448 laicos
1806 2414 1964 2449 debitores

453 2475 529 2510 tum,
546 2473 607 2503 tam
622 2470 653 2503 in
667 2469 861 2513 possessorio
875 2480 968 2513 quam
985 2469 1015 2502 in
1034 2469 1190 2513 petitorio.

741 2548 844 2582 Caper
871 2549 902 2580 V.

497 2626 526 2658 Si
554 2637 626 2659 vero
650 2627 791 2665 ecclesia,
816 2627 932 2668 clerici,
957 2639 1012 2660 seu
1037 2637 1192 2672 personae

453 2679 678 2714 ecclesiasticae
703 2691 797 2725 agere
830 2681 983 2716 voluerint
1014 2681 1052 2714 ad
1077 2691 1193 2716 conse-

1225 2479 1261 2501 ex
1286 2469 1434 2512 praefatis
1459 2468 1560 2502 causis
1591 2468 1622 2500 in
1650 2468 1718 2501 foro
1742 2467 1964 2507 ecclesiastico,

1225 2521 1319 2555 modo
1344 2527 1447 2555 tamen
1471 2522 1509 2555 de
1533 2521 1654 2555 credito
1678 2525 1799 2555 constet.
1823 2532 1880 2565 per
1905 2533 1962 2566 pu-

1225 2574 1341 2608 blicum
1359 2575 1612 2614 instrumentum,
1625 2574 1672 2606 vel
1689 2574 1877 2618 scripturam
1895 2575 1964 2608 sub-

1225 2627 1375 2672 scriptam
1401 2637 1494 2660 manu
1519 2626 1679 2666 debitoris,
1704 2632 1757 2660 aut
1780 2627 1909 2661 alterius
1925 2627 1963 2662 de

1226 2681 1308 2716 illius
1333 2680 1498 2722 mandato,
1522 2691 1594 2714 cum
1618 2679 1844 2722 declaratione,
1868 2681 1963 2726 quod,

1977 305 2028 332 An,
2043 303 2072 331 C.
2092 303 2161 333 16¹7
