2293 3231
158 277 207 305 An.
224 278 252 306 C.
275 278 339 306 1614

181 550 277 576 Capitula
303 556 338 569 er-

155 577 266 597 cleslnrum
301 576 337 595 (Li-

153 603 227 624 stenae
238 603 338 628 attingi.)-

154 631 186 651 nis
201 630 336 651 concordiam

153 662 199 676 eum
206 657 302 682 Philippo
312 657 337 677 ΙΙΙ

154 688 203 706 roae
218 684 291 704 ineunt
305 688 338 702 su-

153 714 191 734 per

154 736 337 761 primaodecinine

154 761 223 782 uidem
247 769 259 782 a
281 761 337 782 Sede

233 709 337 729 solutione

153 789 273 813 Apostolica
289 794 335 808 cour

102 820 107 826 ¹
153 820 236 835 cessae:

990 278 1108 302 PAULUS
1136 278 1152 301 V
1178 278 1224 302 PP-

353 325 435 358 diam
461 331 491 357 et
516 336 624 369 pacem
652 326 731 358 inter
756 325 926 358 catholicos
952 336 1042 367 reges
1064 331 1093 357 et

355 377 580 412 ecclesiasticas
598 389 749 422 personas
767 390 863 421 super
880 378 1092 411 exactionibus

353 430 527 474 apostoliea
553 431 736 463 auctoritate
763 430 910 463 faciendis
936 430 1092 473 pertinere

354 483 591 526 dignoscuntur.

397 537 412 578 g
437 536 464 568 ’1.
484 535 491 552 ¹
509 536 616 579 Nuper
640 536 794 579 siquidem
820 535 912 575 (sicut
937 535 1025 567 nohis
1046 546 1094 567 ex-

353 588 426 632 poni
451 589 589 620 fecerunt
608 588 810 621 charissimus
828 588 857 619 in
874 587 995 620 Christo
1013 587 1093 619 silius

353 646 460 674 noster
484 641 645 683 Philippus
671 641 708 673 ΙΙΙ
735 640 953 683 Hispaniarum
972 651 1024 672 rex
1043 651 1092 672 ea-

353 694 498 733 tholicus,
516 704 551 726 ac
568 694 671 727 dilecti
689 693 743 726 filii
766 693 959 735 singularum
977 694 1094 726 Toleta-

352 756 420 786 nae,
445 746 647 789 Hispalensis,
676 745 955 789 Compostellanae,
981 747 1093 779 Grana-

354 798 456 839 tensis,
478 798 657 841 Burgensis,
672 797 886 840 Legionensis,
905 797 1091 838 Palentinae,

353 850 522 891 Ovetensis,
546 850 765 890 Cordubensis,
787 850 960 890 Abulensis,
978 851 1093 884 Asteri-

351 904 462 944 censis,
488 905 641 943 Pacensis,
667 903 912 943 vallisoletanae,
930 903 1091 946 Carthagi-

351 957 465 997 nensis‚
490 957 736 1000 Calaguritanae,
753 956 968 996 Calceatensis,
986 956 1092 989 Civita-

351 1009 455 1050 tensis‚
468 1009 658 1049 Gadicensis,
672 1008 872 1049 ConchensiS,
887 1008 1090 1049 Zamorensis,

350 1062 544 1102 Cannensis,
574 1061 839 1105 Pampilonensis,
865 1060 1090 1102 Guadixensis,

350 1115 542 1156 Giennensis,
567 1115 724 1155 Lucensis,
749 1114 980 1154 Mindoniensis,
1001 1115 1092 1147 Mala-

350 1167 478 1208 citanae‚
503 1167 673 1205 Auriensis,
698 1167 889 1207 Oxomensis,
910 1166 1090 1208 Oriolensis,

351 1220 564 1261 Placentinae,
598 1220 818 1263 Segobiensis‚
846 1219 1090 1254 Salamanlinen-

351 1274 401 1315 sis,
431 1274 636 1317 Seguntinae,
665 1275 687 1307 T
691 1274 815 1307 udensis
839 1279 866 1306 et
895 1273 1090 1307 Carianensis

350 1328 553 1361 ecclesiarum
571 1328 715 1371 capitula,
734 1338 813 1370 quae
831 1327 1011 1360 universum
1029 1328 1090 1359 ele-

350 1393 420 1415 rum
432 1392 603 1425 regnorum
612 1382 761 1415 Castellae
774 1385 802 1415 et
812 1381 958 1424 Legionis
970 1391 1091 1424 reprae-

350 1436 492 1478 sentant)
525 1435 759 1468 considerantes
793 1435 894 1468 dictus
930 1435 1090 1479 Philippus

350 1500 404 1522 rex
429 1495 459 1522 et
483 1489 617 1533 capitula
641 1489 799 1532 praedicta
823 1489 956 1531 gratiam
975 1493 1003 1523 et
1020 1501 1092 1523 con-

351 1543 523 1576 cessionem
556 1543 676 1586 primae
709 1543 848 1575 decimae
880 1544 1089 1586 quarumlibet

350 1596 504 1629 dictarum
529 1596 731 1629 ecelesiarum
755 1601 785 1630 et
808 1597 1035 1640 parochialium
1060 1598 1090 1629 in

349 1649 495 1683 omnibus
527 1650 746 1693 Hispaniarum
779 1651 886 1692 regnis
918 1655 947 1684 et
981 1649 1091 1684 insulis

349 1701 427 1735 illis*z
441 1702 664 1743 adiacentibus,
677 1714 734 1746 per
748 1702 865 1735 dudum
879 1703 976 1736 felicis
989 1715 1092 1737 recor-

349 1755 483 1788 dationis
509 1755 597 1788 Pium
618 1755 731 1799 Papam
758 1756 790 1795 V,
814 1756 1091 1799 praedecessorem

349 1814 516 1848 nostrum,
549 1810 651 1841 clarae
685 1809 856 1842 memoriae
889 1809 1034 1854 Philippo
1066 1811 1090 1843 ll

350 1862 571 1907 Hispaniarum
589 1863 656 1905 regi
681 1864 845 1901 catholieo,
862 1864 1002 1897 eiusdem
1020 1865 1091 1897 Phi-

349 1916 425 1960 lippi
450 1916 488 1949 Ill
514 1917 598 1959 regis
617 1917 761 1959 genitori,
783 1918 821 1950 ad
842 1918 1090 1961 quinquennium

351 1979 540 2010 concessam,
559 1973 588 2003 et
606 1975 714 2012 postea
739 1970 856 2013 pluries
873 1982 890 2003 a
908 1971 1091 2003 recolendae

351 2022 522 2055 memoriae
532 2023 686 2065 Gregorio
700 2023 765 2056 Xlll
780 2028 807 2056 et
823 2024 933 2057 deinde
948 2035 964 2056 a
974 2024 1058 2057 Sixto
1069 2025 1090 2057 Υ

351 2079 380 2109 et
396 2075 596 2118 postmodum
614 2086 631 2107 a
648 2076 801 2118 Gregorio
819 2077 881 2109 xlv
900 2087 933 2109 ae
959 2077 1092 2121 denique

352 2139 369 2160 a
393 2128 549 2161 Clemente
575 2128 637 2161 Vll]
661 2129 953 2171 praedecessoribus
977 2132 1092 2164 nostris

352 2181 446 2214 etiam
463 2182 582 2226 pluries
597 2187 625 2214 et
638 2182 749 2214 ultima
769 2183 832 2215 rice
850 2184 889 2215 ad
906 2184 989 2217 aliud
1006 2185 1093 2228 quin-

352 2235 523 2278 quennium
556 2236 593 2276 (a
627 2239 767 2278 tempore
800 2236 854 2268 in³
877 2237 1091 2281 infrascriptae

352 2287 538 2321 concordiae
564 2288 781 2324 instrumento,
811 2294 843 2321 ut
866 2291 1026 2329 asseritur,
1044 2302 1092 2324 ex-

352 2351 460 2385 presso
484 2341 686 2384 inchoatum)
711 2348 913 2385 prorogatam
939 2349 968 2375 et
992 2346 1093 2378 eaten-

352 2394 444 2433 sam⁴,
459 2398 553 2438 prout
571 2394 601 2426 in
619 2394 750 2437 singulis
765 2396 948 2428 eorumdem
965 2397 1092 2439 praede-

389 2466 399 2492 1
423 2466 520 2494 Confer
544 2466 790 2501 quamsimillimam
820 2467 939 2494 eiusdem
970 2468 1043 2496 Pauli
1072 2469 1090 2495 V

352 2501 441 2529 Const.
458 2508 536 2529 exim
552 2503 577 2528 in
593 2505 655 2528 tom.
674 2510 763 2537 praee.
780 2510 840 2538 pag.
857 2503 909 2530 590
924 2504 959 2537 (ni
971 2504 1019 2537 τῲ.

387 2546 404 2572 2
424 2545 495 2573 Edit.
515 2545 595 2573 Main.
619 2546 684 2582 legit
703 2547 749 2574 illi
768 2547 807 2581 (n.
826 2554 861 2580 τ).

1769 266 1827 300 281

1125 336 1283 358 Cossorum
1299 325 1434 368 desuper
1449 324 1600 368 expeditis
1617 323 1726 358 litteris
1742 324 1864 367 plenius

1125 377 1334 415 contineam-¹,
1360 378 1383 409 si
1410 377 1526 410 eisdem
1558 377 1650 410 modo
1680 382 1707 408 ct
1743 378 1863 417 forma,

1124 431 1238 474 quihus·
1262 441 1410 463 concessa
1434 436 1489 469 est,
1515 430 1716 473 exequutioni
1741 430 1864 462 deman-

1124 486 1262 521 daretur„
1282 486 1309 517 id
1329 496 1389 519 non
1411 486 1476 517 sine
1494 485 1633 517 eiusdem
1655 484 1729 517 cleri
1750 484 1864 517 incom-

1125 538 1218 570 modo
1248 539 1357 581 exequi
1383 544 1500 581 possen
1526 538 1747 581 cupientesque
1773 548 1863 580 prae-

1126 590 1228 622 missis
1246 592 1292 627 ca,
1306 602 1366 633 qua
1383 596 1494 634 potest,
1513 591 1632 623 ratione
1649 590 1784 629 occurri,
1802 601 1863 633 quo

1125 642 1244 675 facilius
1275 643 1343 682 illa,
1369 643 1406 674 ad
1431 653 1509 686 quae
1538 647 1702 682 tenentur,
1728 643 1766 675 al)
1791 643 1864 686 ipsis

1126 695 1288 738 adimpleri
1315 696 1445 735 valeant,
1469 696 1616 739 ipsaeque
1641 706 1792 739 personae
1818 706 1865 728 ec-

1126 747 1314 781 clesiasticae
1340 758 1418 780 onus
1439 748 1499 785 illis
1521 759 1587 780 eam
1610 749 1649 781 ob
1671 758 1797 781 causam
1823 748 1866 780 in-

1125 800 1275 832 cumbens
1300 805 1487 843 supportare
1512 800 1632 832 facilius
1660 800 1801 844 possint,
1827 800 1864 832 ad

1125 852 1355 896 infrascriptam
1375 852 1575 886 concordiam
1595 864 1651 896 per
1671 864 1779 886 earum
1796 864 1866 897 pro—

1125 908 1285 938 curatores
1309 905 1346 936 ad
1372 905 1430 938 hoc
1451 905 1626 948 specialiter
1643 905 1807 949 deputatos
1823 905 1866 938 in-

1125 957 1217 990 simul
1241 957 1443 997 derenerunt,
1468 958 1623 991 videlicet:

1169 1012 1183 1053 g
1209 1010 1236 1043 Ξ.
1263 1011 1295 1042 ln
1319 1010 1440 1054 primis,
1457 1011 1541 1054 quod
1566 1010 1745 1054 praedictus
1769 1015 1864 1045 status

1124 1063 1352 1097 ecclesiasticus
1365 1074 1498 1097 coronae
1511 1064 1660 1098 Castellae
1677 1067 1706 1098 et
1721 1064 1866 1107 Legionis

1124 1117 1232 1150 darent
1256 1122 1286 1149 et
1310 1117 1466 1149 solverent
1498 1116 1581 1150 dicto
1612 1116 1754 1160 Philippo
1778 1117 1865 1159 regi,

1123 1181 1178 1203 seu
1198 1180 1349 1214 personae
1367 1170 1405 1202 ab
1423 1181 1460 1203 eo
1478 1170 1651 1214 deputatae,
1669 1170 1821 1203 ducentos
1837 1174 1866 1204 et

1124 1223 1350 1266 quinquaginta
1367 1222 1451 1255 mille
1469 1222 1607 1263 ducatos,
1621 1223 1675 1266 qui
1695 1222 1866 1255 ascendunt

1124 1276 1161 1308 ad
1186 1286 1353 1308 munerum
1377 1275 1547 1319 nonaginta
1578 1275 1674 1308 trium
1701 1280 1866 1319 computo-

1124 1330 1217 1362 rum³
1249 1333 1277 1363 et
1313 1330 1606 1373 septingentorum³
1639 1329 1866 1372 quinquaginta

1124 1383 1258 1416 millium
1283 1383 1594 1427 morapetinorum⁴,
1620 1393 1678 1426 pro
1703 1382 1762 1415 iis⁵
1786 1393 1866 1426 quae

1124 1438 1161 1470 ad
1175 1437 1353 1470 huiusmodi
1368 1437 1513 1470 effectum
1527 1436 1610 1470 dicto
1628 1436 1696 1479 regi
1713 1436 1867 1469 debentur

1124 1497 1152 1523 et
1178 1491 1216 1523 ad
1242 1502 1312 1523 eum
1338 1494 1475 1534 spectant
1499 1490 1619 1523 ratione
1644 1489 1800 1523 dictorum
1822 1499 1867 1522 re—

1125 1556 1259 1587 gnorum
1270 1545 1418 1578 Castellae
1433 1549 1461 1577 et
1476 1543 1621 1586 Legionis
1635 1546 1710 1585 <non
1724 1553 1867 1587 compre·

1126 1599 1229 1631 hensis
1256 1599 1285 1630 in
1311 1598 1400 1631 dietis
1420 1597 1562 1631 ducentis
1587 1602 1616 1630 et
1640 1596 1866 1640 quinquaginta

1126 1652 1264 1684 millibus
1288 1652 1408 1685 duratis
1433 1651 1537 1694 regnis
1557 1651 1743 1693 Aragoniae,
1760 1650 1866 1684 Catha-

1125 1705 1226 1737 loniae
1252 1710 1279 1737 et
1306 1705 1473 1745 Valentiao,
1497 1715 1532 1737 ac
1557 1703 1666 1736 insulis
1696 1703 1757 1736 illis
1781 1703 1865 1736 adia-

1126 1758 1277 1797 centibus,
1292 1758 1332 1790 ita
1345 1764 1378 1790 ut
1392 1757 1492 1790 dictus
1506 1757 1666 1800 Philippus
1683 1767 1737 1788 rex
1753 1756 1791 1788 ab
1806 1756 1866 1789 illis

1125 1812 1223 1854 possit
1247 1811 1383 1854 exigere,
1408 1816 1501 1854 prout
1526 1810 1586 1843 sihi
1611 1810 1711 1842 visum
1732 1809 1811 1842 soret
1829 1820 1865 1842 ex

1125 1865 1349 1908 prorogatione
1364 1864 1545 1897 huiusmodi
1561 1863 1796 1907 provenientiae
1814 1873 1865 1895 ex-

1126 1920 1217 1962 cepta
1241 1918 1371 1951 ecclesia
1396 1917 1565 1958 Oriolensi,
1590 1917 1679 1950 euius
1703 1916 1866 1960 dispositio

1126 1976 1155 2003 et
1170 1981 1242 2014 pars
1259 1971 1435 2013 ingreditur
1452 1974 1481 2004 et
1499 1974 1699 2014 computatur
1716 1971 1778 2002 una
1795 1980 1865 2002 cum

1126 2030 1207 2057 statu
1230 2024 1440 2057 ecclesiastico
1466 2034 1600 2057 coronae
1620 2023 1792 2066 Castellae);
1813 2022 1866 2065 qui

1127 2078 1253 2121 quidem
1279 2078 1402 2112 ducenti
1420 2083 1447 2110 et
1466 2077 1692 2121 quinquaginta
1713 2076 1798 2110 mille
1814 2077 1867 2110 du-

1127 2132 1185 2166 cati
1210 2132 1345 2175 persolvi
1363 2131 1511 2165 deberent
1537 2135 1569 2165 ut
1597 2130 1688 2171 infra,
1708 2130 1864 2164 videlicet:

1164 2231 1173 2256 1
1206 2231 1278 2261 Quas
1297 2238 1391 2257 omnes
1417 2237 1470 2256 non
1498 2232 1562 2264 puto
1591 2236 1649 2255 esse
1677 2228 1704 2255 in
1732 2227 1866 2255 Bullario

1126 2275 1163 2309 (n.
1181 2275 1228 2307 in).

1161 2318 1177 2345 2
1192 2318 1258 2345 Vide
1273 2318 1364 2345 adnot.
1381 2318 1407 2344 in
1425 2321 1488 2345 tom.
1502 2326 1590 2353 praec.
1604 2325 1664 2353 pag.
1677 2318 1724 2344 591
1740 2318 1754 2343 b
1766 2318 1803 2351 (a.
1817 2318 1864 2349 τ.).

1161 2363 1176 2390 3
1192 2363 1311 2390 Erronee
1327 2363 1353 2389 in
1369 2363 1427 2390 loco
1442 2362 1535 2398 parall.
1553 2367 1617 2389 tomi
1635 2365 1661 2389 et
1676 2370 1735 2398 pag.
1753 2361 1864 2397 praecit.

1126 2408 1222 2443 legitur
1235 2408 1486 2443 septuayz'ntorum
1502 2408 1541 2442 ega.
1557 2406 1605 2441 Τ.).

1161 2452 1175 2478 4
1204 2451 1383 2487 Subintellige
1410 2451 1536 2486 quolibet
1565 2459 1641 2478 anno
1656 2473 1661 2484 ‚
1692 2450 1865 2479 clm-antibus

1125 2497 1250 2532 quinque
1270 2497 1357 2522 annis
1373 2495 1602 2530 prorogationis,
1623 2499 1702 2531 prout
1721 2495 1820 2530 legitur
1838 2495 1866 2522 in

1126 2540 1183 2567 loco
1197 2539 1242 2566 cit.
1260 2547 1321 2574 pag.
1333 2539 1381 2566 591
1401 2539 1415 2566 b
1431 2542 1457 2566 et
1473 2547 1506 2566 ex
1521 2538 1591 2566 infra
1606 2538 1728 2566 dicendis
1739 2539 1867 2567 elucescit

387 2590 403 2618 3
415 2590 509 2626 Praep.
521 2591 549 2617 in
560 2598 609 2618 nos
620 2591 742 2618 addimus
753 2599 782 2617 ex
796 2591 853 2618 loco
866 2592 1087 2627 paralleloms.)
1124 2589 1162 2619 Ψ·
1180 2585 1227 2618 Τ’)·

386 2634 403 2660 4
415 2633 482 2661 Male
497 2634 562 2662 edit.
578 2634 661 2662 Main.
678 2635 742 2670 legit
754 2639 944 2670 proroyalum
961 2640 987 2663 et
998 2640 1090 2664 αἱρη-

351 2677 411 2698 sum
425 2669 464 2704 (a.
481 2670 529 2705 τ.).

419 2723 498 2752 Buzl.
519 2724 601 2752 Rom.
621 2740 655 2745 —
678 2725 738 2753 Vol.
759 2724 825 2752 XII.
1005 2724 1038 2753 36

1160 2630 1175 2656 5
1202 2629 1347 2665 Pei-peram
1375 2628 1440 2657 edit.
1465 2628 1544 2657 Main.
1571 2628 1615 2657 liic
1642 2629 1707 2664 legit
1731 2630 1866 2665 propriis

1125 2680 1162 2708 ta.
1180 2674 1216 2708 r).

1878 276 1927 303 An.
1945 276 1972 303 C.
1996 277 2062 303 ¹614

1932 1023 2062 1045 Concordia·

1879 1053 1945 1071 tenor.
