2293 3231
218 303 266 329 An,
281 302 311 329 c.
335 301 401 329 isit
447 292 512 327 ⁹284

417 350 584 393 nonaginta
610 351 700 382 unius
723 349 1008 391 morapetinorum:
1034 350 1156 392 Capitu-

417 404 480 436 lum
507 404 658 435 ecclesiae
689 402 880 439 Abulensisfi
906 412 962 444 pro
987 413 1019 433 se
1044 407 1072 436 et
1099 405 1153 435 sua

415 456 561 492 dioecesi.
577 455 675 488 tribus
690 455 848 498 prioribus
862 455 960 495 annis,
976 456 1069 488 trium
1088 456 1154 488 inil-

415 509 543 545 lionum,
562 514 589 540 et
608 508 774 550 nonaginta
789 507 924 540 duorum
948 508 1097 548 millium,
1118 520 1152 541 ac

413 562 682 605 septingentorum
706 567 733 593 et
758 561 850 593 unius
867 562 1151 605 morapetinorum2

413 615 541 657 reliquis
572 624 645 647 vero
676 614 799 647 duobus
828 615 916 647 annis
946 615 1151 658 quinquennii

414 667 603 708 huiusmodi,
624 668 719 700 trium
746 667 933 705 millionum,
951 674 978 700 et
1001 669 1153 712 quinqua-

411 720 496 763 ginta
527 721 662 753 duorum
693 720 850 759 millium,
879 731 914 753 ar
946 721 1151 764 quadraginta

410 784 463 806 sex
488 773 774 816 morapetinorum:
799 773 976 816 Capitulum
1002 775 1150 807 ecelesiae

409 826 603 866 Oxomensis,
622 836 680 870 pro
700 836 731 858 se
756 830 786 860 et
808 828 863 858 sua
883 827 1029 867 dioecesi,
1051 828 1151 860 tribus

409 879 567 922 prioribus
600 879 709 918 annis,
734 879 869 911 duorum
902 880 1094 920 mulionum,
1121 886 1149 912 et

408 932 679 975 septingentorum
705 942 739 965 ac
765 932 891 974 triginta
916 933 1051 965 duorum
1085 934 1150 965 mil-

407 984 502 1023 lium,
522 990 552 1018 et
577 984 784 1018 ducentorum
809 995 844 1017 ac
870 985 1020 1018 tredecim
1046 996 1148 1018 mora—

405 1037 605 1081 petinorum;
638 1038 768 1081 reliquis
799 1048 874 1071 vero
904 1038 1027 1071 duobus
1060 1040 1148 1071 annis

405 1091 612 1134 quinquennii
645 1092 843 1129 huiusmodi,
871 1092 1006 1124 duorum
1039 1093 1149 1125 millio-

405 1155 491 1185 num,
516 1146 819 1189 quadringentorum
845 1153 873 1179 ot
900 1148 1008 1189 viginti
1026 1154 1146 1191 septem

405 1197 549 1235 millium,
574 1204 604 1231 et
628 1199 837 1232 ducentorum
856 1210 890 1232 ac
908 1201 1078 1242 nonaginta
1097 1211 1148 1233 no-

405 1261 473 1284 vem
493 1253 780 1296 morapctinorum:
801 1253 977 1296 Capitulum
998 1255 1146 1287 ccclesiae

404 1305 575 1345 Auriensis,
599 1316 657 1349 pro
682 1316 713 1337 se
739 1311 767 1338 et
792 1309 849 1338 sua
873 1307 1028 1343 dioecesi,
1054 1308 1146 1339 unius

405 1357 563 1397 mulionis,
588 1363 615 1390 et
642 1359 811 1399 nonaginta
835 1364 970 1402 quatuor
995 1360 1144 1401 millium,

403 1420 438 1443 ac
470 1416 595 1444 centum
627 1417 657 1444 et
685 1412 793 1445 decem
818 1418 848 1444 et
872 1419 943 1446 octo
968 1414 1141 1457 inm-apeti-

402 1473 527 1504 norum‚
553 1464 694 1508 quolibet
719 1475 800 1497 anno
824 1465 897 1498 dicti
922 1466 1142 1509 quinquennii:

402 1515 578 1560 Capitulum
593 1518 742 1550 ecclesiae
757 1518 914 1558 Lucensis,
928 1530 986 1562 pro
1000 1530 1031 1551 so
1045 1525 1073 1552 et
1087 1522 1142 1552 sua

402 1569 549 1610 dioecesi,
567 1570 668 1604 tribus
684 1571 843 1613 prioribus
868 1573 967 1611 annis,
991 1577 1143 1605 trecento-

400 1632 472 1655 rum
497 1629 525 1656 et
550 1622 659 1656 decem
696 1624 846 1664 millium,
871 1635 905 1657 ac
931 1626 1141 1669 quadringen-

402 1680 505 1708 torum
542 1681 572 1708 et
607 1677 814 1720 quadraginta
851 1678 1140 1721 morapetinorum3

399 1729 530 1773 reliquis
555 1740 631 1763 vero
654 1730 778 1763 duobus
803 1731 892 1763 annis
915 1732 1140 1775 quinquennii,

399 1785 613 1816 trecentorum
637 1783 812 1817 octodecim
837 1785 984 1825 millium,
1001 1795 1036 1817 ac
1053 1786 1141 1828 quin-

398 1840 567 1877 gentorum
587 1840 616 1870 et
633 1838 830 1880 septuaginta
846 1837 982 1871 duorum
1000 1849 1141 1883 morape-

399 1886 555 1920 tinorum:
575 1888 751 1932 Capitulum
776 1891 926 1923 ecclesiae
951 1891 1140 1925 Mindonien-

398 1939 450 1979 sis,
468 1950 526 1984 pro
540 1951 572 1974 se
586 1947 615 1974 et
629 1944 684 1975 sua
702 1943 848 1984 dioecesi,
865 1943 965 1976 tribus
978 1944 1138 1987 prioribus

397 1994 496 2034 annis,
515 1994 724 2029 ducentorum
749 2002 778 2029 et
803 1998 981 2041 octuaginta
1001 1999 1138 2042 quinque

397 2047 549 2088 millium,
578 2058 613 2081 ac
644 2054 863 2083 sexcentorum
888 2055 918 2083 et
942 2055 1011 2084 octo
1036 2062 1139 2085 mora-

397 2100 597 2143 petinorum;
632 2102 762 2146 reliquis
795 2113 870 2136 vero
898 2103 1021 2137 duobus
1048 2105 1137 2137 annis

396 2153 602 2197 quinquennii
626 2155 826 2195 huiusmodi,
851 2156 1059 2190 ducentorum
1083 2169 1137 2191 no-

395 2206 522 2249 naginta
545 2206 640 2240 trium
658 2208 800 2249 millium,
818 2212 848 2242 et
864 2209 1134 2253 septingentorum

395 2268 430 2292 ac
443 2259 651 2303 quadraginta
664 2262 944 2305 morapetinorum:
958 2263 1133 2306 Capitulum

395 2312 546 2345 ecclesiae
566 2313 728 2354 Tudensis,
744 2325 802 2358 pro
819 2325 852 2348 se
869 2321 897 2348 et
915 2317 971 2349 sua
987 2316 1132 2357 dioecesi,

393 2365 496 2399 tribus
519 2366 679 2410 prioribus
703 2368 801 2408 annis,
829 2368 1131 2412 quadringentorum

394 2418 520 2461 triginta
539 2420 612 2453 sex’
628 2421 771 2462 millium,
788 2427 818 2454 et
835 2422 1079 2465 quingentorum
1097 2434 1132 2458 ac

392 2473 589 2516 septuaginta
608 2479 679 2508 octo
696 2475 985 2519 morapetinorum;
1003 2477 1132 2521 reliquis

428 2563 440 2589 ¹
466 2562 586 2591 Ecclesia
612 2563 678 2592 haec
706 2564 731 2591 in
761 2565 850 2593 Const.
873 2565 924 2594 iam
953 2566 996 2593 citv
1021 2567 1084 2594 tomi
1105 2574 1131 2594 xi

393 2607 491 2635 omissa
516 2608 564 2635 suit
581 2609 621 2643 (n.
639 2610 687 2644 T.).

426 2651 442 2678 2
463 2652 491 2679 ln
512 2652 570 2680 loco
592 2655 720 2688 parallelo
745 2656 843 2691 legitur
864 2657 983 2690 triqinla
1005 2658 1131 2692 quinque

391 2696 427 2730 (a.
446 2696 494 2730 τ.).

998 301 1176 326 BL'LLARH'M
1202 302 1355 327 nomnen

1191 360 1263 382 roro
1277 349 1399 382 duobus
1411 350 1500 382 annis
1517 351 1721 394 quinquennii
1738 353 1928 393 huiusmodi,

1188 404 1491 447 quadringentorum
1529 407 1754 449 quinquaginta
1789 408 1927 451 quinque

1188 457 1320 489 millium
1337 463 1363 489 et
1383 458 1626 501 nonings·toruin
1652 465 1679 491 et
1705 460 1842 503 quinque
1863 470 1928 493 mo-

1188 510 1402 553 rapetinorum
1415 521 1419 542 :
1434 511 1610 554 Capitulum
1628 512 1776 545 ecclesiae
1793 512 1926 546 Palenti-

1186 573 1252 599 nae.
1264 574 1322 606 pro
1337 574 1368 594 se
1381 570 1408 595 et
1424 567 1479 596 snat
1493 564 1638 603 dioecesi,
1653 566 1754 598 tribus
1767 566 1926 609 prioribus

1185 616 1283 652 annis.
1298 617 1393 649 trium
1409 617 1595 654 millionuni,
1612 624 1640 650 et
1656 619 1925 662 septingentorum

1185 679 1219 701 ac
1241 670 1366 711 triginta
1388 681 1439 703 sex
1459 671 1602 709 millium.
1617 676 1646 704 et
1672 678 1796 706 centum
1814 678 1843 705 et
1861 683 1927 706 sex-

1185 722 1285 754 decim
1313 724 1596 766 morapetinorum;
1615 725 1743 769 reliquis
1761 736 1835 759 vero
1852 726 1927 759 duo-

1185 774 1241 807 bus
1266 776 1355 808 annis
1380 777 1585 820 quinquennii
1611 778 1804 818 huiusmodi,
1829 779 1924 812 trium

1185 828 1376 869 niillionum,
1401 835 1621 862 sexcentorum
1646 836 1674 863 et
1700 831 1925 875 quinquaginta

1185 881 1338 918 millium=
1369 894 1404 914 ac
1438 889 1659 916 sexcentorum
1690 885 1860 927 nonaginta
1895 889 1924 919 et

1183 935 1274 967 unius
1288 937 1567 979 morapetinoruin:
1584 938 1760 981 Capitulum
1775 937 1924 971 ecclesiae

1185 988 1440 1027 Vallisoletanae,
1465 1000 1523 1032 pro
1559 1001 1591 1023 se
1622 996 1651 1023 et
1687 1001 1742 1023 sua
1766 991 1923 1030 dioecesi,

1183 1040 1282 1072 tribus
1303 1041 1462 1084 prioribus
1487 1043 1584 1080 annis,
1608 1044 1700 1075 unius
1718 1043 1876 1083 millionis,
1894 1048 1922 1076 et

1183 1100 1401 1126 sexcentorum
1426 1106 1460 1126 ar
1486 1097 1681 1138 septuaginta
1714 1097 1868 1137 millium,
1894 1102 1921 1129 et

1181 1146 1426 1189 quingentorum
1466 1149 1673 1191 quadraginta
1711 1151 1923 1193 morapetino-

1182 1210 1268 1235 runi:
1295 1200 1423 1243 reliquis
1457 1212 1529 1233 vero
1563 1202 1685 1234 (luobus
1717 1203 1806 1235 annis
1835 1203 1923 1247 quin-

1181 1253 1307 1294 quennii
1344 1254 1543 1292 huiusmodi,
1581 1256 1672 1287 unius
1697 1256 1866 1296 millionis,
1892 1262 1919 1289 ct

1180 1311 1398 1340 sexcentorum
1433 1313 1461 1339 ot
1494 1309 1643 1341 tredecim
1669 1309 1800 1342 millium
1816 1337 1823 1349 ‚
1847 1320 1922 1353 qua-

1179 1360 1416 1401 dringentorinn
1443 1365 1471 1394 ct
1496 1362 1664 1404 nonaginta
1692 1363 1786 1396 trium
1819 1375 1922 1398 mora-

1179 1413 1373 1455 pclinorum:
1392 1414 1566 1457 Capitulum
1591 1415 1741 1449 ecclesiae
1761 1415 1921 1451 civitaten-

1178 1465 1240 1505 sis¹7
1256 1478 1312 1509 pro
1327 1478 1358 1499 se
1375 1471 1403 1501 et
1418 1478 1472 1500 sua
1486 1468 1742 1507 dioecesi,tribus
1758 1470 1920 1513 prioribus

1177 1520 1286 1559 annis,
1320 1521 1591 1564 septingentorum
1628 1526 1657 1555 et
1691 1523 1918 1567 quinquaginta

1176 1578 1311 1616 quatuor
1344 1574 1498 1614 millium,
1527 1585 1561 1607 ac
1595 1576 1861 1618 noningentorum
1889 1583 1917 1610 et

1176 1626 1268 1658 unius
1293 1628 1572 1671 moi-apetinorunn
1597 1629 1727 1672 reliquis
1751 1640 1826 1663 vero
1845 1630 1919 1664 duo-

1176 1679 1235 1712 bus
1259 1680 1348 1713 annis
1372 1681 1577 1725 quinquennii
1598 1681 1787 1722 huiusmodi,
1806 1684 1918 1727 septin-

1174 1738 1341 1775 gentorum
1353 1734 1590 1777 quatuordecim
1605 1735 1748 1775 millium,
1762 1741 1792 1768 et
1805 1735 1917 1769 ducen-

1175 1791 1278 1819 torum
1293 1797 1327 1819 ac
1340 1787 1546 1830 quadraginta
1559 1798 1611 1820 sex
1625 1788 1895 1832 morapetinorum
1909 1801 1914 1821 :

1173 1840 1349 1883 Capitulum
1373 1841 1523 1874 ecclesiae
1547 1842 1728 1875 Gadicensis
1751 1853 1810 1886 pro
1835 1854 1867 1877 se
1885 1849 1913 1877 ct

1173 1895 1228 1925 sua
1242 1893 1387 1933 dioecesi,
1405 1900 1623 1928 sexcentorum
1641 1901 1671 1927 et
1687 1895 1914 1939 quinquaginta

1173 1956 1284 1978 novem
1302 1947 1448 1985 millium,
1467 1957 1502 1979 ac
1518 1948 1763 1991 quingentorum
1781 1954 1809 1982 et
1827 1949 1915 1994 quin-

1171 1999 1319 2042 quaginta
1339 2009 1451 2032 novem
1470 2001 1748 2044 morapetinorum,
1771 2001 1912 2045 quolibet

1171 2061 1252 2084 anno
1276 2052 1432 2085 dictorum
1464 2053 1602 2097 quinque
1627 2063 1803 2087 annorum:
1828 2055 1913 2099 Capi-

1170 2105 1270 2137 tulum
1304 2105 1477 2139 ecclesiae²
1501 2106 1711 2148 Granatensis,
1737 2118 1795 2151 pro
1820 2118 1853 2141 se
1882 2114 1911 2141 et

1170 2160 1225 2190 sua
1246 2158 1390 2198 dioecesi,
1405 2159 1505 2192 tribus
1523 2160 1684 2203 prioribus
1701 2160 1799 2201 annis,
1817 2160 1911 2194 unius

1169 2211 1325 2249 militonis,
1351 2217 1381 2245 et
1405 2217 1531 2245 centum
1557 2223 1592 2245 ac
1614 2213 1742 2257 triginta
1767 2223 1820 2247 sex
1843 2214 1910 2247 mil-

1168 2263 1254 2301 lium,
1269 2269 1298 2296 et
1311 2265 1577 2308 noningentorum
1595 2271 1623 2298 et
1641 2266 1820 2309 octuaginta
1837 2271 1908 2300 octo

1168 2318 1449 2361 moi-apeiinorum3
1474 2318 1605 2362 reliquis
1624 2329 1699 2352 vero
1719 2318 1841 2352 duobus
1857 2328 1908 2352 an-

1166 2371 1213 2402 nis
1237 2371 1443 2415 quinquennii
1468 2371 1658 2411 huiusmodi,
1680 2371 1771 2404 unius
1795 2371 1907 2405 millio-

1166 2423 1223 2463 nis,
1236 2423 1444 2458 ducentorum
1463 2429 1491 2457 et
1509 2424 1735 2468 quinquaginta
1752 2429 1823 2458 octo
1839 2425 1906 2458 mil-

1166 2477 1252 2517 lium,
1277 2487 1312 2511 ae
1335 2478 1601 2520 noningentorum
1626 2481 1655 2511 et
1679 2477 1905 2522 quinquaginta

1203 2568 1211 2593 1
1241 2566 1312 2594 llaec
1336 2567 1451 2594 ecclesia
1476 2567 1502 2594 in
1527 2566 1577 2594 alia
1601 2567 1796 2596 Constitutione
1821 2567 1902 2596 relata

1165 2620 1217 2639 non
1233 2612 1320 2640 fuerat
1336 2613 1371 2647 (n.
1387 2613 1434 2646 τ.).

1199 2657 1215 2683 2
1230 2656 1257 2683 ln
1273 2656 1324 2683 alia
1335 2656 1424 2684 Const.
1438 2656 1535 2692 legitur
1551 2657 1781 2689 ecetesiar1m1,ei
1798 2665 1902 2685 summa

1164 2701 1240 2728 valde
1256 2701 1339 2728 maior
1354 2704 1462 2729 notatur
1482 2706 1518 2735 Qn.
1536 2702 1582 2733 τ.).

1942 305 1991 334 ΑῚι.
2007 306 2035 334 C.
2056 307 2126 335 16¹4
