2293 3231
96 265 145 292 An.
162 264 191 292 C.
210 263 278 292 ¹620

138 962 214 983 Modus
235 968 282 988 pei·-

98 989 194 1010 tolrondi
212 989 283 1010 liuius·

99 1015 156 1037 modi
189 1015 283 1036 declinas

99 1042 259 1068 praescribitur.

933 259 1052 284 PAULUS
1077 258 1125 283 1³1³.
1150 257 1169 281 V

1716 243 1774 277 461

294 313 464 352 fruetuum,
474 310 895 353 reddituum,proventuum,
907 308 1033 347 iurium,
1069 308 1172 340 siones
1184 305 1365 338 huiusmodi
1380 305 1501 337 solvere
1515 303 1674 339 debentes,
1689 301 1810 333 etiamsi

294 363 535 404 obventionum,
567 363 823 396 distributionum
859 365 894 395 et
918 361 1036 394 emolu-

294 422 483 458 mentorum,
510 417 556 450 vel
581 416 782 450 concordiam
807 426 879 448 cum
904 414 982 447 Sede
1007 418 1036 448 et

294 472 420 503 camera
444 469 627 514 praedictis,
654 474 687 502 ut
710 469 904 512 praefertur,
929 467 1035 500 ineun-

295 522 377 563 dam,
390 524 453 556 sive
470 523 612 556 terminis
629 521 864 561 constituendis,
877 531 939 554 non
955 519 1038 553 exhi·

296 576 431 616 buerint‚
452 587 507 608 scu
532 577 562 608 in
587 576 714 608 illorum
739 574 930 607 exhibitione
952 573 1037 605 mali—

298 629 371 662 tiam
381 629 596 662 commiserint
609 630 654 662 vel
669 628 822 668 fraudem,
832 626 1036 660 ecclesiarum

296 683 450 716 antistites
468 683 689 727 suspendimus
714 693 730 715 a
754 681 877 721 divinis,
902 680 1037 724 capitula

296 746 388 776 vero,
411 741 584 769 conventus
609 742 636 768 et
663 735 795 778 collegia
819 743 1037 778 quaecumque

296 790 507 823 ecclesiastico
543 789 710 822 interdicto
742 788 950 832 supponimus
964 814 971 828 ,
1002 796 1038 818 ac

297 843 473 887 singulares
498 854 667 887 personas,
692 841 827 875 antistite
852 839 1037 879 inferiores,

297 897 631 930 excommunicationis
648 895 800 929 sententia
818 893 1014 927 innodamus.

342 950 357 993 g
370 950 399 982 5.
411 950 564 990 Ceterum,
575 949 613 981 ad
626 948 802 992 praedictas
815 947 952 980 decimas
966 957 1039 980 eon-

298 1002 482 1046 sequendas,
490 1002 700 1046 praecipimus
710 1001 803 1033 etiam
813 999 959 1033 omnibus
969 1010 1039 1032 con-

298 1056 492 1096 ductoribus,
510 1055 683 1088 censuariis
704 1058 733 1088 et
758 1053 949 1088 locatoribus
965 1064 1039 1097 pro-

298 1109 464 1152 prietatum
480 1136 487 1149 ‚
515 1109 673 1142 fructuum
688 1134 695 1147 ,
727 1118 834 1140 rerum
850 1112 894 1140 et
922 1107 1038 1139 iurium

298 1162 542 1205 praedictorum,
563 1162 656 1194 etiam
681 1160 861 1194 huiusmodi
884 1160 1040 1204 pensioni-

298 1215 356 1248 bus
387 1219 591 1249 oneratorum
608 1241 615 1255 ,
644 1220 677 1246 ut
700 1219 850 1257 utrasque
880 1213 1039 1254 decimas,

298 1268 425 1302 nomine
442 1268 644 1301 dominorum
658 1272 688 1300 et
701 1267 987 1311 pensionariorum,
1001 1267 1040 1299 ad

299 1328 481 1366 computum
500 1332 573 1354 suae
589 1321 722 1365 quisque
739 1321 918 1361 locationis,
943 1321 1042 1354 omni-

300 1376 357 1409 bus
374 1386 448 1409 vero
465 1374 719 1419 possessoribus,
744 1374 986 1407 usufructuariis
1011 1379 1041 1406 et

299 1429 367 1462 :iliis
384 1429 552 1472 pensiones
568 1428 689 1461 solvere
710 1420 906 1467 debentibus,
928 1432 961 1459 ut
981 1426 1040 1470 ipsi

299 1483 393 1516 etiam
413 1483 550 1515 decimas
570 1481 756 1526 pensionum
773 1480 964 1520 huiusmodi,
989 1490 1042 1513 no-

300 1536 382 1569 mine
402 1535 693 1580 pensionariorum,
718 1544 861 1568 camerae
883 1539 910 1566 et
928 1544 1042 1577 procu-

300 1589 458 1622 ratoribus
470 1588 638 1632 praedietis
652 1588 773 1631 integre
789 1588 977 1631 persolvant.
987 1587 1042 1620 De-

300 1648 474 1683 cernentes,
497 1642 634 1675 decimas
659 1642 828 1681 fruetuum,
850 1641 1040 1681 reddituum,

301 1702 510 1741 proventuum
529 1701 558 1729 et
575 1696 709 1728 aliorum
727 1695 844 1728 iurium
868 1695 1043 1738 praedicto-

301 1761 388 1791 rum,
406 1750 580 1783 secundum
596 1759 706 1782 verum
724 1749 862 1782 valorem
880 1758 1020 1781 annuum
1033 1775 1040 1789 ,

300 1804 348 1836 vel
362 1804 472 1836 saltem
485 1802 569 1837 iuxta
583 1806 693 1842 taxam,
708 1802 745 1835 de
756 1812 816 1845 qua
831 1812 902 1834 cum
919 1802 948 1835 S.
964 1802 1040 1834 RE.

300 1857 486 1898 camerario,
510 1860 681 1900 nostroque
705 1862 735 1888 et
756 1865 899 1888 camerae
923 1855 1043 1898 praedi-

302 1916 368 1944 ctae
392 1911 588 1944 thesaurario
606 1909 761 1953 generali,
786 1914 820 1942 ut
842 1910 1041 1953 praefertur,

302 1964 576 2004 concordaverint,
598 1963 674 1996 alias
690 1973 764 1996 vero
786 1963 973 2007 pensionum
993 1963 1044 1995 de-

302 2017 399 2050 cimas
416 2017 454 2050 ad
470 2017 623 2050 rationem
647 2016 755 2049 decem
780 2026 839 2059 pro
863 2016 1042 2049 centenario

302 2070 456 2114 praestari
465 2070 589 2110 debere,
598 2075 629 2103 et
639 2070 810 2102 secundum
820 2080 855 2102 ea
865 2070 1042 2113 praedictos

303 2134 412 2156 omnes
425 2123 454 2156 in
471 2123 605 2156 solidum
624 2122 781 2165 cogendos
798 2133 875 2163 esse,
892 2123 1044 2166 ipsarum-

303 2187 364 2221 que
387 2177 582 2209 decimarum
606 2181 828 2220 procuratores
843 2203 850 2217 ,
880 2186 897 2208 a
928 2176 1042 2220 quibus

304 2230 440 2270 libuerit,
457 2230 578 2272 integre
596 2229 739 2272 exigendi
756 2230 928 2272 optionem,
951 2230 1044 2262 sacul-

304 2290 463 2328 tatemque
480 2283 607 2321 habere,
620 2293 722 2326 neque
734 2283 813 2315 ullas
830 2282 1043 2316 immunitates

303 2343 334 2371 et
351 2337 576 2380 exemptiones,
591 2337 685 2368 etiam
699 2346 736 2368 ex
754 2337 848 2368 causa
861 2335 1044 2378 resignatio-

303 2390 362 2431 nis,
379 2389 529 2423 cessionis
549 2389 636 2429 iuris‚
654 2388 852 2429 concordiae,
866 2388 1044 2422 conventio-

304 2443 362 2483 nis,
379 2448 432 2475 aut
451 2453 650 2486 quacumque
666 2441 726 2474 alia
744 2441 831 2484 gravi
855 2446 885 2473 et
909 2442 1044 2474 onerosa

304 2496 478 2537 occasione,
495 2506 694 2541 quocumque
710 2495 804 2528 modo
822 2504 996 2535 concessas,
1015 2499 1045 2527 et

305 2550 430 2583 interim
448 2549 672 2590 concedendas,
685 2549 838 2592 integram
857 2548 1045 2581 solutionem

307 2604 487 2637 huiusmodi
509 2604 651 2637 minuere
675 2603 723 2636 vel
748 2602 919 2646 impedire;
944 2612 1045 2645 neque

1070 361 1128 404 ipsi
1139 359 1198 392 iuri
1210 364 1237 392 et
1250 358 1364 391 actioni
1377 357 1527 401 pctendae
1538 356 1584 388 vel
1599 354 1810 387 deti—ahenum·

1070 414 1117 446 vel
1143 412 1324 445 retinendae
1350 410 1503 454 portionis
1538 415 1567 442 et
1600 412 1684 442 ratae
1714 407 1812 451 partis

1070 466 1287 510 pensionarios
1311 463 1519 507 contingentis
1537 461 1738 495 iureiurando
1763 471 1814 493 re-

1070 519 1309 559 nunciaverint,
1335 523 1427 561 atque
1452 528 1489 549 ex
1515 517 1615 549 forma
1642 515 1741 547 dictae
1767 524 1813 545 ca·

1072 583 1177 605 merae
1201 571 1394 615 amplissima
1419 570 1557 603 caverint
1587 568 1679 602 modo
1708 568 1813 611 aliquo

1071 625 1223 668 obligari,
1248 635 1348 668 neque
1373 624 1410 656 ad
1432 623 1461 655 id
1487 634 1545 667 pro
1563 623 1645 655 dicto
1670 627 1812 665 ternpore

1072 678 1246 721 constringi
1259 688 1370 721 posse,
1386 687 1497 709 omnes
1514 686 1587 708 vero
1602 674 1813 708 consessiones

1073 735 1103 766 et
1134 731 1322 775 quietantias
1357 729 1546 773 receptionis
1577 728 1771 761 decimarum
1797 738 1814 759 a

1072 784 1334 828 procuratoribus
1352 789 1379 816 et
1398 783 1549 815 ministris
1566 792 1709 815 camerae
1727 792 1815 825 prae-

1072 838 1189 878 dictae,
1215 842 1277 869 tam
1303 836 1563 875 conductoribus,
1589 835 1761 868 censuariis
1785 840 1813 867 et

1073 890 1265 923 lecatoribus
1289 889 1415 922 nomine
1433 899 1563 922 suorum
1580 888 1814 932 principalium,

1072 955 1167 987 quam
1192 943 1285 976 etiam
1311 943 1396 986 ipsis,
1422 952 1543 975 necnon
1568 941 1814 985 possessoribus,

1074 996 1332 1036 usufructuariis,
1357 1001 1387 1028 et
1411 995 1479 1028 aliis
1503 995 1669 1038 pensiones
1694 994 1816 1027 solvere

1073 1050 1259 1083 debentibus
1272 1049 1399 1082 nomine
1414 1048 1687 1092 pensionariorum
1706 1047 1817 1080 facien-

1073 1104 1144 1144 das,
1170 1103 1301 1147 perinde
1326 1103 1445 1141 valere,
1471 1107 1564 1145 atque
1589 1101 1619 1134 in
1646 1100 1761 1133 iudicio
1787 1104 1817 1133 et

1074 1162 1161 1190 extra
1186 1156 1261 1189 illud
1286 1156 1402 1199 ubique
1427 1156 1571 1188 locorum
1593 1154 1687 1188 sidem
1705 1154 1817 1195 facere,

1075 1221 1109 1244 ac
1122 1211 1146 1243 si
1164 1211 1307 1254 ipsismet
1318 1209 1546 1253 principalibus
1563 1214 1591 1241 ct
1609 1208 1818 1253 pensionariis

1074 1264 1292 1308 praesentibus
1317 1269 1346 1295 ct
1371 1262 1562 1296 solventibus
1580 1264 1678 1295 sactae
1692 1267 1721 1295 et
1735 1261 1819 1294 exhi-

1074 1318 1156 1350 bitae
1187 1318 1336 1357 suissent3
1372 1316 1579 1350 conductores
1611 1322 1734 1356 autem,
1765 1315 1818 1359 qui

1074 1372 1211 1415 pretium
1237 1370 1401 1404 locationis
1418 1369 1554 1403 dominis
1580 1369 1718 1412 legitime
1739 1369 1815 1402 anti-

1075 1424 1265 1469 eipaverint‚
1286 1424 1473 1457 locationem
1500 1434 1588 1456 suam
1614 1423 1818 1463 huiusmodi,

1074 1489 1169 1521 quam
1195 1478 1232 1511 ad
1258 1478 1317 1511 hoc
1341 1487 1568 1521 proroganms,
1590 1487 1689 1520 usque
1715 1477 1752 1509 ad
1777 1477 1820 1509 in-

1074 1536 1196 1574 tegram
1217 1531 1470 1570 satisfactionem,
1491 1534 1523 1563 ut
1541 1530 1639 1573 prius,
1658 1529 1751 1562 etiam
1769 1530 1819 1562 ad-

1075 1585 1217 1618 veniente
1242 1594 1424 1617 successore
1439 1610 1446 1623 ,
1472 1583 1656 1616 continuare
1681 1582 1816 1622 debere;

1120 1639 1134 1682 g
1151 1638 1180 1671 6.
1199 1638 1310 1681 Sicque
1327 1647 1384 1681 per
1400 1647 1616 1681 quoscumque
1637 1636 1755 1670 iudices
1771 1647 1819 1670 oi·-

1075 1693 1214 1726 dinarios
1234 1698 1263 1725 et
1284 1692 1457 1734 delegatos,
1478 1691 1571 1724 etiam
1586 1701 1752 1724 causarum
1768 1702 1819 1735 pa-

1075 1747 1139 1781 latii
1159 1746 1323 1790 apostolici
1340 1745 1509 1785 auditores,
1527 1749 1556 1778 et
1573 1745 1600 1777 S.
1619 1745 1652 1778 R.
1671 1745 1703 1778 E.
1722 1745 1819 1778 cardi-

1075 1802 1161 1834 nales
1182 1801 1212 1833 in
1229 1800 1338 1844 quavis
1356 1801 1449 1832 causa
1467 1804 1496 1832 et
1514 1799 1660 1833 instantia
1684 1799 1818 1842 (sublata

1076 1854 1120 1887 eis
1145 1860 1174 1888 et
1199 1865 1309 1887 eorum
1335 1853 1463 1886 cuilibet
1487 1853 1595 1896 quavis
1622 1852 1713 1885 aliter
1738 1852 1818 1886 iudi-

1076 1908 1166 1941 candi
1191 1913 1221 1941 et
1245 1906 1471 1951 interpretandi
1495 1906 1640 1939 facultate
1666 1912 1696 1939 et
1715 1912 1820 1940 aucto-

1076 1962 1180 2005 ritate)
1204 1961 1322 2004 ubique
1347 1959 1478 1993 indicari
1499 1965 1530 1992 et
1545 1959 1669 1992 deliniri
1693 1960 1818 1995 dehere:

1076 2026 1111 2047 ac
1135 2014 1260 2048 irritum
1286 2019 1315 2047 et
1340 2014 1431 2046 inane
1450 2012 1602 2057 quidquid
1620 2023 1710 2046 secus
1726 2024 1821 2057 super

1076 2070 1124 2104 his
1149 2079 1165 2101 a
1190 2078 1359 2112 quoquam,
1384 2067 1494 2111 quavis
1509 2066 1704 2107 auctoritate,
1719 2067 1819 2100 scien-

1077 2128 1124 2155 ter
1139 2123 1185 2155 vel
1205 2122 1403 2165 ignoranter,
1420 2120 1587 2163 contigerit
1604 2121 1758 2154 attentari.

1120 2176 1135 2218 ξ
1160 2176 1188 2208 7.
1214 2176 1253 2209 Ut
1276 2180 1381 2208 autem
1406 2174 1512 2207 onmia
1536 2173 1723 2217 supradicta,
1740 2174 1821 2206 sieut

1077 2238 1294 2271 causaurgens
1303 2228 1450 2272 postulat,
1464 2227 1630 2269 diligenter
1644 2232 1673 2259 et
1686 2226 1820 2259 fideliter

1076 2281 1278 2325 exequutioni
1295 2280 1533 2320 demandentur,
1552 2280 1701 2312 dilectum
1720 2279 1819 2312 tilium

1076 2339 1219 2368 nostrum
1244 2334 1371 2366 Petrum
1397 2333 1478 2365 tituli
1503 2332 1531 2365 S.
1549 2332 1663 2365 Mariae
1678 2332 1822 2376 Transtv-

1077 2387 1178 2420 berim
1203 2387 1421 2431 presbyterum
1443 2385 1634 2418 cardinalem
1651 2385 1822 2418 Aldobran-

1077 2441 1185 2473 dinum
1210 2446 1435 2483 nuncupatum,
1453 2440 1482 2473 S.
1500 2439 1534 2472 R.
1553 2439 1585 2472 E.
1601 2439 1821 2480 camerarium,

1078 2493 1167 2526 cuius
1188 2493 1351 2535 integritas
1373 2498 1466 2536 atque
1486 2492 1679 2536 experientia
1699 2493 1824 2536 iampri-

1078 2547 1149 2579 dem
1156 2546 1246 2579 nobis
1254 2550 1418 2590 perspecta
1427 2551 1482 2586 est,
1495 2547 1673 2588 generalem
1682 2547 1824 2580 omnium

1078 2600 1271 2633 decimarum
1299 2599 1532 2643 praedictarum
1558 2600 1760 2633 collectorem
1792 2601 1823 2633 in

307 2667 518 2700 possessores,
542 2657 793 2692 usufructuarios
809 2661 862 2690 aut
878 2655 956 2689 alios
973 2666 1047 2699 pen·
1079 2654 1225 2688 universa
1249 2653 1353 2695 Italia,
1378 2665 1450 2688 cuin
1465 2653 1612 2688 omnibus
1635 2658 1665 2688 ct
1689 2654 1822 2698 quibus-

1827 252 1874 278 An.
1893 252 1920 279 C.
1940 252 2008 279 1620

1861 1651 1980 1673 Clausiilan.

1857 2185 1974 2205 Cardiualis·
1985 2190 2019 2204 ea-

1836 2213 1937 2232 mcrarius
1957 2212 2020 2231 collo-

1836 2241 1881 2259 ctor
1889 2239 2019 2263 designatur.
