2293 3231
299 280 348 305 Αιι.
371 278 398 305 c.
417 277 485 305 1⁶¹2
531 268 594 302 tQss

494 327 612 361 tutione
636 326 780 365 cedulae,
804 326 830 359 si
852 325 1054 368 consignetur
1070 324 1101 357 in
1118 328 1235 365 totum,

493 380 542 413 sin
564 381 684 417 minus,
709 379 819 412 iulium
841 388 939 411 unum
961 388 1020 422 pro
1045 378 1236 422 quietatione

494 443 647 472 summae,
664 442 744 476 quae
760 431 1008 474 consignamur,
1021 434 1051 465 et
1063 441 1126 464 non
1143 431 1235 471 ultra;

537 486 612 520 100.
630 485 758 526 Quando
774 485 951 529 depositum
970 490 1018 518 est
1032 485 1149 520 sactum
1165 489 1236 529 post

495 539 632 573 mandati
653 538 832 582 exequutivi
852 538 1088 579 relaxationem,
1107 548 1237 583 quomo-

494 593 672 636 documque
692 592 756 632 siat,
776 592 870 625 etiam
890 592 974 636 quod
989 592 1082 636 plura
1099 591 1237 636 desuper

495 647 563 679 lieri
588 646 713 680 decreta
737 646 907 689 contingat,
931 656 1104 690 numquam
1124 645 1236 679 habeat

494 700 635 735 notarius
659 699 718 733 nisi
739 700 832 733 iulios
854 705 991 744 quatuor
1013 710 1086 733 cum
1105 699 1237 734 dimidio

495 764 554 797 pro
579 753 726 786 mandato
749 752 788 786 de
813 753 1043 796 consignando,
1060 758 1090 786 ct
1107 752 1236 787 totidem

493 817 552 850 pro
576 807 774 840 restitutione
799 807 928 840 cedulae
957 812 987 840 et
1007 807 1191 850 quietantia,
1211 807 1236 839 si

494 860 652 903 integrum
669 860 884 904 consignetur,
897 860 1047 903 alioquin,
1055 860 1139 892 ultra
1154 870 1240 892 man-

494 914 558 946 dati
577 913 729 958 praedicti
742 914 933 954 mercedem,
944 913 1056 947 habeat
1080 913 1191 947 iulium
1201 925 1238 947 u-

495 976 571 1000 num
589 977 646 1011 pro
663 968 847 1012 quietantia,
865 973 897 1000 ut
914 978 1019 1012 supra,
1032 972 1063 1000 et
1079 967 1156 1000 nihil
1174 977 1239 1000 am-

495 1021 578 1064 plius
596 1021 626 1054 in
651 1021 791 1065 quolibet
808 1022 1042 1066 praedictorum
1063 1031 1202 1055 casuum.

540 1074 613 1107 101.
633 1075 692 1108 Pro
710 1075 905 1109 restitutione
922 1075 1152 1119 scripturarum
1166 1085 1239 1119 qua-

495 1138 705 1172 rumcumque
730 1129 761 1162 in
782 1128 894 1162 eodem
913 1129 1050 1162 termino
1069 1129 1238 1173 producta-

495 1192 584 1222 rum,
604 1182 727 1215 etiamsi
752 1183 860 1226 plures
884 1182 961 1223 sint,
985 1182 1079 1216 iulios
1102 1187 1239 1227 quatuor

495 1245 567 1268 cum
592 1235 732 1270 dimidio.

540 1288 613 1322 109..
636 1289 695 1323 Pro
712 1289 966 1334 quibuscumque
983 1290 1082 1334 copiis
1105 1289 1184 1323 bene
1209 1294 1238 1324 et

495 1344 558 1376 una
575 1343 718 1386 margine
738 1343 905 1387 descriptis
925 1343 964 1376 ad
983 1343 1082 1377 instar
1099 1343 1238 1386 origina-

498 1396 546 1436 lis,
564 1406 623 1439 pro
639 1396 779 1440 quolibet
798 1397 872 1430 l‘olio
890 1397 999 1430 iulium
1017 1407 1128 1429 unum.

541 1448 615 1482 103.
641 1449 702 1483 Pro
726 1449 946 1490 contradictis,
970 1450 1055 1494 quod
1079 1460 1153 1483 vere
1177 1450 1239 1483 sol-

498 1502 582 1536 vitur
605 1503 708 1536 officio
734 1503 1011 1545 contradictarum,
1037 1509 1065 1537 et
1090 1514 1154 1537 non
1178 1514 1240 1538 am-

497 1556 588 1601 plius.

825 1629 840 1672 g
864 1628 910 1661 lV.

634 1699 724 1733 Tama
747 1700 955 1733 notariorum
978 1700 1077 1733 Rotae
1089 1699 1107 1732 ¹.

543 1771 571 1803 1.
590 1771 650 1805 Pro
671 1770 811 1815 quolibet
831 1771 1013 1804 centenario
1030 1771 1178 1804 soliorum
1196 1781 1242 1804 re-

499 1825 588 1867 gistri
611 1825 685 1858 boni
703 1825 773 1858 sacti
795 1825 879 1858 iuxta
895 1825 1152 1858 reformationem
1170 1824 1243 1858 San—

499 1878 631 1911 ctissimi
645 1878 703 1911 sub
721 1878 811 1911 titulo
827 1877 865 1911 de
881 1876 1059 1922 reqv'stris',
1077 1877 1143 1910 iulii
1159 1887 1243 1911 sexa-

500 1931 622 1974 ginta³;

545 1984 574 2017 9..
600 1985 661 2018 Pro
687 1984 827 2028 quolibet
852 1984 926 2017 solio
954 1984 1117 2028 copiarum
1145 1985 1244 2017 instar

499 2038 573 2072 boni
598 2039 778 2082 originalis,
795 2038 953 2072 bononeni
973 2042 1092 2083 septem
1113 2049 1185 2072 cum
1202 2039 1244 2071 ‹li-

502 2092 609 2125 midio.

545 2146 574 2180 3.
597 2146 657 2179 Pro
674 2146 873 2180 rubricatura
890 2146 1058 2179 cuiuslibet
1072 2145 1243 2179 centenarii

501 2200 650 2233 soliorum
668 2210 836 2244 processus
853 2200 891 2232 de
908 2199 1050 2243 partibus
1063 2199 1142 2232 facta
1161 2199 1246 2232 iuxta

503 2253 760 2287 reformationem
785 2253 981 2286 Sanctissimi
1006 2253 1064 2286 sub
1089 2253 1180 2287 titulo
1201 2253 1246 2286 De

502 2309 651 2352 reyiseris
671 2308 686 2352 ξ
710 2307 916 2341 Rubricellae
931 2313 959 2340 et
982 2307 997 2349 ξ
1020 2307 1192 2340 Processus
1209 2306 1247 2339 de

504 2361 662 2406 partibus,
680 2365 710 2396 et
727 2361 887 2406 §Notarii
903 2361 1003 2395 Rotae
1011 2360 1032 2402 ⁴,
1053 2360 1119 2393 iulii
1145 2360 1246 2403 vigin-

506 2415 676 2459 tiquinque.

544 2515 553 2540 t
580 2513 741 2540 Reformatio
762 2512 842 2540 huius
861 2512 1003 2540 tribunalis
1024 2511 1142 2540 habetur
1165 2519 1248 2548 supra

507 2559 534 2586 in
553 2558 663 2585 Constit.
686 2567 775 2594 praec.
796 2557 811 2594 §
831 2565 857 2585 ν.

542 2602 559 2630 2
579 2602 608 2629 ln
627 2602 715 2630 Const.
739 2611 829 2639 praec.
850 2603 862 2638 ἓ
883 2611 928 2637 xx,
945 2611 1006 2638 pag.
1027 2602 1072 2630 97.

544 2646 560 2675 3
579 2647 739 2674 Declaratur
760 2647 786 2674 in
806 2646 897 2674 Const.
918 2655 976 2683 seq.
997 2647 1011 2682 ἕ
1031 2647 1064 2676 19
1083 2648 1122 2682 (tt.
1137 2652 1154 2673 τ
1168 2646 1185 2681 ),

545 2693 560 2720 Α
579 2691 646 2720 vide
665 2700 745 2728 supra
766 2700 825 2728 pag.
847 2692 893 2719 99.

1065 274 1245 301 nt'LLAmmt
1267 274 1422 300 mmmm

1311 323 1341 357 4.
1356 323 1417 358 Pro
1432 322 1634 358 rubricatum
1651 324 1779 358 testium
1801 322 1840 357 de
1857 322 2010 368 partibus,

1269 387 1327 421 pro
1347 376 1524 411 medietate.

1312 430 1342 464 5.
1361 431 1398 465 Et
1418 430 1503 464 idem
1519 430 1660 464 solvatur
1676 430 1715 463 de
1730 429 1933 474 processibus
1954 440 2012 474 per

1268 484 1366 518 alium
1382 494 1478 528 quam
1498 484 1657 518 notarium
1674 483 1843 518 rubricatis
1859 484 1892 517 in
1910 484 2012 524 curia,

1269 537 1329 571 nisi
1346 537 1431 582 quod
1448 536 1622 570 deducatur
1634 535 1672 570 ad
1686 535 1825 571 favorem
1836 536 1937 582 pastis
1948 541 2013 570 tan-

1269 596 1355 632 tum,
1375 595 1528 634 quantum
1559 589 1704 624 solvisset
1730 590 1873 625 notarius
1899 599 2013 624 causae

1269 644 1409 688 copistae
1428 643 1613 677 rubricanti.

1313 698 1344 733 6.
1364 698 1407 732 De
1428 698 1498 732 aliis
1521 708 1598 732 vero
1620 697 1822 742 processibus
1845 696 2014 731 rubricatis

1270 753 1300 785 in
1326 752 1480 797 partibus,
1497 752 1528 786 in
1548 762 1686 796 quorum
1710 751 1911 785 rubricatura
1934 750 2012 784 nihil

1270 812 1317 840 est
1333 807 1570 850 corrigendum,
1589 805 1778 847 addendum,
1802 805 1851 839 vel
1874 805 2016 839 minuen-

1270 860 1362 902 dum,
1387 860 1550 894 solvantur
1577 871 1636 905 pro
1660 860 1818 893 rexisione
1847 857 2014 893 cuiuslibet

1270 914 1444 947 centenarii
1470 913 1536 947 iulii
1560 913 1751 958 quindecim.

1315 968 1344 1001 7.
1370 967 1431 1001 Pro
1455 967 1602 1002 citatione
1622 967 1757 1011 simplici
1777 970 1866 1000 extra
1882 965 2014 1006 curiam,

1272 1020 1338 1054 iulii
1355 1024 1474 1065 septem
1491 1030 1564 1053 cum
1582 1019 1722 1053 dimidio.

1315 1072 1344 1107 8.
1363 1073 1424 1107 Pro
1448 1073 1596 1107 citatione
1620 1083 1692 1107 eum
1717 1072 1904 1106 inhibitione
1927 1074 2015 1106 extra

1271 1128 1404 1169 curiam,
1429 1127 1497 1161 iulii
1521 1126 1714 1172 quindecim.

1315 1182 1344 1216 9.
1371 1181 1432 1215 Pro
1459 1181 1607 1215 citatione
1637 1191 1710 1214 cum
1742 1179 1928 1215 inhibitione
1958 1189 2017 1224 per

1271 1235 1408 1270 edictum
1433 1239 1522 1270 extra
1545 1235 1683 1276 curiam,
1708 1235 1756 1269 vel
1780 1234 1839 1268 sub
1863 1233 2016 1274 censuris,

1272 1289 1338 1323 iulii
1362 1289 1554 1334 quindecim.

1315 1343 1367 1377 10.
1397 1343 1458 1377 Pro
1489 1342 1676 1376 inhibitione
1708 1342 1844 1386 simplici
1875 1341 1957 1376 sacta
1985 1341 2016 1373 in

1272 1397 1378 1438 curia,
1405 1397 1565 1431 bononeni
1593 1396 1845 1440 trigintaseptem
1877 1405 1949 1428 cum
1973 1394 2019 1427 di-

1273 1451 1381 1484 midio.

1317 1505 1369 1538 11.
1395 1504 1456 1538 Pro
1481 1504 1668 1537 inhibitione
1692 1502 1827 1548 simplici
1851 1505 1939 1537 extra
1963 1511 2018 1535 cu-

1273 1558 1353 1592 riam
1371 1557 1429 1591 sub
1449 1557 1603 1598 censuris,
1620 1557 1688 1591 iulii
1705 1556 1853 1590 undecim
1871 1559 1902 1589 et
1916 1554 2018 1588 bono-

1273 1612 1346 1644 neni
1366 1611 1429 1645 duo
1454 1622 1526 1644 cum
1551 1610 1692 1645 dimidio.

1318 1665 1371 1699 12.
1395 1666 1457 1699 Pro
1483 1665 1631 1699 citatione
1663 1664 1702 1698 ad
1734 1663 1838 1697 valvas
1867 1663 1899 1696 in
1930 1661 2019 1697 curia

1274 1724 1418 1763 tempore
1442 1719 1605 1760 feriarum,
1628 1718 1788 1752 bononeni
1812 1716 2003 1762 quindecim.

1319 1773 1371 1807 13.
1397 1773 1458 1807 Pro
1473 1773 1689 1818 compulsori&
1705 1771 1845 1816 generali
1862 1774 1950 1805 extra
1969 1780 2020 1803 cu-

1274 1827 1366 1868 riam,
1383 1827 1450 1860 iulii
1468 1832 1589 1872 septem
1609 1837 1682 1860 cum
1699 1824 1840 1859 dimidio.

1320 1880 1372 1913 -14,
1390 1880 1452 1914 Pro
1468 1880 1682 1924 compulsoria
1707 1878 1834 1923 speciali
1856 1883 1944 1911 extra
1968 1886 2021 1910 cu-

1276 1933 1374 1975 riam,
1399 1933 1466 1966 iulii
1490 1932 1683 1977 quindecim.

1321 1986 1372 2020 15.
1391 1986 1451 2019 Pro
1467 1990 1590 2020 ari-esto
1607 1985 1759 2030 generali,
1776 1984 1845 2018 iulii
1862 1990 1936 2018 tres.

1321 2039 1373 2072 16.
1388 2040 1448 2073 Pro
1462 2039 1673 2073 instrumento
1687 2037 1889 2072 remissoriae
1901 2036 1940 2070 ad
1952 2045 2022 2080 par-

1277 2098 1334 2134 tes,
1352 2092 1418 2125 iulii
1435 2092 1626 2136 quindecim.

1322 2147 1374 2180 217.
1392 2147 1452 2180 Pro
1476 2146 1616 2191 quolibet
1641 2146 1745 2190 palmo
1761 2145 1857 2179 rotuli
1874 2143 2022 2178 remisso-

1278 2201 1353 2241 riae,
1379 2201 1534 2234 numerati
1560 2201 1646 2234 iuxta
1671 2199 1930 2233 reformationem
1947 2197 2022 2231 San-

1278 2254 1410 2287 ctissimi
1434 2253 1492 2287 sub
1522 2253 1614 2287 titulo
1639 2253 1685 2287 De
1703 2252 1844 2286 notariis
1870 2251 2020 2285 omnium

1280 2306 1510 2349 tribunalium,
1542 2307 1557 2350 ἓ
1583 2307 1725 2340 Litteras
1752 2302 2020 2343 remissor-iales&

1280 2361 1346 2394 iulii
1363 2365 1484 2404 septem
1501 2370 1574 2394 cum
1594 2359 1736 2393 dimidio.

1324 2413 1376 2447 18.
1401 2414 1438 2447 Et
1466 2414 1491 2447 si
1516 2412 1699 2447 remissor-ia
1723 2411 1929 2454 consignatur
1956 2419 2021 2444 non

1279 2467 1362 2502 facto
1378 2467 1526 2511 registro,
1543 2465 1721 2511 depositum
1737 2464 1901 2508 reguletur
1917 2463 1956 2498 ad
1975 2473 2024 2498 ra-

1280 2522 1398 2555 tionem
1412 2521 1573 2564 sexaginta
1590 2519 1738 2553 soliorum
1751 2518 1889 2563 registri,
1901 2527 2025 2552 excom-

1280 2575 1453 2619 putandum
1470 2578 1579 2618 postea
1595 2573 1626 2606 in
1644 2572 1789 2606 mercede
1809 2571 1945 2616 registri.

1319 2691 1330 2717 t
1357 2689 1420 2717 vide
1439 2688 1530 2716 Const.
1551 2687 1678 2724 praeced.
1698 2686 1731 2715 ad
1751 2694 1812 2724 pag.
1832 2685 1868 2715 95
1884 2687 1922 2722 (n.
1938 2686 1987 2722 ι).

2021 275 2073 304 An.
2092 275 2121 304 G.
2137 226 2249 306 101!z
