2293 3231
529 258 591 292 Sta
1074 257 1112 281 nt·
1118 255 1252 282 numni(
1277 253 1427 281 nomm

487 320 636 355 Louviois
662 316 738 362 (de).
771 313 847 347 Vide
870 312 1101 346 Locovariense
1125 307 1286 354 oppidum.

488 373 692 408 Lot-aniensis
709 368 907 408 universitas,
927 365 990 399 362
1008 364 1033 398 b.
1048 364 1155 397 Sixtus
1171 361 1229 395 ΡΡ.
1249 360 1290 394 lv
1304 362 1420 394 rectori
1437 359 1595 394 concessit
1608 360 1657 393 ius
1670 359 1856 394 nominandi
1870 361 2023 396 clericum

574 426 612 460 ad
638 433 734 458 unum
759 421 951 455 beneficium
977 420 1007 451 in
1034 416 1178 463 qualibet
1202 416 1344 449 dioecesi
1369 417 1401 448 in
1418 414 1567 448 dominiis
1587 412 1778 448 Brabantiae
1795 417 1826 448 et
1846 414 2023 458 Flandriae,

575 477 652 511 ibid.
679 476 740 509 Leo
766 474 790 507 Χ
820 475 933 507 artium
960 472 1081 505 decano
1105 469 1208 503 simile
1234 468 1440 513 privilegium
1476 468 1586 502 tribuit
1622 467 1808 502 nominandi
1835 478 1933 502 unum
1959 478 2028 503 ma-

573 532 705 576 gistrum
731 530 845 562 artium
870 525 1004 569 singulis
1032 524 1208 564 decenniis,
1235 522 1298 556 363
1323 522 1350 564 b,
1384 521 1592 567 decrevitque
1619 523 1666 556 sic
1694 523 1838 566 provisos
1870 522 2025 566 praeferri

575 582 730 625 omnibus,
756 581 818 615 365
844 591 872 613 α.
898 579 1079 613 Hadrianus
1104 577 1143 610 vt
1176 575 1340 621 praedicta
1373 576 1542 620 privilegia
1573 576 1774 610 confirmavit
1797 579 1828 610 et
1853 575 2024 620 delaravit‚

574 638 636 671 365
661 636 687 670 b.
713 635 863 670 Martinus
889 633 914 666 V
940 631 1122 677 prohibuit,
1149 631 1320 675 quominus
1356 630 1574 663 universitatis
1610 628 1754 663 membra
1778 632 1869 664 extra
1893 628 2025 664 Lovanii

574 691 698 725 moenia
726 688 765 722 ad
798 688 952 722 iudicium
984 688 1184 726 vocarentur,
1209 683 1274 717 367
1301 682 1326 716 b.
1360 682 1448 716 Haec
1481 684 1585 717 omnia
1617 684 1788 727 privilegia
1820 686 1888 717 rata
1915 681 2027 717 habuit

574 744 746 788 Gregorius
766 741 855 783 XIII,
883 741 946 774 368
965 740 991 773 b.
1009 739 1053 773 Ea
1069 748 1144 772 vero
1159 737 1300 782 explicat
1318 736 1486 781 firmatque
1503 736 1620 770 Paulus
1644 736 1702 770 ΡΡ.
1728 735 1765 778 V,
1788 735 1852 771 370
1868 747 1890 769 a
1911 739 1942 770 et
1964 746 2026 781 seq.

574 797 636 840 Qui
660 800 775 830 statuta
799 805 816 829 a
842 793 1058 828 visitatoribus
1075 802 1091 826 a
1110 801 1143 825 se
1161 791 1323 835 deputatis
1340 789 1425 824 edita
1450 792 1608 835 praecipit
1627 789 1801 833 observari,
1828 790 1893 824 412
1909 789 1936 824 b.

488 851 664 887 LudovIcus
689 849 770 884 tituli
795 849 824 883 S.
849 849 966 882 Marlae
997 847 1250 891 Trauspontinae
1283 844 1455 878 cardinalis
1487 844 1694 888 Ludovisius,
1720 854 1820 889 nepos
1849 843 2028 880 secundum

574 915 703 941 carnem
720 904 866 948 Gregorii
884 902 950 944 XV,
969 902 1031 936 489
1050 901 1066 934 b
1086 905 1117 935 et
1140 899 1223 934 alibi
1231 911 1243 941 ;
1267 902 1346 944 petit
1370 900 1499 933 nomine
1524 898 1664 943 Philippi
1689 899 1776 942 regis
1799 897 2028 943 HIspaniarum

574 969 631 1004 pro
662 958 902 993 canonizatione
933 955 966 990 B.
998 954 1112 989 Isidori
1144 953 1336 999 Agricolae,
1367 952 1445 987 ibid.
1478 952 1679 987 Camerarius
1703 956 1836 996 ,sanetae
1867 951 2029 987 Romanae

576 1013 738 1050 Ecclesiae
769 1011 954 1056 deputatur,
981 1009 1042 1043 521
1066 1020 1095 1042 a.
1114 1009 1177 1054 Ipsi
1197 1009 1436 1042 committuntur
1459 1016 1571 1041 omnes
1587 1015 1703 1041 causae
1720 1005 1912 1049 camerales,
1929 1006 1991 1041 521
2009 1006 2028 1041 b

576 1072 607 1103 et
629 1078 708 1113 seq.;
734 1070 765 1101 et
789 1065 897 1110 plures
923 1063 1087 1098 facultates
1112 1062 1304 1105 tribuuntur,
1330 1061 1393 1095 5⁶22
1419 1064 1450 1095 et
1475 1071 1536 1106 seq.
1562 1059 1820 1095 Ferrariensihus
1848 1059 2029 1095 facultatem

578 1122 728 1166 elargitur
745 1118 880 1164 vectigal
898 1117 1082 1162 imponendi
1106 1127 1204 1161 super
1227 1116 1352 1161 pecude
1371 1118 1403 1151 in
1422 1117 1578 1151 territorio
1600 1125 1709 1150 eorum
1729 1116 1896 1150 comitatus
1916 1099 2025 1150 usser-

577 1180 681 1218 nante,
707 1175 771 1210 782
796 1185 824 1208 α.
852 1174 979 1208 Praeest
1004 1172 1161 1207 ecclesiae
1185 1171 1388 1214 Bononiensi,
1413 1171 1476 1205 552
1501 1170 1527 1204 b.

489 1231 669 1269 Ludovicus
694 1229 736 1264 XI
762 1228 883 1263 Galliae
909 1238 984 1270 rex,
1010 1227 1071 1261 301
1099 1226 1125 1260 b.
1156 1225 1192 1260 Ei
1223 1235 1409 1260 concessum
1440 1226 1489 1260 ius
1520 1224 1705 1259 nominandi
1738 1223 1778 1259 ad
1814 1223 1969 1259 ecclesias
1998 1227 2029 1259 et

578 1285 768 1320 monasteria
791 1283 972 1318 Britanniae
997 1285 1029 1316 et
1052 1281 1251 1322 Provinciae,
1271 1280 1335 1314 302
1360 1290 1389 1312 α.

493 1340 671 1376 Ludovicus
704 1338 785 1372 Petit
819 1339 969 1381 magister
1001 1335 1160 1381 generalis
1188 1333 1321 1370 Ordinis
1348 1333 1401 1368 SS.
1426 1332 1588 1368 Trinitatis
1617 1331 1858 1376 Redemptionis
1883 1332 2030 1376 captivo-

582 1404 661 1435 rum,
687 1393 749 1427 683
776 1393 803 1426 b.
829 1390 962 1427 Obtinet
985 1391 1258 1425 confirmationem
1283 1387 1524 1433 privilegiorum
1550 1386 1656 1420 eidem
1681 1383 1805 1427 Ordini,
1832 1383 1908 1418 ibid.

494 1447 697 1487 LudovIsiuS,
724 1446 794 1480 tide
818 1445 1011 1487 Alexander,
1032 1448 1063 1479 et
1086 1444 1275 1478 Ludovicus.

496 1500 698 1546 Lugdunensi
722 1502 754 1535 in
778 1500 916 1535 dioecesi
941 1501 1082 1545 quinque
1107 1497 1325 1533 Ursulinarum
1349 1496 1539 1531 monasteria
1570 1499 1677 1530 erecta
1701 1503 1757 1539 pro
1782 1492 1959 1539 puellarum
1983 1493 2030 1527 in—

579 1556 762 1599 structione,
789 1555 851 1590 445
876 1554 892 1588 b
916 1558 947 1590 et
970 1564 1031 1599 seq.

1244 1711 1275 1749 M

494 1875 649 1921 magistris
672 1875 941 1910 caeremoniarum
966 1874 1152 1920 pontificum
1177 1876 1392 1910 emolumenta
1415 1883 1434 1909 a
1457 1871 1674 1909 cardinalibus
1706 1873 1739 1907 in
1771 1873 1821 1908 sui
1851 1871 2032 1915 creatione,

582 1934 676 1975 atque
701 1931 795 1964 etiam
819 1931 851 1964 in
875 1929 963 1964 obitu
988 1929 1159 1972 solvenda,
1187 1929 1247 1963 431
1276 1929 1293 1962 b
1317 1932 1348 1962 et
1371 1939 1433 1974 seq.

496 1982 666 2029 naphaeus
697 1984 867 2018 cardinalis
898 1982 1089 2018 Bar-berinus
1120 1982 1281 2016 Bononiae
1312 1983 1437 2026 legatus
1467 1980 1671 2016 concordiam
1701 1981 1760 2015 init
1791 1990 1863 2015 cum
1893 1979 2034 2015 Caesare

584 2036 706 2073 Estensi
733 2038 824 2078 duee,
851 2038 914 2072 218
939 2048 957 2071 a
979 2041 1009 2071 et
1031 2048 1092 2082 seq.
1119 2037 1182 2071 ⁶224
1209 2037 1226 2069 b
1251 2040 1282 2071 et
1306 2046 1367 2082 seq.
1394 2037 1663 2080 Arcbiepiscopus
1687 2035 1869 2070 Nazarenus
1896 2038 1928 2070 et
1950 2033 2035 2080 Apo·

584 2091 712 2126 stolicae
737 2091 827 2125 Sedis
852 2092 891 2125 ad
916 2091 1088 2125 Henricum
1114 2090 1307 2125 Francorum
1324 2101 1434 2136 regem
1459 2092 1604 2132 nuncius,
1631 2089 1694 2124 504
1720 2100 1749 2123 a.
1774 2088 1811 2124 Ei
1828 2090 2035 2124 committitur

586 2144 777 2176 visitatorem
800 2142 981 2176 Monialium
1006 2142 1248 2178 Carmelitarum
1272 2144 1543 2179 Discalceatarnm
1562 2143 1692 2178 Parisiis
1716 2143 1880 2187 deputare,
1908 2140 1988 2176 ibid.

498 2196 679 2233 Mar-annam
697 2196 762 2240 (de)
783 2198 945 2240 provincia
966 2199 996 2230 in
1016 2196 1115 2231 Indiis
1135 2198 1387 2233 occidentalibus
1410 2201 1576 2243 separatur
1594 2197 1633 2232 ab
1651 2198 1786 2231 ecclesia
1810 2196 1840 2231 S.
1862 2195 2034 2232 salvatoris

587 2255 617 2286 et
640 2253 746 2286 unitur
770 2253 953 2296 provinciae
979 2251 1019 2285 de
1044 2252 1272 2294 Pernambum,
1300 2253 1361 2287 274
1389 2253 1415 2285 b.

500 2302 621 2338 Marcus
646 2303 685 2338 ab
710 2303 873 2348 Altaemps
890 2306 920 2337 in
938 2304 1214 2350 archiepiscopum
1233 2305 1511 2350 Salisburgensem
1528 2305 1658 2347 electus,
1680 2305 1742 2339 165
1758 2304 1776 2337 b
1789 2307 1820 2338 et
1837 2314 1900 2350 seq.
1924 2303 2038 2339 Admo-

588 2361 680 2391 netur
696 2366 735 2390 ne
759 2359 988 2391 conventiones
1013 2359 1180 2392 nonnullas
1205 2369 1222 2393 a
1247 2361 1385 2404 capitulo
1408 2361 1439 2393 in
1457 2368 1534 2393 suae
1560 2358 1786 2393 iurisdictionis
1804 2358 2037 2403 praeiudicium

588 2409 685 2444 iactas
709 2412 856 2454 recipiat,
884 2411 945 2445 168
971 2422 999 2444 α.
1020 2411 1095 2445 Eius
1123 2412 1235 2446 electio
1260 2414 1473 2455 confirmatur,
1507 2413 1569 2448 173
1597 2413 1624 2447 b.
1650 2412 1794 2447 Facultas
1825 2413 1855 2446 ei
1887 2420 2037 2446 concessa

589 2465 834 2498 consecrationis
853 2474 967 2498 munus
992 2475 1009 2498 a
1033 2465 1176 2511 quolibet
1195 2467 1391 2511 suscipiendi
1417 2469 1577 2511 episcopo,
1604 2467 1667 2501 178
1689 2477 1718 2500 α.

504 2514 624 2550 Marcus
649 2517 803 2551 Antonius
828 2518 996 2552 cardinalis
1026 2519 1240 2562 Gozzadinus,
1266 2521 1329 2554 385
1354 2521 1380 2564 b,
1407 2520 1540 2555 Causam
1571 2519 1818 2554 canonizationis
1844 2517 2036 2554 venerabilis

591 2567 674 2603 Petri
699 2569 738 2604 de
764 2570 930 2605 Alcantara
956 2572 1059 2614 refert,
1087 2572 1162 2606 ibid.

504 2618 796 2707 uaria'quamarum
819 2626 941 2667 regina,
967 2625 1028 2659 206
1054 2636 1082 2659 a.
1108 2625 1396 2671 Congregationem
1427 2627 1566 2664 Oratorii
1590 2627 1662 2662 lesu
1687 2627 1802 2663 Christi
1828 2626 1909 2670 erigi
1928 2628 2034 2669 curat,

594 2685 603 2706 1
626 2685 636 2706 2
662 2700 668 2707 .
