2293 3231
884 280 981 305 mnEx
1004 279 1112 304 uniunt
1653 269 1716 311 890

231 333 336 368 Bruno
354 332 411 377 (S.)
429 331 559 368 Ordinis
575 332 851 367 Cartliusiauorum
876 332 1029 375 fundator,
1048 333 1111 366 790
1129 342 1157 364 a.
1183 330 1258 365 Eius
1283 331 1396 365 festum
1418 330 1502 363 diem
1523 329 1642 375 ubique
1663 334 1765 364 terra-

320 396 389 420 rum
413 385 640 420 celebrandum
666 385 776 420 indicit
800 384 971 428 Gregorius
996 386 1064 427 XV,
1091 385 1167 419 ibid.

233 439 459 483 Burdogaleusi
484 441 515 473 in
540 440 667 473 civitate
688 440 912 473 monasterium
933 438 1148 473 Ursulinarum
1166 448 1224 483 per
1254 438 1384 472 Paulum
1403 438 1426 470 V
1449 438 1636 479 institutum,
1655 437 1715 470 446
1735 449 1765 470 a.

234 492 480 537 Burgliesiorum
505 492 657 526 sacellum
684 494 714 526 in
739 492 871 526 basilica
903 492 1071 526 Liberiana
1097 493 1126 525 S.
1152 492 1269 526 Mariae
1298 492 1424 525 Maioris
1457 500 1474 523 a
1505 491 1600 524 Paulo
1632 490 1717 534 Papa
1742 489 1766 521 V

323 546 354 579 iu
378 546 530 579 honorem
554 546 586 579 B.
612 545 728 580 Mariae
753 546 894 590 Virginis
919 549 950 580 et
974 548 1042 579 eius
1067 554 1176 579 sacrae
1208 546 1357 588 imaginis
1387 544 1505 577 ibidem
1536 543 1764 578 venerabiliter

322 604 503 634 asservatae
528 603 687 641 erectum,
714 599 775 633 316
792 599 818 633 b.
835 599 966 633 Mirifice
984 602 1138 640 ornatum,
1157 607 1194 632 ac
1211 597 1385 631 liberaliter
1405 597 1556 635 dotatum,
1579 596 1641 629 317
1658 607 1677 628 a
1694 599 1722 629 el
1739 596 1765 627 b.

322 653 504 696 Prioratus,
530 663 567 687 ac
598 653 769 687 duodecim
793 652 1011 697 cappellaniae
1044 653 1075 685 iu
1106 662 1143 685 co
1168 652 1348 692 institutae,
1374 650 1436 682 318
1462 661 1482 681 α
1507 654 1536 683 et
1560 649 1586 681 l».
1611 649 1766 683 Redditus

322 708 566 741 canonicatuum
583 708 614 740 in
633 707 769 740 ccclesia
785 708 885 740 sancti
909 706 1072 739 Laurentii
1097 707 1128 738 in
1154 704 1272 737 Lucina
1296 712 1540 747 suppressorum
1566 704 1612 735 cis
1637 701 1766 743 addicti,

324 760 386 793 318
411 759 427 792 b
452 764 482 793 et
506 770 566 804 seq.
592 760 714 794 Statuta
737 759 889 793 nonnulla
915 769 971 803 pro
996 758 1182 792 eorumdem
1207 757 1363 790 bonorum
1387 756 1679 796 administratione,
1705 765 1766 787 ser-

322 813 464 857 vitioque
488 822 505 846 a
529 813 698 847 sacellanis
723 812 916 857 praestando
941 812 1048 853 edita,
1074 812 1136 845 390
1158 812 1175 843 b
1197 814 1307 854 etseq.
1332 810 1378 843 De
1405 813 1535 853 patrono
1557 813 1587 842 ct
1612 808 1765 842 cardinali

324 869 517 909 protectore,
543 866 604 899 396
630 877 649 899 α
674 870 702 899 et
727 876 788 910 seq.
814 865 852 899 Et
872 875 954 910 quae
980 867 1043 898 sint
1067 865 1233 908 utriusque
1260 863 1442 899 facultates,
1462 863 1523 896 397
1545 865 1652 905 etseq.
1672 862 1769 894 Privi-

325 918 408 962 legia
442 920 705 964 iurispatrenatus
730 919 869 953 familiae
899 918 1096 962 Burgliesiae
1125 918 1353 960 competentis,
1380 916 1442 949 398
1467 920 1497 949 et
1521 926 1581 958 seq.

992 1052 1015 1085 C

239 1182 395 1216 Caeciliae
420 1183 477 1226 (S.)
504 1182 639 1217 eeclesia
671 1183 711 1217 de
742 1182 826 1217 Urbc
858 1184 1048 1226 parochialis
1079 1184 1286 1226 supprimitur
1310 1186 1340 1216 et
1363 1182 1605 1226 Congregationi
1631 1181 1766 1217 Oratorii

325 1236 355 1269 S.
381 1235 520 1279 Philippi
544 1236 632 1270 Nerii
657 1236 853 1278 conceditur,
872 1237 1039 1270 605-607.
1058 1236 1135 1270 Cum
1160 1246 1257 1270 onere
1282 1236 1426 1279 erigendi
1453 1238 1482 1268 in
1509 1237 1645 1269 oratorio
1672 1235 1768 1269 altare

324 1290 426 1322 maius
451 1289 510 1323 sub
534 1290 733 1324 invocatione
759 1290 788 1323 S.
815 1288 989 1333 Caeciliae,
1014 1290 1077 1322 608
1102 1300 1130 1322 α.

236 1341 486 1376 coelestinorum
503 1342 725 1386 Congregatio,
743 1343 806 1376 3425
823 1353 853 1376 sc.
878 1343 968 1384 Quae
993 1343 1182 1377 monasteria
1204 1342 1243 1376 ab
1268 1341 1447 1384 abbatibus,
1470 1352 1551 1387 quae
1569 1352 1584 1375 a
1613 1341 1771 1385 prioribus

327 1394 467 1430 debeant
490 1395 681 1439 gubernari,
709 1396 772 1429 343
798 1395 825 1428 b.

240 1448 518 1482 Caeremoniarum
541 1450 701 1493 magistris
726 1452 905 1483 statuuntur
929 1449 1138 1483 emolumenta
1163 1450 1195 1483 in
1220 1451 1380 1483 creatione
1398 1454 1427 1483 et
1444 1449 1530 1483 obitu
1551 1449 1770 1483 cardinalium,

327 1502 388 1536 431
417 1503 434 1535 b
457 1513 520 1547 seq.

241 1554 478 1589 Caeremoniale
504 1557 536 1588 in
558 1555 714 1589 electione
738 1554 871 1589 Romani
895 1555 1056 1589 Pontificis
1081 1556 1283 1599 sei-vandum,
1310 1556 1372 1589 669
1397 1567 1416 1589 a
1442 1560 1471 1590 et
1497 1567 1557 1601 seq.

241 1609 358 1642 Caesar
381 1610 467 1643 card.
493 1609 657 1652 Baronius,
685 1609 752 1642 vide
777 1609 940 1643 Barouius.

242 1661 358 1696 Caesar
381 1663 421 1696 de
445 1663 508 1697 Bus
532 1663 819 1706 Congregationcm
843 1663 1013 1697 Doctrinae
1039 1662 1234 1696 Christianae
1261 1664 1424 1696 Avenione
1450 1664 1560 1706 erigit.
1587 1663 1645 1696 354
1675 1663 1700 1696 b.

241 1715 357 1751 Caesar
380 1718 520 1751 Estensis
544 1718 683 1751 Mutinae
709 1717 773 1751 dux
798 1718 999 1751 concordiam
1024 1727 1094 1751 cum
1120 1717 1223 1760 legato
1248 1717 1438 1750 Bononiensi
1472 1719 1526 1750 init
1560 1726 1655 1760 super
1679 1717 1774 1749 centi-

330 1770 423 1804 nibus
454 1775 628 1805 castrorum
660 1771 795 1805 Roffeuii
828 1774 858 1805 et
888 1772 1004 1804 montis
1028 1770 1186 1806 Tiuturis,
1214 1769 1275 1802 918
1300 1781 1318 1802 α
1344 1774 1371 1803 et
1397 1781 1458 1814 seq.
1488 1770 1524 1804 Et
1557 1779 1652 1813 super
1683 1771 1774 1814 aquis

332 1824 476 1867 Panarii,
503 1825 566 1859 994
591 1825 607 1858 h
632 1829 663 1859 et
686 1836 746 1869 seq.

242 1876 460 1911 calasancuus
483 1877 555 1911 eide
580 1878 693 1922 loseph
718 1887 735 1911 a
759 1877 857 1912 Matre
882 1877 951 1910 Dei.

242 1928 374 1965 Camera
397 1931 596 1975 Apostolica,
622 1932 662 1964 60
688 1931 713 1964 h.
739 1930 815 1965 Eius
841 1930 978 1964 tribunal
1003 1940 1020 1964 a
1045 1930 1140 1964 Paulo
1158 1930 1244 1973 Papa
1259 1929 1284 1962 V
1302 1930 1522 1973 reformatum,
1546 1930 1624 1963 ibid.
1650 1929 1686 1963 Ei
1711 1939 1778 1974 per—

332 1983 412 2018 solvi
436 1986 590 2028 pecunias
616 1994 654 2018 cx
681 1986 793 2029 poenis
819 1988 851 2018 et
875 1983 1265 2027 confiscati01iibus.qtiae
1290 1984 1321 2016 in
1343 1983 1431 2017 Statu
1451 1984 1674 2018 Ecclesiastico
1692 1986 1776 2016 liunt.

334 2039 575 2080 provenientes,
601 2040 763 2072 iusserunt
787 2038 894 2071 Sixtus
918 2037 1005 2081 Papa
1028 2036 1053 2069 V
1078 2041 1106 2070 ct
1131 2036 1248 2070 Paulus
1273 2037 1307 2077 V,
1333 2037 1396 2070 34⁶2
1421 2047 1449 2070 a.
1475 2041 1504 2070 e!
1528 2048 1588 2081 seq.

246 2088 445 2124 Camerarius
471 2096 597 2126 sanctae
615 2092 775 2126 Romanae
792 2091 971 2132 Ecclesiae,
990 2092 1032 2123 60
1048 2090 1073 2123 b.
1098 2090 1172 2124 Eius
1192 2089 1359 2123 tribunalis
1377 2091 1576 2127 reformatio,
1597 2090 1672 2123 ibid.
1689 2091 1778 2131 Quae

334 2144 398 2176 sint
421 2145 489 2178 eius
514 2145 691 2187 facultates,
717 2145 779 2178 5⁶20
805 2145 820 2177 b
841 2149 872 2178 et
897 2156 957 2189 seq.
983 2143 1148 2178 Praesidet
1172 2147 1332 2188 tamquam
1357 2148 1453 2188 caput
1477 2143 1779 2187 congregationibus

334 2197 561 2241 caincralibus,
587 2199 664 2233 ibid.
690 2198 854 2233 Praesidet
878 2197 1026 2238 arcibus,
1052 2196 1169 2229 milites
1198 2195 1390 2238 conscribit,
1417 2206 1595 2241 causasque
1622 2197 1661 2229 ad
1687 2207 1777 2229 suuni

334 2250 471 2284 cilicium
503 2253 700 2295 pertinentes
733 2253 912 2296 cognoscit,
945 2250 1008 2284 599
1033 2260 1054 2281 α
1070 2253 1099 2282 ct
1115 2259 1176 2293 seq.
1210 2249 1299 2282 Aliae
1326 2250 1508 2285 facultates.
1543 2250 1605 2282 525
1631 2249 1646 2281 l1
1668 2253 1775 2292 etseq.

334 2302 397 2343 Qui
422 2305 486 2338 sint
509 2305 659 2338 officiales
684 2307 738 2350 qui
763 2315 781 2338 a
804 2305 979 2338 camerario
1004 2302 1106 2336 solent
1130 2302 1294 2345 deputari.
1320 2303 1382 2335 596
1400 2314 1419 2335 (ι
1442 2307 1472 2336 et
1495 2313 1557 2347 seq.

248 2355 440 2390 Canonissae
465 2357 495 2391 S.
520 2358 604 2392 Petri
628 2359 736 2402 oppidi
759 2357 1042 2392 Romaricomontis
1067 2355 1222 2389 Tullensis
1247 2357 1404 2391 dioecesis
1430 2357 1492 2390 609
1516 2367 1552 2392 a:
1570 2357 1646 2399 ipsis
1666 2365 1779 2389 cone&

337 2409 422 2444 ditur
445 2411 675 2454 professionem
699 2411 880 2454 religiosam
904 2410 1036 2445 Ordinis
1060 2410 1090 2443 S.
1113 2409 1276 2443 Benedicti
1302 2411 1445 2443 emittere
1463 2408 1656 2443 inmanibus
1681 2408 1779 2442 abba-

338 2464 443 2506 tissae,
466 2464 529 2498 609
555 2465 582 2498 b.

250 2514 420 2561 Cappellae
443 2519 552 2561 regiae
577 2522 607 2551 et
627 2517 805 2562 cappellani
829 2518 957 2551 maioris
980 2517 1067 2560 regis
1087 2516 1222 2550 cattolici
1243 2526 1324 2561 quae
1341 2519 1403 2552 sint
1420 2517 1582 2552 facultates
1605 2517 1676 2551 vide
1692 2518 1779 2551 Com-

338 2570 542 2614 postellanus.

252 2622 436 2667 Cappellani
460 2625 594 2659 Romani
618 2624 778 2659 Pontitieis
802 2623 916 2669 quibus
941 2622 1083 2658 fruantur
1107 2623 1294 2667 privilegiis.
1320 2624 1378 2657 'iot
1409 2625 1426 2655 ln
1450 2628 1479 2657 et
1500 2634 1560 2667 seq.

252 2676 420 2721 cappellae
445 2679 629 2717 Pontificiae
654 2680 847 2722 assistentes,
871 2678 935 2713 7020
961 2678 988 2710 b.
