2293 3231
299 310 346 336 An.
368 309 396 335 C.
417 306 482 335 16²2

306 1377 417 1398 Contraria
427 1376 487 1397 tollit.

359 1852 494 1872 Sanctionem

311 1879 421 1905 poenalem
429 1878 495 1899 addit.

526 296 592 331 746

496 355 597 388 eidem
612 349 856 385 confrater-nitati
867 348 1034 387 concessis,
1043 347 1143 379 dictos
1156 346 1235 378 duos

497 418 572 440 vero
589 405 788 437 canonicatus
805 406 833 435 et
856 400 1050 445 praebendas
1074 410 1132 442 pro
1156 404 1236 431 tem-

498 470 574 503 pore
595 457 780 495 obtinentes,
798 454 944 486 omnibus
965 458 993 485 et
1019 451 1150 494 singulis
1174 451 1238 483 fru-

498 512 609 549 ctibus,
635 498 1072 549 redditibus:prox-entibus,
1098 503 1237 542 iuribus,

497 561 739 597 obventionibus
763 564 793 593 et
817 558 1038 592 emolumentis
1063 556 1238 595 universis,

498 628 532 649 ac
555 615 623 647 aliis
643 614 760 647 eisdem
793 612 916 645 duobus
945 609 1181 644 canonicatibus
1210 614 1239 641 et

500 667 697 713 praebendis,
714 671 747 698 ut
763 666 950 709 praefertur,
974 662 1136 707 applicatis
1153 672 1241 705 prae-

499 721 599 760 dictis,
617 720 746 764 pacitice
772 718 831 750 frui
857 721 887 751 et
911 716 1066 759 gaudere3
1091 724 1155 747 non
1172 724 1241 757 per-

500 775 659 808 mittentes
669 783 722 805 eos
735 782 791 805 seu
800 781 910 804 eorum
923 769 1095 813 quemlibet
1105 768 1242 810 desuper

500 839 558 872 per
589 835 805 871 quoscumque
839 822 1076 867 quomodolibet.
1104 820 1241 854 indebite.

501 881 671 920 molestare
682 879 930 913 contradictores
939 875 1125 909 auctoritate
1133 876 1242 907 nostra

502 935 673 980 praedicta,
687 932 895 977 appellatione
915 929 1101 975 postposita,
1115 938 1242 972 compe-

501 988 627 1028 scendo,
651 998 697 1028 ac,
723 985 872 1029 legitimis
897 995 992 1028 super
1018 984 1068 1016 his
1092 981 1244 1015 habendis

502 1041 654 1075 servatis¹
694 1039 915 1084 processibus,
950 1037 1020 1070 illos
1054 1035 1243 1075 sententias,

503 1105 651 1128 censuras
675 1099 705 1127 et
729 1103 846 1137 poenas
865 1089 1044 1124 huiusmodi
1063 1088 1244 1128 incurrisse,

503 1150 623 1182 servata
647 1148 749 1180 sorni-‘t
773 1144 902 1179 Concilii
926 1142 1117 1182 Tridentini,
1142 1141 1245 1174 decla-

504 1201 613 1242 rando,
638 1200 772 1243 illosque
796 1198 890 1231 etiam
915 1197 1035 1230 iteratis
1055 1195 1174 1228 vicibus
1191 1205 1246 1237 ag-

503 1253 674 1298 gravando,
699 1253 842 1285 invocato
866 1250 1016 1283 etiamad
1033 1250 1103 1289 hoc,
1123 1248 1148 1280 si
1168 1258 1247 1291 opus

505 1310 608 1349 suerit,
632 1307 754 1341 brachii
779 1306 929 1339 secularis
953 1304 1078 1338 auxilio.

550 1364 565 1406 ς’
590 1362 640 1395 15.
666 1362 734 1394 Non
759 1359 955 1393 obstantibus
972 1357 1072 1401 priori
1090 1356 1247 1390 voluntate

505 1417 613 1449 nostra
628 1413 797 1458 praedicta,
811 1423 846 1445 ac
862 1412 931 1456 piae
945 1410 1116 1443 memoriae
1130 1409 1249 1442 Bonita-

506 1469 544 1503 cii
563 1470 663 1513 Papae
674 1468 749 1507 vill,
761 1467 854 1501 etiam
871 1464 1123 1510 praedecessoris
1138 1462 1247 1501 nostri,

505 1532 628 1556 necnon
645 1520 807 1565 quibusvis
826 1519 894 1552 aliis
919 1515 1195 1551 constitutionibus
1219 1520 1246 1547 et

506 1574 759 1609 ordinationibus
788 1570 989 1616 apostolicis,
1014 1580 1070 1609 ac,
1095 1573 1249 1612 quatenus

507 1638 586 1672 opus
610 1627 659 1668 sit,
683 1627 783 1659 dictae
805 1625 896 1658 Urbis
913 1624 1115 1667 (iuramento,
1132 1622 1248 1654 contir-

509 1681 644 1714 matione
661 1679 842 1724 apostolica,
852 1678 899 1710 vel
909 1676 1018 1721 quavis
1030 1676 1178 1708 firmitate
1188 1674 1248 1707 alia

509 1734 678 1777 roboratis)
706 1732 829 1765 statutis
845 1736 875 1763 et
895 1729 1183 1769 consuetudinibus,
1204 1738 1250 1761 ce-

510 1788 646 1831 terisque
663 1785 830 1820 contrariis
845 1784 1107 1828 quibuscumque.

555 1840 569 1882 ξ
594 1838 644 1871 16.
670 1837 753 1871 Nulli
777 1847 853 1879 ergo
873 1835 1001 1869 omnino
1026 1834 1190 1867 hominum
1216 1834 1250 1866 li-

509 1898 577 1926 ceat
601 1893 680 1925 hanc
705 1891 852 1935 paginam
879 1894 1004 1922 nostrae
1028 1888 1250 1928 absolutionis,

509 1944 728 1985 abdicationis,
754 1942 976 1982 translationis,
1001 1940 1250 1985 suppressionis,

509 1999 709 2033 extinctionis
722 2025 729 2038 ,
754 1997 986 2036 concessionis,
1011 1995 1231 2038 assignationis
1244 2022 1251 2034 ,

510 2052 744 2097 applicationis,
766 2049 1033 2095 appropriationis
1047 2076 1054 2090 ‚
1079 2049 1197 2081 decreti
1222 2053 1251 2081 et

510 2106 648 2140 mandati
669 2105 850 2147 infringere,
875 2104 920 2136 vel
943 2103 970 2135 ci
990 2114 1068 2135 ausu
1085 2102 1253 2135 temerario

511 2158 678 2192 contraire.
709 2158 741 2192 Si
772 2157 842 2201 quis
868 2161 973 2189 autem
1005 2156 1064 2188 hoe
1099 2160 1253 2187 attentare

512 2211 772 2257 praesumpserit,
791 2209 1038 2252 indignationem
1053 2208 1248 2252 omnipoten-

513 2266 551 2299 tis
568 2265 620 2298 Dei
638 2275 674 2297 ac
694 2265 857 2297 beatorum
875 2262 957 2295 Petri
975 2266 1005 2296 et
1024 2262 1110 2294 Pauli
1127 2267 1252 2305 aposto-

514 2320 618 2352 lorum
635 2318 702 2351 cius
722 2328 754 2350 se
772 2316 893 2350 noverit
908 2316 1120 2348 incursurum.

559 2372 670 2404 Datum
688 2370 824 2411 Tusculi,
844 2380 925 2402 anno
946 2368 1173 2402 lucarnationis
1198 2368 1256 2401 Do-

517 2424 649 2457 minicae
674 2433 826 2463 nncxxn,
853 2422 945 2455 tertio
969 2431 1068 2454 nonas
1099 2421 1255 2461 octobris,

517 2478 716 2520 pontificatus
739 2476 839 2509 nostri
862 2485 943 2508 anno
967 2485 999 2508 11.

554 2540 614 2566 Dat.
636 2539 679 2566 die
698 2539 715 2566 5
733 2538 853 2566 octobris
870 2538 950 2569 1622,
964 2537 1056 2573 pontif.
1073 2545 1117 2565 an.
1133 2543 1162 2564 ιι.

558 2649 568 2673 1
587 2646 657 2674 Edit.
673 2645 752 2673 Main.
768 2645 832 2680 legit
849 2645 999 2672 servandis
1012 2645 1049 2679 (n.
1064 2645 1114 2679 ¹1¹.).

1074 297 1253 323 BULLARIUM
1278 296 1432 322 nomnen

1577 342 1703 376 LXXXI.

1271 423 1494 458 Committitur
1504 421 1624 454 mancio
1639 419 1814 464 apostolico
1829 419 1968 464 Neapoli
1984 424 2014 453 et

1315 475 1595 519 viceyubernatori
1604 475 1747 507 civitatis
1755 473 2012 514 Beneventanae,

1315 534 1352 562 ut
1359 529 1536 573 procedant
1546 532 1659 561 contra
1671 527 1827 561 bonorum
1840 526 2016 559 detentores

1316 582 1509 615 monasterii
1521 581 1671 614 abbatiae
1684 583 1894 623 nuncupatae
1905 578 1936 612 S.
1947 578 2017 612 Ma-

1317 637 1388 669 riae
1411 636 1449 669 de
1470 635 1632 675 Ferrara,
1651 634 1758 667 sancti
1775 632 1946 666 Benedicti
1968 631 2018 665 vel

1319 689 1458 722 alterius
1484 687 1619 722 Ordinis
1633 715 1641 729 ,
1676 687 1922 720 Beneventanae
1933 713 1940 726 ,
1966 683 2018 718 vel

1323 741 1528 782 Theanensis,
1545 745 1604 774 au!
1624 740 1754 774 nullius
1771 739 1920 773 dioecesis
1932 738 1952 771 ¹.

1275 831 1401 859 Dilectis
1420 831 1504 865 filiis,
1525 833 1629 858 nostro
1648 832 1680 858 et.
1699 829 1768 857 Sedi
1782 828 1971 863 apostolicae
1986 827 2019 855 in

1310 882 1402 910 regno
1416 875 1558 909 Neapolis
1569 874 1690 907 nuncio,
1706 876 1738 901 et.
1751 872 1887 901 civitatis
1898 875 2019 900 nostrae

1311 920 1540 947 Beneventanae
1551 917 1828 953 vicegubernatori,
1837 923 1919 945 nunc
1927 919 1959 944 et
1966 921 2020 951 pro

1312 967 1446 998 tempore
1463 963 1679 994 existentibus,

1481 1016 1640 1051 Gregorius
1661 1016 1740 1050 Papa
1762 1014 1818 1042 XV.

1552 1073 1662 1101 Dilecti
1680 1072 1748 1106 filii,

1323 1120 1453 1147 salutem
1469 1121 1500 1146 et
1515 1117 1711 1153 apostolicam
1725 1115 1975 1144 benedictionem.

1324 1198 1340 1240 ἓ
1364 1197 1393 1230 1.
1419 1197 1513 1237 Cum,
1545 1196 1625 1229 sicut
1649 1195 1781 1228 dilectus
1808 1193 1893 1226 filius
1916 1195 2023 1227 noster

1281 1250 1458 1283 Ludovicus
1482 1249 1562 1281 tituli
1586 1248 1615 1281 S.
1639 1247 1754 1281 Mariae
1773 1245 2023 1290 Transpontinae

1282 1303 1447 1346 presbyter
1467 1301 1633 1335 cardinalis
1657 1299 1843 1334 Ludovisius
1863 1308 2024 1343 nuncupa-

1282 1362 1331 1389 tus
1346 1383 1354 1397 ,
1381 1359 1488 1389 noster
1512 1354 1686 1388 secundum
1713 1363 1842 1386 carnem
1866 1362 1903 1385 ex
1928 1351 2026 1385 fratre

1281 1418 1434 1452 germano
1466 1418 1586 1452 nepos,
1611 1406 1703 1441 nobis
1725 1415 1828 1450 nuper
1858 1405 2025 1449 exposuit,

1282 1462 1380 1494 multa
1404 1461 1488 1493 bona
1504 1464 1533 1494 et
1554 1459 1724 1499 territoria,
1742 1459 1781 1492 ad
1795 1457 2024 1492 monasterium

1282 1515 1437 1549 abbatiam
1462 1519 1676 1559 nuncupatum
1701 1514 1730 1548 S.
1756 1513 1871 1546 Mariae
1894 1511 1934 1546 de
1955 1512 2028 1546 Fer-

1283 1579 1364 1610 rara,
1389 1568 1486 1601 sancti
1511 1567 1671 1601 Benedicti
1688 1577 1743 1600 seu
1760 1566 1890 1600 alterius
1901 1565 2028 1600 Ordinis

1283 1623 1517 1655 Beneventanae
1542 1631 1598 1655 seu
1621 1620 1813 1654 Theanensis
1833 1625 1887 1652 aut
1910 1618 2028 1651 nullius

1283 1675 1445 1716 dioecesis,
1458 1675 1543 1719 quod
1556 1674 1658 1707 dictus
1670 1673 1846 1707 Ludovicus
1858 1671 2027 1706 cardinalis

1285 1729 1314 1761 in
1329 1728 1549 1762 commendam
1561 1727 1600 1760 ad
1609 1727 1655 1760 sui
1666 1727 1761 1759 vitam
1773 1736 1812 1759 ex
1824 1724 2028 1759 concessione

1282 1787 1314 1814 et
1337 1781 1568 1826 dispensatione
1592 1781 1767 1825 apostolica
1790 1779 1932 1820 obtinet,
1956 1788 2027 1823 spe-

1284 1836 1408 1877 ctantia,
1433 1846 1451 1869 a
1475 1835 1607 1869 diversis
1631 1834 1788 1879 personis,
1812 1833 1905 1867 etiam
1929 1832 1962 1866 in
1985 1832 2030 1866 di-

1284 1889 1402 1931 gnitate
1415 1888 1625 1922 ecclesiastica
1634 1887 1821 1927 constitutis,
1832 1891 1862 1919 et
1869 1885 2029 1919 nonnullis

1285 1942 1426 1975 ecclesiis
1458 1941 1597 1975 indebite
1628 1945 1782 1984 occupata
1812 1939 2029 1980 retineantur,

1286 1995 1407 2029 etiamsi
1439 1995 1491 2028 illa
1521 1994 1560 2027 ad
1591 1994 1710 2027 dictum
1738 1993 1964 2027 monasterium
1993 2002 2031 2025 ex

1287 2048 1418 2081 diversis
1434 2048 1590 2093 capitibus
1614 2052 1645 2081 et
1668 2046 1864 2091 respectibus
1885 2045 2031 2080 devoluta

1287 2103 1371 2136 sint:

1333 2157 1347 2199 ἓ
1367 2156 1396 2189 ⁶2.
1413 2156 1486 2197 Nos,
1500 2155 1640 2189 eiusdem
1658 2152 1840 2187 monasterii
1856 2152 1984 2187 utilitativ
2001 2156 2032 2186 et

1289 2209 1475 2250 commodis,
1492 2214 1644 2252 quantum
1666 2217 1737 2241 cum
1762 2205 1895 2240 Domino
1919 2215 2031 2250 possu-

1289 2272 1370 2302 mus,
1387 2262 1551 2295 consulere
1568 2261 1718 2301 volenteS,
1743 2259 1831 2293 vobis
1847 2264 1878 2292 et
1893 2262 2032 2293 vestrum

1290 2315 1417 2348 cuilibet
1445 2315 1475 2347 in
1504 2313 1640 2347 solidum
1664 2323 1722 2357 per
1744 2317 1927 2357 praesentes
1949 2321 2034 2346 com-

1291 2369 1444 2402 mittimus
1464 2373 1495 2401 et
1511 2367 1708 2407 mandamus
1719 2371 1760 2400 -ut
1783 2370 1893 2400 contra
1909 2375 2034 2399 eorum-

1291 2422 1362 2455 dem
1383 2422 1540 2455 bonorum
1566 2420 1745 2454 detentores
1765 2424 1796 2452 et
1815 2423 2034 2462 occupatores,

1291 2475 1519 2518 cuiuscumque
1537 2473 1707 2516 dignitatis,
1725 2477 1833 2512 status,
1845 2470 1973 2514 gradus,
1987 2481 2036 2504 or-

1291 2529 1372 2561 dinis
1395 2533 1425 2561 et
1441 2527 1629 2561 conditionis
1645 2525 1824 2565 existentes,
1849 2523 1972 2557 etiamsi
1988 2533 2037 2557 ec-

1292 2582 1415 2621 clesiae,
1428 2579 1616 2614 monasteria
1629 2582 1659 2612 et
1677 2577 1737 2610 alia
1756 2577 1826 2610 loca
1842 2576 1895 2620 pia
1907 2576 2035 2617 suerint,

1329 2697 1340 2722 1
1362 2694 1400 2722 Ex
1418 2694 1526 2731 Regest.
1547 2693 1574 2720 in
1593 2691 1694 2720 Secret.
1717 2691 1794 2720 Brcv.

2024 291 2075 320 An.
2095 290 2124 320 C.
2140 291 2209 331 ·¹=⁴

2064 1199 2182 1222 Commissi·
2194 1210 2203 1217 υ
2220 1205 2224 1211 ·

2037 1232 2125 1248 causae.

2066 2156 2201 2179 commissio.
2213 2179 2215 2182 ,

2045 2190 2087 2212 qua
2101 2185 2124 2207 in
2137 2182 2207 2206 nihi-i
2215 2182 2229 2197 ''-
