2293 3231
68 285 117 312 λιι.
135 285 165 311 C.
181 283 248 311 151!

917 284 1034 308 PAULES
1059 283 1077 306 V
1103 284 1150 307 PF.

266 336 318 364 aut
334 341 391 374 per
410 341 464 364 cos
486 341 549 364 non
571 336 629 364 stet
645 331 812 374 quominus
830 331 1000 365 tradantur.

266 383 303 416 Et
329 383 503 416 abstineant
528 384 567 415 ab
596 384 743 417 indebitis
773 384 1002 423 exactionibus,

265 436 399 470 maxime
430 447 488 480 pro
520 437 764 479 obligationibus
788 437 925 470 solvendi
954 447 1004 469 an-

265 494 362 522 natas.

311 542 361 576 72.
379 542 499 583 Bussas,
522 554 654 586 quarum
679 543 799 577 ratione
821 553 1004 583 couunune,

267 601 388 637 annam,
406 596 454 629 vel
471 596 531 628 alia
548 597 616 629 iura
632 597 709 629 solvi
729 597 843 629 debent
863 606 1004 629 camerae

266 649 478 694 apostolicae,
505 660 585 693 quae
611 650 845 693 quomodolibet
877 660 1006 683 concer-

265 708 344 736 nunt
366 703 518 736 interesse
541 703 641 736 dictae
673 713 815 736 camerae
845 708 897 736 aut
921 702 1008 736 Sedis

265 757 473 801 Apostolicae,
490 757 554 790 sive
571 767 678 789 earum
695 757 930 796 continentiam,
950 767 1008 800 per

266 812 388 856 seipsos
414 816 551 851 tantum,
576 816 604 843 et
631 821 693 844 non
720 821 778 855 per
802 811 1006 854 substitutos,

266 864 406 897 scribant
421 870 452 897 et,
469 869 618 897 annotent.
636 864 666 896 in
682 863 771 896 libris
778 875 786 904 3
799 869 827 896 et
846 864 948 896 bullae
964 874 1009 896 re-

266 918 415 960 gistratae
437 918 650 950 auscultcntur
675 928 732 961 per
756 917 947 950 mcnsariuni
966 917 1008 960 ip-

266 981 373 1004 sorum
398 971 611 1011 notariorum,
629 970 681 1013 qui
698 970 729 1003 in
747 970 869 1013 signum
890 971 1008 1003 :msc-ul-

266 1024 391 1058 tationis
415 1035 540 1057 manum
561 1035 722 1068 apponere
747 1024 777 1056 in
803 1024 956 1068 registro,
977 1030 1008 1057 et

266 1076 305 1110 de
321 1077 404 1110 mala
421 1076 646 1111 auscultatione
664 1077 762 1109 teneri
784 1077 916 1109 debeant
928 1075 945 1108 ¹.
971 1077 1006 1110 Et

266 1131 401 1174 registra
423 1131 454 1163 in
478 1130 617 1164 archivio
642 1130 747 1174 palatii
768 1130 932 1174 apostolici
953 1141 1006 1162 cu-

267 1184 450 1218 stodiantur.

313 1237 363 1272 73.
388 1238 600 1281 Obligationes
624 1237 762 1271 solvendi
787 1248 952 1271 couunune
977 1241 1006 1271 et

267 1291 328 1324 alia
356 1291 426 1324 iura
457 1302 599 1324 camerae
633 1302 691 1335 pro
731 1290 928 1324 monasteriis
960 1291 1006 1323 vel

267 1345 407 1378 ecclesiis
434 1345 571 1379 oneratis
597 1345 764 1388 pensione,
790 1348 840 1377 aut
869 1344 1007 1377 solvendi

267 1397 492 1441 quindennium
509 1397 629 1430 ratione
647 1397 807 1437 unionum,
825 1397 903 1429 int'ra
917 1397 1007 1440 quin-

268 1451 370 1484 decim
392 1450 459 1483 dies
483 1450 521 1483 ab
554 1450 694 1494 ipsismet
717 1450 847 1483 notariis
872 1450 902 1482 in
927 1450 1007 1483 libro

268 1505 455 1538 scribantur.

314 1558 364 1591 74.
388 1558 430 1591 De
460 1557 610 1591 restitutis
641 1561 745 1591 autem
771 1561 913 1591 servetur
937 1568 1009 1590 con—

268 1611 400 1644 suetudo
418 1610 558 1654 cupiendi
584 1610 676 1643 iulios
692 1611 770 1644 duos
789 1621 860 1643 cum
878 1610 1008 1644 dimidio

269 1664 473 1697 cancellariae
491 1675 550 1708 pro
568 1663 705 1707 qualibet
723 1664 918 1697 restitutione
939 1664 1008 1696 bul-

269 1718 381 1758 larum,
397 1721 428 1751 et
444 1727 507 1751 non
523 1718 614 1749 ultra.

315 1771 365 1804 75.
382 1771 600 1804 Emolumenta
616 1771 660 1803 eis
673 1770 789 1810 debita,
809 1776 870 1803 tam
888 1770 1008 1803 ratione

269 1824 498 1867 registrationis
521 1824 678 1857 bullarum
702 1835 796 1867 quam
829 1824 889 1856 alia
913 1835 1009 1867 quae-

269 1888 418 1921 cumque,
442 1877 524 1910 inter
548 1888 579 1911 se
604 1883 690 1911 certo
716 1877 836 1921 pretio,
862 1878 909 1910 vel
935 1877 1010 1910 alias

269 1931 515 1975 quomodolibet,
536 1942 600 1964 non
620 1931 802 1973 arrendent‚
820 1942 877 1965 nec
901 1942 1009 1965 arren-

270 1985 345 2019 dare
361 1985 490 2029 possint.

314 2039 364 2073 76.
382 2039 416 2072 In
431 2039 681 2083 expeditionibus
701 2044 731 2071 et
751 2039 916 2084 scripturis
939 2050 1012 2072 con-

271 2092 429 2132 ficiendis,
447 2092 485 2125 de
501 2093 716 2136 propositione
737 2098 768 2125 et
790 2093 1009 2126 commissione

271 2146 352 2179 sacta
372 2145 405 2179 in
427 2146 521 2190 plena
538 2147 662 2178 camera
681 2147 869 2179 mentionem
887 2157 1012 2190 expres-

272 2210 337 2234 sam
355 2200 458 2233 facere
479 2204 651 2232 teneantur.

317 2253 367 2286 77.
386 2254 503 2287 Ponant
518 2253 549 2286 in
561 2254 663 2286 massa
678 2253 836 2286 communi
850 2253 1010 2287 mercedes

272 2308 537 2341 intrun'ientorum
553 2307 691 2341 omnium
702 2333 709 2347 ‚
730 2311 791 2341 tam
809 2307 1011 2340 camel-alium

273 2372 367 2405 quarn
390 2362 540 2395 interesse
565 2372 706 2394 camerae
729 2361 827 2394 active
843 2365 873 2395 et
890 2361 1010 2405 passive

273 2426 328 2449 seu
358 2416 433 2449 alias
468 2415 701 2459 quomodolibet
735 2414 1010 2454 concernentium,

273 2469 367 2502 etiam
383 2474 471 2503 extra
487 2480 662 2505 cameram,
681 2479 787 2502 coram
805 2467 1011 2508 thesaurario,

273 2523 322 2556 vel
339 2523 400 2556 alio
416 2534 473 2566 per
488 2528 629 2556 nostrum
655 2527 705 2555 aut
726 2532 942 2555 successorum
959 2531 1012 2554 no-

275 2580 413 2609 strorum
430 2575 677 2619 chirographum
695 2576 742 2608 vel
759 2575 876 2608 litteras
892 2578 942 2608 aut
961 2574 1013 2606 ali-

312 2647 323 2674 1
345 2647 441 2674 Nescio
465 2655 500 2674 an
524 2646 669 2682 legendum
691 2646 761 2675 foret
784 2647 894 2679 debeat,
914 2653 1014 2680 nempe

275 2689 334 2728 ipse
353 2691 517 2720 mensurius
535 2694 572 2726 (n.
591 2692 642 2727 τ.).

1036 337 1083 364 ter
1108 332 1273 375 deputato,
1299 337 1498 373 rogatoruu‘u
1526 330 1563 363 de
1588 331 1700 374 quibus
1728 342 1775 363 ro-

1036 390 1125 427 gatus
1156 385 1295 417 notarius
1331 390 1473 417 teneatur
1505 384 1557 416 illa
1587 384 1774 416 denunciare

1037 438 1179 480 collegio,
1191 444 1230 478 et,
1244 443 1276 471 tit
1290 440 1475 481 praefertur,
1488 438 1518 470 in
1532 439 1632 470 massa
1648 448 1775 481 ponere,

1037 490 1162 534 dempta
1181 493 1246 523 rata
1264 491 1320 523 sibi
1340 502 1397 534 pro
1411 491 1554 524 intercedit*
1568 491 1711 523 laborum
1728 491 1777 523 de-

1038 543 1101 575 bita
1122 543 1205 576 iuxta
1221 544 1456 577 constitutiones
1474 545 1624 588 ipsorum.

1085 595 1134 629 78.
1163 597 1199 630 Et,
1227 597 1410 630 conticiatur
1438 597 1527 638 liber,
1557 597 1639 641 apud
1667 608 1777 630 eorum

1040 649 1230 681 mensarium
1255 650 1476 691 dimittendus,
1504 651 1533 683 in
1561 662 1622 694 quo
1647 651 1776 694 quisque

1040 702 1180 734 notarius
1208 703 1239 735 in
1266 705 1326 735 tine
1355 704 1568 737 lielulomadae
1599 704 1777 737 summatim

1041 754 1197 788 describat
1222 756 1376 798 singutas,
1402 768 1478 799 quas
1506 758 1630 797 fecerit,
1655 758 1778 801 expedi-

1042 813 1149 841 tiones.

1087 862 1136 896 79.
1155 863 1214 896 Pro
1232 864 1483 908 expeditiouilms
1500 871 1528 897 et
1546 866 1648 908 sigillo
1666 866 1696 898 in
1710 876 1778 908 gra-

1041 915 1137 956 tiosisy
1147 916 1272 959 quando
1285 923 1353 949 sunt
1369 918 1475 960 plures
1487 929 1638 961 personae
1653 929 1778 951 consor-

1042 973 1096 1008 tes,
1114 969 1207 1001 etiam
1225 970 1249 1002 si
1267 970 1327 1002 sint
1340 971 1608 1013 congregationes,
1629 971 1776 1014 collegia,

1040 1022 1194 1065 capitula,
1219 1023 1266 1055 vel
1294 1023 1527 1061 universitates,
1555 1035 1616 1057 11011
1641 1025 1778 1058 solvatur

1040 1075 1098 1108 nisi
1116 1086 1175 1119 pro
1193 1078 1262 1108 taxa
1279 1076 1422 1109 duorum.
1442 1077 1473 1109 ln
1492 1077 1688 1110 iudicialibus
1705 1089 1778 1111 vero

1040 1129 1290 1172 expeditionibus
1324 1130 1446 1163 nonnisi
1476 1142 1532 1174 pro
1567 1142 1627 1164 uno
1661 1137 1777 1164 tantum

1040 1182 1191 1225 exigatur.

1085 1235 1136 1268 80.
1160 1236 1194 1268 Et
1213 1247 1270 1279 pro
1293 1237 1405 1269 litteris
1426 1237 1601 1280 patentibus
1630 1249 1780 1281 quorum-

1041 1298 1174 1331 cumque
1189 1288 1487 1327 commissariorum,
1502 1295 1563 1321 tam
1577 1300 1593 1321 a
1607 1291 1778 1323 camerario

1040 1352 1134 1384 quam
1152 1352 1169 1373 a
1190 1342 1395 1383 thesaurario,
1421 1343 1467 1374 rel
1494 1343 1709 1377 commissario
1734 1354 1781 1376 ca-

1041 1406 1161 1436 merae,
1186 1396 1278 1429 etiam
1304 1396 1334 1428 in
1358 1396 1499 1440 partibus
1524 1397 1779 1437 constitutorum,

1041 1459 1103 1481 non
1128 1449 1266 1482 solvatur
1294 1450 1374 1481 ultra
1398 1449 1489 1482 iulios
1515 1449 1622 1491 viginti
1647 1449 1725 1483 duos
1749 1450 1780 1482 in

1042 1507 1155 1542 totum,
1173 1509 1353 1547 computato
1381 1503 1483 1546 sigillo
1508 1508 1535 1536 et
1562 1503 1706 1536 mercede
1733 1514 1779 1536 se-

1041 1556 1166 1588 cretarii
1186 1567 1220 1588 ac
1236 1557 1359 1589 notarii.

1085 1607 1136 1641 Sl.
1151 1610 1291 1643 Mercede
1306 1611 1401 1642 semel
1415 1611 1515 1644 soluta
1532 1610 1678 1643 iuliorum
1694 1611 1780 1653 quin-

1041 1674 1100 1706 que
1125 1664 1248 1697 notario
1275 1664 1375 1697 dictae
1401 1676 1542 1698 camerac
1566 1675 1624 1708 pro
1650 1664 1780 1708 deputa-

1042 1717 1124 1750 tione
1142 1717 1279 1750 iudicum
1298 1718 1335 1750 ad
1358 1718 1518 1750 solidanda
1542 1723 1685 1761 computa
1697 1745 1704 1757 ,
1722 1728 1780 1762 pro

1041 1781 1237 1813 quacumque
1262 1776 1371 1814 postea
1395 1771 1618 1813 subrogatione
1643 1771 1781 1804 solvatur

1042 1829 1161 1857 tantuin
1181 1824 1331 1857 medietas
1348 1835 1485 1857 summae
1503 1824 1691 1868 praedictae.

1086 1876 1137 1910 8-2.
1162 1878 1281 1911 Notarii
1306 1878 1525 1921 gubernatoris
1551 1884 1675 1911 teneant
1699 1878 1781 1911 intus

1043 1931 1089 1964 vel
1115 1932 1198 1964 iuxta
1222 1931 1338 1964 dietum
1367 1931 1517 1975 palatium
1544 1942 1654 1964 eorum
1679 1931 1781 1964 officia

1043 1990 1197 2028 separata,
1214 1988 1242 2018 ct
1263 1984 1293 2016 in
1310 1984 1387 2016 loeis
1403 1984 1443 2017 ita
1460 1984 1655 2023 distantibus,
1672 1989 1706 2016 ut.
1721 1984 1782 2016 col-

1043 2037 1236 2081 litigatorum
1253 2038 1403 2070 tumultus
1416 2038 1534 2070 nullum
1553 2037 1665 2070 afferre
1684 2037 1781 2080 possit

1043 2091 1309 2135 impedimentum.

1088 2144 1138 2177 83.
1170 2145 1322 2178 Manualia
1354 2144 1535 2177 citationum
1565 2150 1596 2177 et
1626 2143 1781 2176 manualia

1044 2198 1303 2242 protestationum
1329 2198 1496 2242 separatim
1521 2203 1551 2230 et.
1574 2197 1715 2230 distincte
1741 2202 1782 2228 te-

1043 2257 1145 2284 neant.

1088 2304 1139 2337 84.
1165 2304 1408 2348 Expeditionum
1430 2303 1508 2336 duos
1525 2303 1622 2336 libros
1637 2303 1779 2342 habeant,

1043 2358 1075 2390 in
1091 2369 1225 2401 quorum
1243 2368 1304 2390 uno
1322 2357 1463 2390 distincte
1477 2357 1483 2373 ¹
1502 2362 1530 2389 et
1547 2356 1714 2389 ordinatim
1731 2365 1781 2387 an-

1044 2416 1151 2444 notare
1176 2411 1307 2444 debeant
1333 2420 1440 2443 omnes
1460 2409 1702 2452 significationes
1724 2419 1781 2452 per

1045 2464 1124 2497 viam
1148 2475 1294 2497 recursus
1319 2463 1550 2503 concedendas,
1568 2474 1637 2495 cum
1655 2473 1780 2506 expres-

1044 2519 1131 2553 sione
1149 2519 1284 2553 nominis
1300 2518 1539 2561 eollitigantimn
1564 2523 1592 2549 et
1623 2517 1782 2550 curiarum

1045 2583 1062 2605 a
1075 2572 1187 2616 quibus
1213 2573 1426 2605 locumtenens
1448 2582 1593 2604 recursus
1613 2571 1695 2604 iuxta
1712 2581 1783 2604 suas

1085 2690 1093 2716 t
1112 2689 1178 2717 Male
1193 2688 1257 2716 edit.
1275 2687 1351 2716 Μαίη.
1370 2688 1433 2724 legit
1448 2687 1600 2716 distinctae
1617 2689 1655 2723 (n.
1671 2688 1719 2723 '¹²2¹

1705 274 1745 305 95³»
1792 283 1841 308 An.
1862 282 1976 310 01612
