2293 3231
52 296 141 324 MLC.
165 295 231 323 1512

13 2662 15 2678 1
79 2656 121 2678 Pro
142 2656 230 2678 iudicia-

13 2711 15 2721 !
47 2682 85 2705 riis
99 2683 190 2705 actibus.

885 294 1002 319 PAth's

291 341 342 375 40.
367 341 542 375 Teneantur
565 352 688 386 quoque
713 342 824 375 notarii
842 342 999 386 partibus]

249 394 424 439 petentibus
441 394 722 428 instrumentorum
739 395 777 428 de
801 395 914 439 quibus
935 406 982 428 ro-

247 447 310 491 gati
322 448 437 480 suerint
451 448 554 491 copias
571 448 644 481 dare
666 449 831 492 simplices,
846 449 981 491 exceptis

247 500 459 534 instrumentis
483 505 749 542 testamentorum,
775 506 803 534 et
828 501 998 534 codicillo-¹

247 563 327 594 rum,
345 564 479 597 quorum
504 553 608 597 copias
632 555 770 587 notarius
795 554 906 586 invitus
924 559 981 586 tra-

247 606 320 639 dere
336 616 399 640 non
427 612 577 640 teneatur.
599 608 635 640 Et
653 618 710 651 pro
729 607 819 639 dictis
837 607 981 650 simplici—

246 658 303 692 bus
320 659 418 704 copiis
437 659 583 703 recipiat:

290 714 340 747 4²1.
356 715 379 748 A
393 714 489 748 scutis
503 715 751 759 vigintiquinque
766 715 856 755 infra,
871 715 980 747 iulium

245 777 363 809 unum;

289 821 339 855 4⁶2.
365 822 389 854 A
403 821 650 866 vigintiquinque
667 832 765 865 usquc
778 822 814 854 ad
832 822 981 865 quinqua-

245 874 341 918 ginta,
359 874 451 908 iulios
467 874 562 915 duos;
995 909 996 912 ,

289 927 339 961 43.
364 928 390 961 A
413 928 639 972 quinquaginta
663 939 761 972 usquc
781 929 819 961 ad
844 921 996 969 centum,¹

246 982 338 1015 iulios
360 986 439 1022 tres;
994 994 996 1017 ς

289 1035 339 1068 44.
365 1036 389 1068 A
414 1040 538 1068 centum
563 1046 662 1079 usque
686 1036 724 1068 ad
749 1046 996 1080 quamcumque,

246 1099 412 1129 summam,
433 1088 544 1121 iulium
558 1099 655 1122 unum
672 1100 729 1133 pro
754 1089 894 1133 quolibet
913 1099 980 1122 cen-

245 1141 375 1183 tenario,
392 1141 434 1174 ita
457 1141 541 1185 quod
564 1153 623 1186 pro
648 1142 755 1186 quavis
773 1144 895 1176 summa
916 1153 979 1175 non

246 1194 374 1229 excedat
392 1194 484 1228 iulios
505 1195 633 1236 decem3

289 1247 340 1282 45.
365 1248 510 1292 Exceptis
541 1248 758 1282 instrumentis
787 1249 977 1282 locationum

246 1307 276 1335 et
289 1301 440 1334 similium
455 1301 695 1343 minoristaxae,
708 1313 766 1346 pro
780 1313 915 1347 quorum
931 1314 979 1336 co-

245 1355 304 1399 piis
327 1364 390 1387 non
414 1354 496 1387 ultra
520 1355 611 1388 iulios
628 1355 706 1388 duos
723 1355 847 1398 exigere
869 1356 978 1396 valeat,

245 1407 352 1441 habita
374 1411 478 1441 tamen
503 1407 534 1440 in
560 1408 705 1441 omnibus
725 1409 904 1453 praemissis
929 1419 977 1441 ra-

245 1462 328 1495 tione
352 1462 390 1494 ad
415 1462 659 1495 excessivitatem
685 1463 867 1507 scripturae,
885 1474 995 1507 super,

245 1527 306 1561 qua
322 1517 347 1549 si
364 1517 458 1550 suerit
471 1517 551 1549 inter
561 1517 717 1549 notarium
736 1521 762 1549 ct
774 1522 893 1560 partem
909 1528 979 1550 con-

245 1570 397 1603 troversia
426 1574 524 1604 stetur
553 1581 677 1614 semper
701 1571 902 1603 declarationi
927 1571 979 1604 do-

244 1624 320 1657 mini
339 1625 509 1658 senatoris:

287 1677 337 1711 46.
369 1678 549 1722 Excipimus
581 1682 694 1714 tamen,
720 1678 758 1710 ab
789 1679 994 1724 obligationeg

243 1731 424 1765 huiusmodi
448 1732 541 1765 dandi
565 1732 682 1776 copias,
707 1733 900 1773 archivistas,
925 1733 994 1776 qui*

242 1786 329 1819 nullo
353 1786 447 1819 modo
472 1791 646 1827 teneantur,
664 1797 720 1820 nec
736 1787 855 1831 possint
872 1788 976 1831 copias
992 1797 994 1812 ¹

221 1842 228 1847 “
242 1851 515 1884 quorumcumque
538 1841 821 1874 instrumentorum
845 1841 979 1875 notario-

243 1904 315 1927 rum
331 1893 625 1935 defunctorum‚sub
637 1897 738 1938 poena
755 1895 861 1927 decem
880 1900 978 1928 scuto-

243 1958 314 1980 rum
329 1958 389 1992 pro
405 1947 542 1991 qualibet
561 1948 661 1991 copia,
674 1947 757 1980 dare.

286 2000 338 2034 47.
352 2001 412 2034 Pro
424 2001 630 2045 transumptis
646 2012 918 2046 quorumcumque
935 2003 978 2035 in-

243 2059 500 2095 strumentorum,
514 2059 784 2095 testamentorum,
801 2060 827 2087 et
845 2056 976 2088 aliarum

242 2107 426 2140 ultimarum
450 2109 655 2149 voluntatum,
676 2109 842 2151 collegium
867 2109 977 2143 habeat

243 2171 331 2194 suam
354 2161 507 2204 integram
530 2162 655 2194 tertiam
679 2167 810 2206 partem,
824 2162 916 2195 etiam
941 2174 994 2196 ex*

242 2215 457 2248 instrumentis
482 2215 700 2248 defunctorum
726 2216 808 2258 (non
836 2215 977 2250 obstante

243 2279 444 2312 quocumque
474 2268 658 2312 privilegio,
683 2269 775 2301 etiam
803 2280 839 2301 ex
869 2270 977 2312 quavis

243 2324 336 2355 causa
353 2327 382 2355 et
398 2322 572 2363 occasione,
585 2322 682 2355 cuivis
694 2333 845 2366 personae
855 2333 978 2356 conces·
992 2352 994 2357 ,

243 2375 302 2419 so),
315 2375 369 2408 uni
385 2386 422 2408 ex
435 2375 566 2409 notariis
579 2376 618 2408 ad
629 2376 809 2409 huiusmodi
824 2381 978 2409 transum-
992 2391 994 2400 ν

242 2434 295 2473 pta
317 2429 458 2462 facienda
493 2429 647 2473 deputatis
682 2430 861 2462 solvendam
894 2431 994 2477 iuxta3

242 2483 431 2516 taxationem
444 2484 616 2517 faciendam
630 2484 792 2528 pei-dictos
803 2484 976 2528 deputatos:
992 2486 994 2518 ἓ

242 2537 380 2581 reliquae
398 2547 550 2581 expensae
559 2537 632 2570 fiant
647 2538 824 2581 sumptibus
841 2538 975 2582 partium
992 2535 994 2557 ³

196 2605 199 2607 ·
242 2591 414 2634 petentium
433 2591 668 2635 transumptari.

287 2643 338 2676 48.
364 2644 424 2677 Pro
448 2644 718 2688 expeditionibus,
751 2645 874 2688 quando
907 2651 978 2678 sunt

244 2696 350 2740 plures
376 2708 528 2741 personae
557 2703 738 2739 consortes,
766 2699 885 2731 etiamsi
917 2699 978 2732 sint

308 2759 386 2788 Buzl.
407 2761 488 2789 Rom.
508 2776 542 2781 —-
564 2761 623 2789 Vol.
644 2761 709 2788 XII.
889 2762 921 2790 18

1027 293 1046 318 V
1070 294 1117 319 Pr.

1015 341 1286 384 congregationes,
1304 340 1446 384 collegia,
1464 341 1609 384 capitula,
1627 341 1674 373 vel
1687 341 1753 373 uni-

1015 396 1194 435 versitates,
1220 395 1343 428 nonnisi
1374 405 1432 438 pro
1457 405 1519 427 uno
1544 399 1662 427 tantum
1688 395 1751 427 exi-

1014 454 1115 492 gutur.

1058 501 1108 534 49.
1135 502 1194 534 Pro
1212 502 1348 544 quolibet
1364 501 1533 534 monitorio
1550 502 1588 534 de
1605 511 1752 534 evacuan-

1013 556 1053 587 do
1077 560 1107 587 et
1131 555 1168 587 de
1192 554 1409 598 respondendo
1427 555 1576 595 articulis,
1593 554 1750 588 bononeni

1013 613 1086 641 tres.

1057 661 1107 693 50.
1130 661 1190 693 Pro
1215 661 1352 704 quolibet
1380 661 1548 694 monitorio
1578 672 1649 694 cum
1673 661 1750 694 inhi-

1012 715 1129 747 bitione
1150 720 1180 747 et
1204 715 1341 747 clausula
1366 715 1482 758 siquis,
1498 714 1654 747 bononeni
1674 719 1747 748 tres.

1057 767 1107 800 5⁴1.
1134 768 1193 800 Pro
1218 778 1327 800 eorum
1352 768 1572 811 reportatione,
1592 768 1749 801 bononeni

1013 821 1083 853 duo.

1057 873 1107 907 5⁹2.
1134 874 1194 906 Pro
1219 873 1356 916 quolibet
1383 879 1545 918 sequestro
1560 902 1567 915 ,
1591 874 1748 908 bononeni

1012 932 1085 959 tres.

1057 980 1106 1014 53.
1133 981 1192 1014 Pro
1207 980 1418 1014 verificatione
1431 980 1540 1013 crediti
1552 981 1590 1013 ad
1603 981 1748 1015 effectum

1012 1033 1173 1067 obtinendi
1190 1037 1397 1078 sequestrum,
1411 1034 1474 1066 sive
1489 1044 1547 1077 per
1564 1038 1666 1074 testes,
1684 1034 1748 1067 sive

1012 1099 1068 1131 per
1092 1087 1335 1121 instrumentum
1359 1091 1505 1130 rogatum
1522 1098 1579 1131 per
1603 1087 1747 1120 eumdem

1012 1141 1180 1181 notarium,
1198 1151 1269 1174 cum
1287 1145 1460 1184 sequestro,
1478 1140 1508 1173 in
1533 1145 1632 1173 totum
1653 1140 1747 1174 iulius

1012 1204 1100 1227 unus.

1056 1247 1105 1280 54.
1131 1246 1192 1280 Pro
1217 1246 1414 1280 revocatione
1436 1246 1601 1280 cuiuslibet
1625 1256 1747 1291 seques-

1010 1301 1061 1342 tri,
1085 1299 1244 1333 bononeni
1268 1299 1339 1333 duo.

1055 1353 1105 1387 55.
1132 1354 1191 1386 Pro
1216 1353 1362 1386 citatione
1379 1353 1479 1387 edicto
1499 1358 1635 1393 senatus,
1653 1352 1746 1386 iulius

1010 1418 1100 1440 unus.

1055 1460 1105 1493 56.
1132 1461 1191 1493 Pro
1224 1460 1361 1504 qualibet
1389 1460 1610 1494 constitutione
1635 1471 1746 1505 procu-

1011 1515 1124 1548 ratoris
1148 1515 1187 1547 ad
1202 1515 1281 1555 lites,
1302 1515 1339 1548 ad
1360 1515 1505 1555 tribunal,
1523 1516 1569 1548 vel
1587 1515 1618 1547 in
1642 1515 1745 1549 officio

1011 1569 1134 1609 notarii,
1144 1569 1302 1602 bononeni
1312 1569 1384 1608 duo·,
1399 1572 1486 1602 extra
1503 1569 1651 1610 officium,
1665 1569 1745 1602 arbi-

1010 1623 1071 1656 trio
1087 1623 1184 1667 partis
1201 1623 1425 1656 constituentis.

1055 1677 1105 1710 57.
1132 1677 1162 1710 Si
1187 1688 1261 1710 vero
1286 1677 1379 1710 fuerit
1403 1677 1583 1710 constitutio
1608 1688 1680 1710 cum
1693 1688 1746 1722 po-

1011 1735 1119 1765 testate
1143 1731 1297 1774 exigendi,
1323 1731 1492 1775 quietandi,
1516 1730 1702 1774 paeiscendi,
1716 1736 1745 1764 et

1011 1785 1172 1826 similium,
1197 1785 1228 1817 in
1253 1785 1366 1825 officio,
1377 1785 1535 1818 bononeni
1561 1785 1680 1825 decem;
1697 1796 1745 1818 ex-

1010 1844 1056 1873 tra
1081 1839 1228 1880 officium,
1254 1839 1385 1872 arbitrio
1409 1839 1516 1883 partis,
1540 1839 1622 1871 ultra
1646 1839 1745 1873 dictos

1010 1893 1127 1926 decern.

1055 1947 1105 1980 58.
1132 1948 1192 1980 Pro
1223 1947 1359 1990 qualibet
1391 1946 1562 1987 relatione,
1588 1947 1745 1980 contradi-

1011 2002 1122 2042 ctione,
1140 2001 1352 2045 replicatione,
1368 2000 1608 2044 protestatione,
1624 2011 1746 2045 compa-

1010 2055 1133 2095 ritione,
1146 2054 1265 2087 verbali
1280 2054 1439 2098 petitione,
1456 2054 1640 2087 bononenus
1653 2065 1744 2088 unus.

1056 2108 1106 2141 59.
1132 2109 1192 2141 Pro
1216 2108 1275 2140 fide
1304 2107 1527 2140 moderationis
1552 2107 1745 2140 inhibitionis

1010 2163 1048 2195 ad
1062 2162 1207 2195 effectum
1221 2162 1448 2205 suspensivum,
1465 2161 1589 2204 quando
1605 2165 1745 2193 remanet

1011 2217 1148 2259 cognitio
1165 2216 1267 2260 quoad
1285 2216 1428 2249 effectum
1453 2215 1675 2255 devolutivum,
1692 2215 1744 2249 bo-

1010 2270 1125 2304 noneni
1140 2270 1287 2314 quinque.

1055 2323 1106 2356 60.
1124 2324 1184 2356 Pro
1202 2322 1407 2367 productione
1422 2322 1742 2366 praeparatoriorum,

1010 2379 1194 2411 bononenus
1210 2387 1299 2409 unus.

1055 2431 1105 2464 61.
1130 2432 1191 2464 Pro
1215 2430 1418 2474 responsione
1436 2440 1530 2473 super
1546 2435 1744 2474 praeparato-

1011 2485 1076 2523 riis,
1100 2484 1256 2517 bononeni
1288 2488 1352 2516 tres
1374 2483 1512 2516 solvendi
1542 2493 1598 2527 per
1621 2489 1742 2528 partem

1011 2538 1247 2582 producentem,
1273 2542 1302 2569 et
1324 2547 1382 2580 pro
1407 2536 1529 2577 viatico,
1554 2537 1579 2569 si
1604 2537 1634 2569 in
1660 2537 1742 2571 Urbe

1011 2592 1180 2634 contingat,
1201 2601 1257 2635 per
1280 2595 1402 2634 partem
1427 2590 1669 2634 respondentem
1691 2591 1744 2624 bo-

1010 2646 1124 2679 noneni
1150 2645 1296 2689 quinque.

1054 2699 1105 2733 62.
1131 2699 1191 2732 Pro
1207 2698 1413 2742 productione
1432 2698 1528 2731 libelli
1541 2698 1605 2732 sive
1621 2698 1743 2742 petitio-

1658 283 1720 318 137
1769 293 1856 319 Anc
1879 293 1946 320 16³2
