2293 3231
78 266 129 294 An.
148 264 177 293 C.
195 264 256 293 ¹62¹

219 736 224 740 ‘
275 737 430 780 specifica,
444 747 590 781 expressa
603 743 632 770 et
646 737 814 777 individua,
824 747 859 769 ac
869 737 906 769 de
919 736 1013 769 verbo

138 1491 269 1513 Confirmatis

87 1517 204 1539 inflanti-‚di
216 1519 270 1539 Μιε-

88 1544 129 1568 ris,
158 1544 270 1570 Gregorius

89 1569 190 1592 decernit.
209 1578 262 1592 rano

87 1597 169 1618 nivatus
176 1598 271 1625 aliasque

88 1623 201 1648 diminutus
210 1631 269 1645 vaca>

89 1652 146 1671 turns
163 1652 200 1675 us,
216 1657 271 1678 quae

89 1677 239 1702 professionem
250 1685 272 1697 a·

90 1703 196 1727 miserint.
226 1710 272 1726 esse

91 1731 235 1752 conterendas.

285 1546 355 1568 rum
370 1535 470 1568 dictae
488 1536 637 1568 ecclesiae
654 1535 855 1571 desiderium,
873 1539 1022 1578 quantum
1039 1538 1040 1554 ³

881 262 1057 287 GnEGontus

272 311 467 355 gatoriarum
481 311 700 354 derogatoriis,
717 311 847 354 aliisque
860 311 1010 344 efficacio-

272 364 359 398 ribus
383 367 413 398 et
437 364 569 398 insolitis
594 364 798 403 clausulis‚ac
815 364 1010 397 irritantibus

273 422 303 450 et
326 416 394 450 aliis
417 417 561 457 decretis,
582 417 611 450 in
629 427 744 460 genere
770 417 815 450 vel
841 416 870 449 in
895 417 1010 460 specie,

273 479 309 503 :tc
325 470 410 510 alias,
425 470 455 503 in
468 470 661 503 contrarium
676 469 920 513 praemissorum
939 479 1012 512 quo-

274 524 445 558 modolibet
469 524 637 564 concessis,
661 523 854 557 confirmatis
874 527 903 555 et
927 522 1012 555 inno-

274 576 361 610 vatis.
387 576 504 616 Quibus
529 577 676 610 omnibus
689 580 718 610 et
734 575 874 619 singulis,
891 574 1011 608 etiamsi

273 639 333 673 pro
354 629 481 663 illorum
506 630 670 662 sufficienti
690 628 903 671 derogatione,
920 628 958 660 de
982 627 1013 659 il-

274 683 331 725 lis,
356 695 531 729 eorumque
554 685 624 719 totis
648 684 828 724 tenoribus,
854 683 1012 727 specialis,

276 788 315 822 ad
336 789 477 830 verbum,
502 801 563 823 non
588 796 690 823 autem
716 801 772 833 per
796 789 949 823 clausulas
965 799 1015 832 ge-

276 842 399 876 nerales
409 843 489 876 idem
505 844 720 887 imponantes,
735 844 851 876 mentio
863 853 1016 886 seuquac-

278 895 323 930 vis
347 897 405 930 alia
433 898 590 941 expressio
608 898 749 930 habenda
769 902 821 930 aut
837 897 941 940 aliqua
958 896 1017 928 alia

279 949 429 994 exquisita
461 950 561 984 forma
593 951 630 983 ad
660 951 719 984 hoc
744 950 896 983 servanda
920 950 1033 989 soi-ew

278 1002 340 1036 illis
364 1003 439 1036 alias
457 1003 487 1036 in
505 1014 561 1037 suo
586 1004 700 1037 robore
718 1003 942 1047 permansuris,
960 1003 1017 1035 hac
1032 1015 1034 1024 =

279 1055 346 1089 vice
369 1056 539 1096 dumtaxat,
557 1057 732 1100 specialiter
752 1063 782 1089 et
806 1067 951 1100 expresse
968 1056 1018 1089 de-

278 1118 450 1152 rogamus,
480 1110 654 1153 ceterisque
685 1110 852 1143 contrariis
884 1109 1014 1152 quibus-

280 1171 425 1205 cumque.
451 1161 510 1195 Per
541 1167 722 1206 praesentes
754 1166 855 1195 autem
885 1171 948 1194 non
974 1161 1018 1194 in-

279 1215 437 1248 tendimus
454 1219 568 1249 statum
586 1215 686 1248 dictae
702 1215 851 1248 ecclesiae
869 1215 899 1247 in
915 1215 1020 1258 aliquo

281 1269 457 1312 approhare
470 1269 488 1300 ¹.

326 1321 436 1355 Datum
461 1322 588 1361 Romae,
614 1321 697 1366 apud
721 1321 750 1354 S.
776 1322 903 1354 Mariam
929 1321 1022 1354 Maio-

282 1386 361 1416 rem,
375 1375 432 1408 sub
441 1376 556 1409 annulo
574 1376 750 1415 piscatoris,
764 1375 813 1408 die
827 1385 903 1408 xxv1
919 1375 1021 1407 martii

284 1429 648 1472 iincxv111,pontssticatus
661 1430 758 1462 nostri
781 1439 862 1461 anno
880 1439 944 1462 xm.

330 1483 344 1526 ξ
368 1482 397 1515 2.
424 1483 485 1515 Nos
509 1488 629 1523 autem,
654 1483 707 1525 qui
737 1482 822 1526 pium
849 1482 1040 1529 canonissa-¹

287 1600 358 1622 cum
384 1589 516 1622 Domino
534 1599 711 1632 possumus,
733 1599 920 1632 promovere
941 1588 1025 1632 cupi-

287 1653 367 1682 mus,
384 1642 507 1675 easdem
526 1641 705 1674 canonissas
718 1642 904 1685 specialibus
918 1641 1042 1688 stix-0145

287 1695 345 1727 hus
359 1694 507 1739 prosequi
522 1695 670 1733 volvmvs,
682 1700 711 1727 et
725 1706 831 1727 earum
851 1695 1026 1736 singulares
1041 1695 1043 1736 ᾖ

287 1759 437 1792 personas
457 1759 474 1781 a
498 1748 659 1792 quibusvis
684 1748 1044 1799 excommunicationis,1¹

289 1801 501 1845 suspensionis
525 1806 555 1833 et
581 1801 746 1839 interdicti,
772 1801 902 1844 aliisque
928 1801 1044 1833 eccle—¹

290 1853 422 1886 siasticis
446 1853 622 1893 sententiis,
648 1854 788 1886 censuris
813 1857 841 1887 et
867 1853 986 1896 poenis,
1011 1864 1027 1884 a

290 1905 358 1939 iure
384 1907 430 1939 vel
455 1906 493 1939 ab
514 1906 651 1946 homine,
669 1906 777 1950 quavis
799 1906 964 1939 occasione
982 1906 1027 1938 vel

291 1961 384 1992 causa
408 1960 485 1999 latis,
504 1960 659 2003 siquibus
684 1959 920 2003 quomodolibet
944 1960 1029 1992 inno—

292 2011 380 2045 datae
405 2014 556 2052 existunt,
580 2013 618 2045 ad
648 2013 792 2045 effectum
818 2014 1028 2057 praesentium

292 2064 452 2098 dumtaxat
468 2066 734 2109 consequendum,
752 2066 864 2099 harum
881 2067 962 2100 serie
978 2068 1032 2099 ab-

294 2119 458 2159 solventes,
476 2124 506 2152 et
529 2119 688 2152 absolutas
713 2120 778 2153 sore
803 2126 976 2159 censentes,
994 2131 1030 2153 ex

294 2177 366 2206 voto
383 2172 569 2206 dilectorum
588 2172 724 2206 tiliorum
750 2178 931 2206 nostrorum
950 2174 1034 2206 loan-

293 2224 342 2257 nis
355 2225 483 2258 Garziae
500 2226 544 2258 Ss.
562 2226 701 2264 Quatuor
720 2226 948 2259 Coronatur-um
970 2227 1051 2259 Mil-t

295 2277 360 2318 lini,
385 2278 513 2312 Fabi-itii
539 2279 636 2311 sancti
661 2279 825 2321 Augustini
851 2279 974 2320 Vcralli,
999 2290 1034 2312 ac

295 2331 453 2365 Francisci
478 2332 574 2365 sancti
601 2333 745 2365 Matthaei
767 2333 796 2365 in
821 2333 978 2365 lllerulana
999 2333 1035 2365 ti-

296 2385 434 2419 tulorum
462 2385 719 2430 presbyterorum
752 2385 956 2418 cardinalium
982 2385 1053 2419 Sa-.

297 2439 372 2472 crati
392 2445 656 2483 nuncupatorum,
675 2439 849 2482 praedictas
869 2439 988 2472 litteras
1006 2444 1036 2472 et

297 2493 402 2526 omnia
427 2498 456 2526 et
480 2492 603 2536 singula
618 2492 649 2525 in
674 2493 734 2525 illis
757 2497 903 2526 contenta
926 2485 1055 2536 appio-l

297 2546 416 2588 hames,
438 2546 561 2590 illisque
580 2546 610 2579 in
627 2548 683 2579 sua
703 2546 898 2586 firmitateet
921 2546 1037 2579 robore

335 2619 346 2644 1
364 2617 430 2645 Vinle
452 2626 540 2644 annon
560 2617 630 2645 foret
644 2617 787 2652 legendum
809 2617 897 2653 potius
912 2617 1038 2645 alterare

299 2661 341 2689 vel
355 2662 510 2690 immutare
524 2665 562 2696 (n.
578 2662 625 2696 r.)⁴
1055 2678 1057 2682 Α

1083 263 1122 286 XV
1147 262 1194 285 PP.

1042 309 1285 349 remanentibus,
1299 313 1331 341 ut
1346 308 1384 341 de
1401 312 1505 341 cetero
1521 306 1780 351 quotiescumque

1043 363 1276 401 abbatissatum,
1301 361 1498 400 decanatum,
1521 359 1705 399 sacristiam,
1729 369 1781 392 ce-

1045 416 1201 455 lei-ariam,
1211 415 1501 459 eleemosynariam,
1509 424 1544 447 ac
1554 412 1782 446 thesaurariam

1044 469 1143 503 dictae
1160 469 1320 508 ecclesiae,
1337 473 1389 501 aut
1414 468 1538 500 illarum
1559 467 1708 510 aliquam,
1725 476 1782 510 per

1045 532 1167 554 cessum
1192 522 1239 554 vel
1260 521 1433 561 decessum,
1451 526 1502 554 aut
1522 521 1596 553 alias
1613 518 1784 564 quomodo-

1046 574 1129 615 libet,
1152 585 1260 607 vacare
1277 574 1453 616 contigerit,
1471 574 1496 606 si
1514 579 1587 606 tunc
1607 573 1710 617 aliqua
1729 581 1784 605 seu

1045 627 1166 670 aliquae
1181 627 1362 660 canonissae
1374 627 1513 659 eiusdem
1528 625 1687 665 ecclesiae,
1700 624 1785 657 iuxta

1047 681 1198 714 dictarum
1234 681 1408 714 litterarum
1446 681 1604 720 sormam,
1635 677 1784 712 Ordinem

1047 734 1240 778 praedictum
1267 735 1441 778 professae,
1466 739 1496 766 et
1519 732 1633 777 quibus
1658 730 1785 776 aliquod

1048 787 1232 821 canonicum
1249 797 1310 821 non
1336 786 1491 821 obstiterit
1515 786 1784 830 impedimentum,

1050 841 1258 884 reperiantur,
1268 841 1435 883 dignitates
1449 840 1636 884 praedictae,
1650 845 1788 884 utsupra

1051 899 1203 933 vacantes,
1220 894 1297 926 nulli
1315 894 1415 934 alteri,
1432 904 1524 937 quam
1543 892 1714 926 canonissis
1730 891 1788 926 Or—

1051 947 1155 979 dinem
1180 947 1360 980 huiusmodi
1392 946 1539 990 professis
1572 956 1630 989 per
1657 956 1714 979 nos
1737 947 1790 978 aut

1052 1010 1249 1034 successores
1274 1004 1397 1033 nostros
1423 1000 1578 1032 Romanos
1606 999 1789 1038 Pontifices,

1052 1063 1108 1086 nrc
1126 1063 1187 1086 non
1201 1063 1416 1097 quoscumque
1433 1053 1510 1086 alios
1527 1052 1703 1092 collatores,
1721 1061 1792 1085 con-

1052 1106 1127 1139 ferri
1152 1107 1292 1148 valeant,
1317 1113 1370 1139 aut
1394 1106 1432 1139 de
1455 1106 1514 1139 illis
1539 1106 1583 1139 sic
1609 1105 1792 1139 vacantibus

1053 1159 1211 1202 provideri
1237 1159 1350 1203 possit,
1376 1165 1405 1193 et
1430 1159 1519 1192 aliter
1548 1159 1645 1192 sactae
1669 1158 1707 1191 de
1731 1158 1793 1191 illis

1053 1218 1106 1244 aut
1130 1212 1254 1245 illarum
1279 1212 1383 1256 aliqua
1401 1212 1578 1252 electiones,
1598 1211 1794 1255 provisiones

1054 1270 1084 1296 et
1108 1263 1328 1308 dispositiones
1358 1265 1475 1297 nullius
1501 1264 1561 1297 sint
1589 1264 1714 1297 roboris
1745 1263 1794 1297 vel

1057 1319 1223 1359 momenti,
1254 1318 1424 1362 apostolica
1455 1318 1656 1358 auctoritate,
1686 1323 1794 1351 tenore

1054 1372 1278 1415 praesentium,
1290 1372 1488 1405 decernimus
1502 1376 1531 1406 et
1543 1371 1750 1404 declaramus.

1682 244 1747 283 603
1793 258 1844 285 Λη.
1863 257 1892 284 c.
1910 257 1972 284 ωτι

1101 1424 1157 1468 ξ3.
1172 1426 1240 1459 Non
1258 1426 1453 1458 obstantibus
1468 1425 1614 1458 omnibus
1630 1426 1701 1465 illis,
1715 1435 1794 1469 quae
1810 1433 1921 1455 Obsiauua
1931 1433 1992 1454 201111.

1057 1478 1157 1511 dictus
1180 1479 1292 1511 Paulus
1310 1478 1532 1522 praedecessor
1553 1479 1584 1510 in
1604 1478 1667 1511 suis
1684 1478 1796 1511 litteris

1058 1532 1225 1575 praedictis
1250 1533 1347 1565 votuit
1370 1543 1433 1566 non
1458 1533 1596 1573 obstare,
1621 1533 1797 1576 ceterisque

1059 1585 1224 1618 contrariis
1241 1586 1501 1630 quibuscumque.

1104 1638 1118 1681 ᾗ
1143 1638 1171 1670 si.
1198 1639 1257 1671 I'er
1282 1645 1463 1682 praesentes
1487 1644 1591 1672 autem
1616 1649 1679 1671 non
1702 1638 1799 1672 inten-

1060 1692 1162 1724 dimus
1187 1696 1300 1725 statum
1326 1692 1425 1725 dictae
1457 1692 1605 1725 ccclesiae
1637 1692 1669 1724 in
1693 1692 1798 1736 aliquo

1061 1745 1246 1787 approbare.

1106 1798 1214 1830 Datum
1240 1797 1376 1837 Tusculi,
1402 1798 1458 1830 sub
1483 1798 1599 1830 annulo
1625 1797 1800 1837 piscatoris,

1062 1851 1110 1883 die
1136 1851 1246 1883 ultima
1271 1842 1458 1894 septembris
1483 1861 1614 1891 Mncxm,
1636 1851 1801 1896 pontitica·

1063 1911 1111 1938 tus
1128 1905 1225 1938 nostri
1240 1915 1321 1938 anno
1339 1915 1357 1937 1.

1099 1969 1156 1996 Dat.
1174 1969 1217 1997 die
1231 1969 1265 1997 30
1279 1969 1441 2005 septembris
1457 1969 1534 2003 1621,
1551 1969 1646 2004 pontif.
1662 1977 1706 1996 an.
1723 1975 1740 1995 1.

1372 2113 1500 2147 XXXVI.

1067 2192 1241 2235 Relr'qi'osis
1259 2193 1427 2226 Societatis
1445 2194 1518 2226 Iesu
1538 2191 1705 2225 indultum
1725 2203 1802 2225 con-

1112 2246 1237 2279 ceditur
1261 2246 1401 2289 officium
1425 2245 1587 2278 recitandi
1611 2256 1649 2278 ac
1672 2246 1807 2278 missam

1112 2299 1298 2331 celebrandi
1308 2299 1345 2330 de
1354 2298 1519 2331 communi
1534 2298 1728 2340 Confessoris
1742 2307 1807 2331 non

1112 2351 1283 2393 Pontificis
1300 2351 1352 2384 <lie
1372 2361 1426 2384 xxl
1443 2351 1533 2383 iunii
1549 2351 1587 2383 de
1606 2351 1694 2384 beato
1710 2350 1807 2393 Aloy-

1114 2405 1161 2437 sio
1183 2404 1344 2447 Gomaya.

1272 2483 1429 2518 Gregorius
1450 2483 1528 2517 Papa
1546 2483 1603 2517 XV,

1194 2527 1231 2556 ad
1250 2531 1426 2562 perpetuam
1445 2528 1489 2555 rei
1508 2527 1687 2556 memoriam.

1116 2600 1150 2632 In
1177 2599 1255 2632 Sede
1280 2599 1433 2643 Principis
1457 2600 1690 2643 apostolorum,
1716 2599 1810 2633 nullis

1072 2652 1143 2686 licet
1168 2652 1285 2686 nostris
1309 2652 1553 2695 suffrag-antibus
1573 2653 1703 2694 meritis,
1723 2663 1740 2686 a
1755 2652 1821 2687 Do—-

1852 2604 1972 2626 Exordium.
