2293 3231
262 296 311 323 An.
329 295 359 323 C.
377 295 440 323 ¹62¹

291 2007 403 2029 nonnullas
413 2012 451 2028 au-

266 2037 306 2056 tom
317 2035 400 2060 raguta·
409 2034 449 2056 sibi

265 2063 425 2082 conutituemnt.

491 286 554 320 636

461 344 663 388 hospitalium
689 343 915 376 sufficientibus
942 342 1117 375 redditibus
1141 345 1218 376 sulz·

461 398 609 430 l'ultorum
636 396 808 440 penuriam,
835 396 933 428 ventis
958 401 985 428 et
1001 395 1125 439 pluviis,
1147 395 1219 443 sri-¹

460 450 550 493 got-i.
575 450 706 492 aliisque
731 449 807 481 caeli
835 448 978 487 iniuriis,
1008 449 1102 481 ctiam
1128 448 1200 481 sami

459 503 632 546 expositos,
653 508 693 539 et,
711 502 794 546 qnod
820 502 920 545 magis
944 501 1113 535 dolendum
1139 507 1200 542 est,

459 557 524 588 sinc
550 556 676 599 praevia
702 559 971 590 sacramentorum
998 555 1202 599 perceptione

460 610 572 642 misere
598 609 755 642 interdum
786 609 909 649 emori,
935 609 1045 653 hisque
1077 609 1202 642 salubre

459 667 485 695 et
511 662 646 695 salutare
671 662 799 706 aliquod
823 662 998 696 remedium
1015 662 1131 696 afferre
1150 672 1202 696 co-

459 715 605 757 gitantes)
635 726 667 747 se
699 726 731 747 sc
765 716 795 748 in
818 715 936 760 oppido
961 715 1223 769 Locovariensi„

460 768 552 810 vulgo
569 768 607 800 de
625 768 781 809 Louviois,
798 768 899 802 dictae
914 774 985 802 tuae
1005 769 1205 803 Ebroicensis
1221 777 1223 806 ἴ

458 821 620 861 dioecesis,
645 821 683 854 de
709 823 761 855 tua
786 822 928 865 licentia,
953 823 1113 857 nonnullis
1136 819 1224 856 aliis?

460 875 621 918 utriusque
646 886 738 908 sexus
762 876 907 919 personis
932 876 963 909 in
981 886 1091 910 eorum
1111 876 1206 910 socie-

459 931 552 960 tatem
577 927 740 968 adductis,
772 938 810 961 eo
835 929 1074 970 adunaverunt,
1107 940 1142 963 ac
1167 930 1224 982 adt

459 979 615 1022 publicam
631 980 875 1024 hospitalitatem
894 992 970 1025 erga
982 992 1141 1026 pauperes
1154 992 1206 1026 pe·
1221 989 1224 997 ’

459 1032 613 1075 regi-ines,
631 1043 753 1067 necnon
770 1044 868 1078 opera
884 1035 1121 1069 misericordiae
1138 1046 1206 1069 cor·
1221 1067 1223 1074 ⁴

458 1086 577 1128 poralia
602 1091 633 1119 et
657 1086 832 1130 spiritualia
857 1097 933 1130 erga
965 1093 1050 1131 peste
1077 1087 1206 1122 affectos

459 1144 485 1170 ct
513 1139 692 1173 laborantes
711 1140 739 1172 in
757 1140 946 1184 opportunis
967 1141 1044 1174 loeis
1057 1152 1205 1185 expresse
1222 1138 1223 1142 ¹

459 1192 612 1236 sepositos
631 1193 851 1234 exercendum,
872 1204 905 1227 se
930 1204 962 1226 se
987 1199 1017 1227 et
1043 1195 1204 1228 facultates

459 1256 530 1278 suas
554 1246 617 1279 Deo
641 1246 845 1286 dicaverunt,
877 1257 1086 1292 magnamque
1111 1259 1205 1292 pecn-

459 1299 582 1332 niarum
607 1310 763 1333 summam
780 1300 813 1332 in
829 1300 1022 1344 emptionem
1036 1301 1203 1335 domorum

459 1357 487 1384 et
514 1353 648 1386 aliorum
673 1354 830 1387 bonorum
855 1354 1014 1387 stabilium
1044 1365 1101 1399 pro
1131 1355 1202 1388 dote

459 1405 594 1439 duorum
626 1407 912 1447 monasteriorum,
938 1407 1030 1440 unius
1062 1408 1203 1442 videlicet

461 1459 612 1498 virorum,
627 1463 655 1493 et
669 1460 797 1493 alterius
815 1460 993 1500 mulierum,
1012 1461 1203 1505 totidemque

461 1512 682 1556 hospitalium,
708 1524 765 1556 pro
791 1513 866 1546 viris
890 1520 921 1546 et.
954 1514 1142 1547 mulieribus
1165 1515 1202 1548 ad

460 1566 687 1609 professionem
705 1566 904 1600 admittendis
929 1573 957 1600 et
983 1568 1090 1611 egenis
1107 1579 1142 1602 ac
1161 1569 1204 1601 in—

461 1618 561 1651 firmis
579 1619 715 1663 hospitio
729 1620 921 1664 excipiendis
935 1622 1119 1665 respective,
1132 1632 1203 1655 con-

462 1677 623 1705 verterunt
647 1678 675 1706 et
693 1680 914 1717 erogaverunt,
932 1685 967 1708 ac
985 1675 1016 1707 in
1033 1685 1204 1719 congrega·
1219 1683 1221 1692 ¹

462 1726 556 1767 tione,
572 1731 605 1759 ut
623 1726 713 1768 infra,
733 1727 883 1770 erigenda
899 1739 970 1761 eum
984 1729 1080 1762 animi
1099 1729 1204 1773 quiete
1220 1733 1221 1737 ’

462 1779 525 1813 Deo
542 1780 694 1814 inservire
705 1781 846 1825 cupiunt;
865 1786 893 1815 et
907 1782 946 1815 ad
960 1782 1043 1815 hune
1057 1782 1204 1816 effectum

463 1833 552 1866 nobis
565 1840 763 1878 praesentem
781 1835 903 1867 vivendi
917 1836 1095 1876 formulam,
1109 1837 1153 1869 uti
1167 1837 1204 1869 ad
1221 1826 1223 1858 ⁴³

463 1887 660 1931 propositum
681 1887 738 1921 sibi
755 1888 850 1921 finem
869 1889 1106 1931 conducentem,
1119 1900 1207 1934 prae-

464 1940 579 1974 sentari
597 1941 747 1983 fecerunt,
764 1942 907 1976 videlicet
921 1954 926 1975 :

509 1994 524 2037 ἓ
546 1993 575 2027 ⁶2.
602 1994 640 2027 Ut
664 1994 853 2039 quicumque
887 1995 994 2029 fideles
1025 1996 1204 2030 huiusmodi

464 2047 746 2091 Congregationem
772 2049 895 2092 ingredi
925 2055 951 2083 et
982 2051 1012 2083 in
1038 2050 1090 2084 illa
1114 2051 1206 2084 Altis-

464 2101 544 2134 simo
569 2101 711 2134 famulari
737 2102 877 2146 cupient.
902 2113 965 2146 quo
982 2104 1094 2147 purius
1112 2107 1141 2138 et
1158 2114 1207 2137 ex-

464 2154 598 2198 peditius
622 2155 790 2188 obserrare
816 2156 937 2199 possint
960 2157 1052 2190 etiam
1077 2157 1207 2190 consilia

464 2209 561 2242 sancti
588 2209 655 2242 lesu
679 2209 792 2242 Christi
818 2209 871 2242 Dei
897 2215 925 2242 et
953 2211 1075 2244 Domini
1107 2211 1205 2245 nostri

465 2262 628 2305 evangelii,
646 2269 772 2307 praeter
788 2263 947 2304 castitatis,
965 2264 1162 2299 obedientiae
1177 2271 1205 2298 et

467 2316 546 2348 vitae
570 2316 636 2349 sine
661 2316 793 2360 proprio
810 2316 969 2360 degendae
990 2323 1060 2351 rota
1079 2328 1137 2362 per
1154 2329 1207 2352 eos
1223 2321 1225 2343 :

467 2368 656 2411 emittenda,
682 2369 776 2402 etiam
800 2370 958 2413 peculiare
988 2376 1094 2404 votum
1120 2371 1225 2404 emit-2

467 2425 531 2455 tant
555 2422 592 2454 ad
617 2422 860 2466 hospitalitatem
885 2434 960 2467 erga
985 2434 1140 2468 pauperes
1156 2436 1225 2470 pe-j

469 2476 612 2518 regrinos
624 2476 842 2516 exercendam,
855 2487 1027 2521 curamque
1040 2478 1207 2522 suscipien-
1223 2476 1225 2503 ἓ

467 2528 537 2560 dam
563 2529 718 2572 epidemia
743 2540 798 2563 seu
821 2535 908 2573 peste
932 2531 1155 2571 laborantium,
1172 2542 1207 2565 ac

467 2581 644 2614 necessaria
666 2582 728 2615 illis
753 2588 815 2615 tam
841 2584 1020 2627 corporalia
1037 2595 1131 2628 quam
1148 2584 1208 2628 spi·
1224 2625 1225 2628 Ἴ

469 2633 602 2675 ritualia,
615 2636 708 2670 etiam
725 2641 992 2670 sacramentorum
1013 2637 1207 2672 administra-

471 2687 598 2727 tionem,
614 2689 849 2731 procurandum
870 2700 924 2723 seu
944 2690 1116 2734 respective
1133 2701 1206 2735 sup—

1028 294 1207 320 nuttftmt‘st
1232 293 1387 319 RONANUM

1234 342 1447 386 peditandum,
1468 341 1560 386 idque
1586 342 1617 374 in
1640 342 1718 376 locis
1741 343 1929 388 opportunis
1945 347 1976 378 et

1235 395 1272 427 ad
1287 394 1315 427 id
1329 394 1494 438 deputatis,
1504 395 1583 427 eitra
1594 400 1697 428 tamen
1709 395 1749 428 ab
1761 396 1976 431 iurisdictione

1235 448 1474 481 tii-dinariorum
1484 448 1627 482 locorum
1639 448 1881 492 exemptionem,
1890 449 1978 493 quin-

1237 501 1299 534 imo
1317 501 1382 542 tibi,
1399 512 1435 534 ac
1452 501 1619 535 Ordinario
1636 502 1707 543 loci,
1729 502 1761 535 in
1781 502 1871 536 cuius
1893 502 1978 536 dioe-

1236 554 1298 587 cesi
1323 565 1376 587 eos
1400 565 1458 598 pro
1483 560 1626 599 tempore
1649 555 1765 599 degere
1789 555 1977 598 contigerit,

1237 619 1272 642 ac
1287 619 1345 652 pro
1362 614 1507 653 tempore
1519 609 1663 642 existenti
1677 609 1821 643 ministro
1837 609 1978 652 generali

1237 662 1362 696 Ordinis
1380 663 1512 696 fratrum
1530 663 1685 697 Minorum
1703 663 1801 696 sancti
1818 662 1978 696 Francisci

1237 716 1276 749 de
1285 715 1489 750 Observantia
1499 722 1762 760 nuncupatorum,
1772 717 1903 761 aliisque
1913 716 1979 750 suis

1238 769 1460 814 superioribus
1476 781 1493 803 e
1512 770 1597 804 dicto
1613 770 1729 804 Ordine
1745 771 1852 804 electis
1874 775 1905 803 et
1925 770 1980 804 eti-

1239 822 1349 866 gendis
1373 833 1406 856 se
1429 823 1461 856 in
1484 828 1672 868 perpetuum
1703 823 1907 864 submittent;
1931 826 1978 863 et,

1239 875 1341 919 quoad
1367 876 1509 917 clericos,
1533 876 1592 921 ipsi
1617 877 1780 910 nocturnis
1803 881 1835 909 et
1857 875 1980 910 diurnis

1239 929 1327 962 horis
1347 930 1378 962 in
1402 930 1501 963 choro
1525 930 1747 963 convenientes
1774 929 1914 963 officium
1937 929 1980 962 di-

1240 983 1346 1016 vinum
1371 983 1544 1016 seeundum
1572 983 1666 1016 ritum
1692 982 1721 1016 S.
1743 983 1777 1016 R.
1795 983 1828 1016 E.
1852 986 1883 1017 et
1904 982 1980 1017 Con-

1239 1036 1301 1070 cilii
1325 1037 1498 1070 Tridentini
1523 1037 1715 1070 unanimiter
1734 1037 1924 1081 persolvent,
1938 1037 1979 1070 ita

1222 1094 1362 1129 ttamen,
1387 1095 1421 1123 ut
1445 1090 1489 1123 illi
1514 1100 1549 1122 ex
1575 1090 1666 1124 dictis
1690 1089 1824 1130 clericis,
1848 1089 1902 1134 qui
1926 1089 1981 1124 ho-

1239 1143 1415 1187 spitalitatis
1433 1144 1479 1177 vel
1500 1144 1636 1177 aliorum
1656 1143 1892 1177 misericordiae
1909 1152 1981 1188 ope-

1240 1206 1308 1229 rum
1323 1196 1434 1239 gratia,
1448 1196 1554 1230 aliisve
1568 1197 1656 1229 iustis
1673 1196 1712 1229 de
1728 1197 1832 1230 causis
1846 1207 1865 1229 a
1880 1197 1980 1230 choro

1239 1250 1381 1291 aberunt,
1392 1260 1450 1293 pro
1463 1250 1617 1294 temporis
1629 1253 1659 1283 et
1669 1250 1729 1283 loci
1745 1250 1979 1294 opportunitate

1238 1304 1350 1338 devote
1363 1310 1390 1337 et
1406 1309 1521 1337 attente
1536 1303 1680 1347 privatim
1698 1303 1816 1336 dictum
1829 1303 1979 1344 officium,

1239 1358 1307 1390 laici
1333 1368 1407 1392 vero
1433 1367 1496 1391 non
1520 1362 1698 1397 cantantes,
1724 1357 1770 1390 vel
1795 1356 1939 1390 absentes
1962 1366 1981 1390 a

1238 1411 1357 1451 choro,
1384 1421 1442 1455 pro
1472 1415 1629 1443 nocturno
1657 1415 1769 1453 quater
1793 1414 1823 1442 et
1847 1409 1980 1452 vigesies

1238 1464 1338 1496 Pater
1361 1468 1485 1499 noster.
1510 1463 1574 1495 sive
1591 1463 1765 1496 orationem
1790 1462 1979 1496 dominicam

1237 1527 1308 1549 cnm
1333 1516 1520 1549 salutatione
1544 1516 1696 1559 angelica,
1714 1519 1743 1550 et
1760 1525 1819 1560 pro
1836 1515 1981 1550 laudibus

1218 1598 1221 1613 Σ
1237 1570 1414 1614 quinquies,
1424 1580 1458 1604 ac
1471 1580 1529 1614 pro
1542 1570 1681 1614 qualibet
1700 1570 1862 1611 horarum,
1877 1570 1980 1614 prima

1238 1623 1366 1664 scilicet,
1381 1624 1484 1663 tertia,
1499 1626 1596 1662 sexta,
1610 1625 1701 1664 nona,
1719 1623 1845 1667 septies,
1857 1633 1980 1657 necnon

1220 1712 1221 1720 ἵ
1237 1687 1295 1721 pro
1312 1677 1451 1721 vesperis
1464 1677 1643 1717 duodecies,
1657 1682 1685 1709 et
1701 1687 1760 1721 pro
1773 1677 1980 1721 completorio

1238 1730 1354 1774 septies
1379 1730 1493 1763 dictam
1526 1729 1699 1763 orationem
1732 1729 1925 1764 dominicam
1949 1735 1980 1763 et

1239 1783 1458 1816 salutationem
1471 1783 1644 1825 angelicam
1657 1783 1790 1816 recitare
1804 1787 1978 1822 teneantur;

1240 1836 1400 1870 matutinis
1417 1841 1521 1869 autem
1535 1841 1565 1868 et
1582 1835 1796 1879 completoriis
1812 1835 1899 1870 horis
1923 1845 1978 1869 re-

1239 1889 1340 1923 citatis
1358 1889 1390 1922 in
1407 1889 1506 1923 choro
1520 1916 1527 1929 ‚
1553 1889 1687 1923 orationi
1707 1889 1835 1924 mentali
1858 1899 1916 1934 per
1936 1889 1981 1922 di-

1222 1951 1223 1956 *
1240 1943 1367 1976 midiam
1392 1943 1513 1983 horam,
1530 1946 1583 1977 aut
1599 1943 1676 1976 alias
1692 1948 1786 1987 prout
1806 1953 1916 1976 eorum
1933 1954 1982 1976 su-

1222 1992 1224 2041 ff
1240 1996 1358 2040 periori
1389 1995 1573 2029 bcnevisum
1604 1996 1715 2035 fuerit,
1747 1997 1922 2037 vacabunt,
1951 2001 1982 2030 et

1240 2049 1380 2093 quotidie
1393 2049 1471 2082 hora
1486 2049 1622 2083 serotina
1632 2059 1763 2083 examen
1773 2049 1981 2083 conscientiae

1240 2108 1345 2136 exacte
1366 2108 1395 2136 et
1410 2102 1545 2136 fideliter
1559 2102 1679 2137 sacient.
1694 2103 1731 2136 Et
1743 2103 1816 2147 quia
1828 2103 1980 2137 ieiunium

1224 2191 1225 2194 ,
1241 2161 1377 2190 mentem
1395 2155 1433 2189 ad
1450 2156 1548 2190 Deum
1567 2156 1677 2196 elevat,
1694 2158 1805 2200 quarta
1829 2155 1907 2190 seria
1931 2166 1981 2189 cu-

1241 2209 1365 2243 iuslibet
1386 2209 1620 2250 hebdomadae,
1644 2209 1702 2242 nisi
1726 2209 1870 2242 debilitas
1886 2209 1982 2242 mani-

1241 2263 1326 2304 festa,
1351 2266 1404 2297 aut
1428 2262 1594 2296 infirmitas
1617 2263 1665 2295 vel
1686 2262 1862 2307 periculum
1884 2262 1981 2306 pestis

1241 2316 1435 2350 contrarium
1455 2316 1604 2357 suaserit,
1621 2315 1660 2348 ab
1677 2326 1732 2349 esu
1756 2315 1898 2349 carnium
1914 2316 1981 2349 abs-

1242 2370 1404 2411 tinebunt,
1429 2374 1459 2404 et
1487 2370 1627 2414 qualibet
1659 2371 1745 2402 sexta
1776 2369 1855 2402 feria
1886 2368 1981 2402 totius

1240 2423 1312 2456 anni
1337 2423 1529 2464 ieiunabnnt,
1553 2423 1611 2456 nisi
1635 2423 1714 2456 festo
1734 2421 1908 2456 Nativitatis
1923 2421 1982 2455 Do-

1241 2477 1317 2510 mini
1342 2477 1441 2510 nostri
1466 2477 1534 2510 lesu
1558 2475 1694 2516 Christi,
1718 2475 1818 2509 aliove
1839 2475 1981 2518 legitimo

1241 2530 1464 2575 impedimento
1489 2529 1692 2568 adveniente,
1717 2529 1855 2572 itemque
1885 2539 1904 2561 a
1930 2528 1980 2562 die

1241 2584 1318 2617 sesto
1336 2582 1431 2617 sancti
1452 2582 1573 2616 Martini
1597 2592 1696 2625 usque
1720 2580 1759 2614 ad
1782 2581 1981 2615 Nativitatem

1241 2636 1380 2669 eiusdem
1398 2635 1535 2675 Domini,
1560 2639 1590 2667 et
1611 2645 1628 2667 a
1651 2634 1808 2668 dominica
1829 2635 1982 2679 quinqua-

1240 2690 1376 2732 gesimae
1405 2699 1504 2732 usque
1535 2688 1574 2721 ad
1601 2687 1797 2722 festivitatem
1822 2688 1981 2723 paschatis

1990 294 2039 323 An.
2055 293 2087 323 C.
2105 293 2170 322 ¹82!
