2293 3231
59 271 114 298 An.
130 271 158 298 C.
180 271 246 298 ttit‘z

894 270 1012 294 t'AtttJ's
1037 269 1055 292 V
1080 270 1126 293 Pr.

301 317 352 351 17.
377 317 438 351 Pro
471 318 679 351 instrumento
710 318 930 350 reintrusionis
964 318 993 349 in

257 380 405 405 censuras
424 370 582 411 similiter,
600 376 633 404 ut
651 382 755 415 supra,
773 370 838 403 iulii
865 381 926 404 sex.

301 423 352 457 18.
367 424 427 457 Pro
444 424 585 467 quolibet
607 429 683 457 teste
701 424 888 464 examinato,
907 424 937 456 in
953 425 995 457 ot*-

256 476 338 517 ficio,
363 476 429 509 iulii
453 482 588 520 quatuor
613 488 684 510 cum
709 476 848 516 dimidi03

301 529 352 562 19.
376 529 470 562 Extra
495 530 646 570 officium,
671 529 817 573 duplum;

300 581 352 615 20.
378 582 449 615 Etsi
463 582 613 616 materiae
630 582 746 616 suerint
761 581 947 621 excessivae,
964 581 995 614 in

257 635 371 677 officio,
396 635 464 668 iulii
490 646 560 675 sex;

299 687 351 720 21.
377 688 472 721 Extra
495 687 645 728 officium,
659 687 799 731 duplum.

295 739 350 773 22.
375 740 581 774 Excessivitas
605 739 797 783 intelligatur
820 739 845 772 si
871 738 993 772 articuli

255 793 406 827 excedant
426 802 597 827 numerum
621 793 881 836 vigintiquinque,
906 797 935 824 ct
952 792 995 824 in-

256 847 465 891 terrogatoria
480 856 649 880 numerum
669 845 948 890 trigintaquinque.

299 899 351 933 23.
385 900 445 933 Pro
475 899 708 944 publicatione,
733 909 787 932 seu
820 897 994 931 summario

255 952 394 994 testium,
417 953 556 986 solvatur
580 952 674 986 modo
693 962 755 996 quo
773 962 878 996 supra,
896 956 923 984 ct
942 952 995 983 ha-

254 1005 366 1038 beatur
389 1011 551 1050 respectus
574 1005 613 1038 ad
637 1005 883 1039 excessiritatcm
900 1004 993 1037 modo

254 1058 425 1103 praedicto.

298 1111 350 1145 24.
368 1112 428 1145 Pro
450 1111 596 1145 mandato
612 1111 651 1144 de
668 1111 909 1151 manutenendo,
926 1111 992 1143 iulii

255 1164 374 1205 decem3

299 1218 351 1252 25.
376 1219 414 1252 Et
436 1218 462 1252 si
485 1219 576 1252 fuerit
603 1219 711 1262 vigore
728 1217 909 1258 sentcntiae,
926 1217 992 1250 iulii

255 1273 446 1318 quindecim.

299 1327 350 1361 26.
375 1328 436 1362 Pro
456 1328 550 1361 simili
572 1327 611 1361 de
635 1326 838 1367 restituendo,
859 1330 886 1359 ct
906 1335 993 1369 repo-

254 1383 368 1424 nendo,
391 1383 459 1416 iulii
480 1382 671 1427 quindecim.

298 1437 350 1471 27.
375 1438 437 1471 Pro
460 1436 607 1470 mandato
623 1436 662 1469 de
678 1434 889 1468 subhastando
907 1439 992 1467 extra

255 1491 387 1532 curiam,
412 1490 478 1524 iulii
503 1495 623 1534 septem
646 1500 719 1522 cum
743 1488 883 1525 dimidio,

299 1544 351 1578 28.
365 1545 400 1579 In
417 1538 515 1585 curia,
528 1543 594 1577 iulii
611 1547 747 1587 quatuor
762 1553 834 1575 cum
852 1541 991 1573 dimidio.

299 1599 351 1633 29.
376 1599 437 1632 Pro
461 1598 523 1632 alio
546 1597 585 1630 de
609 1596 832 1636 deliberando,
851 1595 881 1628 in
906 1595 994 1628 curia

255 1658 286 1687 et
309 1657 407 1693 extra,
420 1651 613 1685 tantundem.

298 1706 351 1740 30.
376 1706 436 1739 Pro
460 1705 607 1738 citatione
642 1714 715 1737 cum
747 1702 932 1735 inhibitione
963 1703 993 1735 in

255 1758 354 1798 curia,
378 1757 445 1790 iulii
468 1762 603 1801 quatuor
628 1766 700 1789 curn
725 1755 864 1788 dimidio.

299 1810 352 1844 31.
372 1811 433 1844 Pro
446 1810 541 1844 simili
558 1815 644 1843 extra
661 1809 781 1842 curiam
795 1809 913 1852 alisque
926 1819 995 1841 cen-

255 1865 348 1906 suris,
372 1864 438 1898 iulii
463 1864 582 1897 decem.

299 1917 351 1952 32.
376 1918 437 1951 Pro
461 1917 607 1950 citatione
631 1925 703 1949 eum
728 1915 914 1948 inhibitione
936 1916 994 1948 sub

256 1971 399 2005 censiuis
422 1974 510 2004 extra
533 1970 665 2011 curiam,
682 1969 749 2002 iulii
772 1968 948 2002 duodecim.

299 2023 352 2057 33.
371 2024 432 2057 Pro
448 2023 595 2056 citatione
611 2022 746 2066 simplici
759 2027 846 2055 extra
862 2021 994 2062 curiam,

257 2076 324 2110 iulii
348 2080 468 2120 septem
493 2085 564 2109 cum
588 2075 728 2108 dimidio.

301 2129 353 2163 34.
379 2129 439 2162 Pro
463 2128 760 2172 compulsorialibus
784 2127 994 2171 generalibus,

257 2183 323 2216 iulii
348 2187 428 2216 octo.

300 2235 353 2269 35.
378 2236 439 2268 Pro
463 2233 758 2278 compulsorialibus
788 2233 995 2277 specialibus,

256 2289 324 2322 iulii
348 2289 467 2322 decem.

302 2342 355 2377 36.
380 2343 441 2376 Pro
461 2341 632 2376 monitorio
650 2340 772 2384 poenali
790 2340 897 2383 vigore
914 2351 997 2374 com-

259 2396 428 2436 missionis,
452 2395 519 2428 iulii
543 2400 623 2428 octo.

303 2448 354 2482 37.
380 2449 440 2482 Pro
465 2452 629 2492 sequestro
655 2452 741 2480 extra
767 2446 908 2487 curiam,
931 2447 996 2480 iulii

260 2507 340 2536 octo.

303 2554 355 2589 38.
379 2555 440 2588 Pro
463 2555 674 2588 instrumento
691 2553 889 2586 relaxationis
904 2553 997 2594 illius,

260 2607 329 2642 iulii
353 2619 417 2642 sex.

305 2660 358 2695 39.
382 2662 443 2695 Pro
472 2660 621 2694 mandato
651 2660 689 2693 de
713 2659 925 2703 consignando
949 2669 999 2703 pe-

344 2725 423 2752 Ball.
443 2725 524 2753 Rom.
544 2739 579 2745 -—
595 2724 654 2752 Vol.
675 2723 741 2751 XII.
904 2724 935 2752 17

1026 318 1144 356 simias,
1171 327 1238 356 res,
1264 322 1290 348 ὑί
1318 316 1408 355 bona,
1422 321 1588 359 postquam
1615 315 1669 347 suit
1691 314 1768 347 rela-

1027 375 1131 403 xatum
1158 370 1338 402 mandatum
1363 368 1596 412 exequutivum,
1610 372 1697 400 extra
1718 378 1768 400 cu-

1028 422 1118 462 riam,
1142 422 1209 455 iulii
1234 432 1357 465 noyem3

1072 475 1123 508 40.
1150 476 1182 508 ln
1208 476 1307 515 curia,
1325 475 1391 508 iulii
1417 485 1479 508 sex.

1071 528 1122 560 41.
1149 528 1209 561 Pro
1234 528 1442 561 instrumento
1466 526 1670 560 intimationis
1695 526 1767 566 litis,

1029 580 1189 620 cessionis,
1215 586 1241 613 ct
1269 580 1431 620 similium,
1457 580 1523 612 iulii
1547 590 1610 612 sex.

1072 633 1123 666 42.
1149 634 1209 666 Pro
1234 634 1381 666 mandato
1406 632 1593 676 exequutivo
1614 637 1700 666 extra
1717 643 1767 666 cu-

1028 686 1118 727 riam,
1143 686 1210 719 iulii
1236 686 1502 729 vigintiquinque3

1071 739 1123 773 43.
1149 740 1183 772 ln
1207 739 1306 779 curia,
1331 739 1397 771 iulii
1420 738 1602 782 vigintiduo.

1072 793 1123 826 44.
1148 793 1209 826 Pro
1234 792 1380 825 mandato
1405 791 1444 825 de
1468 791 1650 835 exequendo
1680 796 1766 824 extra

1028 846 1159 885 curiam,
1184 845 1251 878 iulii
1276 850 1357 885 octo,

1071 898 1122 931 45.
1148 899 1209 931 Pro
1242 897 1304 930 fide
1333 897 1449 930 decreti
1479 907 1534 930 seu
1565 897 1658 930 simili
1683 907 1767 929 man-

1027 952 1098 985 dato
1122 952 1154 984 in
1179 951 1278 991 curia,
1302 950 1368 982 iulii
1393 955 1537 993 quatuor.

1071 1005 1122 1038 46.
1148 1006 1209 1038 Pro
1233 1004 1444 1037 instrumento
1468 1003 1681 1043 remissoriae,
1699 1003 1766 1035 iulii

1026 1058 1216 1103 quindecim.

1071 1111 1122 1144 47.
1148 1111 1208 1144 Pro
1238 1109 1350 1142 litteris
1382 1109 1539 1150 missivis,
1564 1108 1657 1141 etiam
1693 1118 1764 1141 cum

1026 1164 1166 1197 articulis
1183 1168 1212 1196 et
1227 1162 1479 1206 interrogatoriis
1492 1160 1681 1200 introclusis,
1698 1160 1766 1193 iulii

1026 1228 1149 1251 norem.

1071 1270 1123 1303 48.
1149 1271 1209 1304 Pro
1226 1270 1436 1303 instrumento
1453 1268 1686 1312 prorogationis
1706 1272 1765 1300 ter-

1026 1325 1103 1357 mini
1126 1323 1344 1363 remissoriae,
1369 1333 1423 1355 seu
1454 1321 1663 1365 deputationis
1689 1320 1765 1353 iudi-

1026 1390 1108 1419 cum,
1133 1377 1198 1411 iulii
1223 1387 1285 1410 sex.

1070 1433 1122 1466 49.
1147 1433 1208 1465 Pro
1232 1430 1371 1475 quolibet
1400 1430 1505 1474 palmo
1538 1429 1632 1463 rotuli
1656 1428 1766 1461 remis-

1027 1487 1128 1521 soriae
1145 1487 1242 1519 sactae
1259 1486 1343 1518 iuxta
1359 1484 1616 1518 reformationem
1634 1483 1766 1516 Sanctis-

1027 1541 1098 1573 simi
1122 1540 1180 1572 sul)
1205 1539 1332 1572 rubrica
1352 1538 1397 1570 De
1417 1537 1567 1577 notariis,
1589 1537 1603 1579 ξ
1624 1536 1765 1569 Litteras

1027 1593 1261 1627 rcmz'ssoriczles
1271 1592 1292 1632 ¹,
1320 1591 1387 1624 iulii
1411 1591 1559 1635 quinque.

1071 1647 1122 1679 50.
1149 1647 1209 1679 Pro
1240 1645 1450 1678 instrumento
1480 1643 1766 1686 subdelegationis,

1028 1700 1093 1733 iulii
1118 1699 1236 1732 decem.

1072 1754 1123 1787 51.
1149 1754 1209 1786 Pro
1226 1751 1371 1785 mandato
1389 1751 1427 1784 de
1442 1749 1638 1783 immittendo
1653 1749 1683 1781 in
1700 1761 1768 1793 pos-

1028 1808 1210 1847 sessionem,
1229 1807 1367 1839 solvatur
1391 1810 1522 1844 tantum,
1535 1808 1686 1848 quantum
1710 1814 1768 1847 pro

1028 1861 1174 1894 mandato
1198 1859 1406 1903 exequutivo,
1432 1858 1461 1890 in
1495 1857 1582 1890 curia
1617 1861 1644 1888 et
1671 1861 1767 1888 extra.

1072 1915 1123 1947 52..
1142 1914 1202 1946 Pro
1218 1912 1360 1956 deposito
1377 1920 1588 1954 quocumque,
1606 1909 1699 1942 etiam
1717 1919 1769 1942 ce-

1027 1969 1184 2007 dularum,
1209 1966 1286 1999 nihil
1310 1966 1458 1998 solvatur.

1073 2021 1123 2055 53.
1150 2022 1209 2054 Pro
1234 2019 1432 2053 restitutione
1462 2028 1537 2050 vcro
1568 2017 1697 2050 cedulae
1723 2016 1768 2049 vel

1029 2075 1173 2120 depositi,
1186 2084 1286 2118 usque
1300 2073 1337 2106 ad
1351 2082 1507 2106 summam
1522 2076 1684 2104 scutorum
1698 2081 1770 2114 qua-

1029 2128 1313 2172 dragintaquinque
1339 2125 1490 2158 inclusive
1505 2152 1512 2165 ,
1536 2124 1689 2168 recipiant
1713 2134 1770 2156 no-

1029 2182 1098 2215 tarii
1123 2182 1209 2215 omni
1234 2191 1307 2214 casu
1332 2181 1515 2213 bononcnos
1544 2179 1622 2211 duos
1648 2182 1767 2210 tantum

1029 2246 1086 2279 pro
1110 2235 1249 2279 quolibet
1268 2238 1377 2273 scuto,
1395 2243 1453 2265 nec
1477 2231 1562 2264 aliud
1586 2230 1768 2273 quidquam,

1029 2298 1131 2331 neque
1147 2298 1205 2331 pro
1223 2286 1420 2319 restitutione
1437 2284 1576 2323 cedulae,
1593 2292 1694 2326 neque
1711 2292 1769 2325 pro

1031 2340 1186 2380 mandato,
1207 2350 1308 2382 neque
1331 2349 1389 2382 pro
1413 2336 1614 2381 quietatione;
1739 2371 1742 2373 ,

1074 2393 1124 2425 54.
1143 2394 1166 2425 Α
1184 2392 1279 2425 scutis
1298 2389 1645 2434 quadragintaquinque
1674 2398 1769 2431 supra

1031 2457 1129 2489 usque
1153 2446 1192 2477 ad
1209 2453 1441 2487 quamcumque
1459 2452 1625 2482 summam,
1643 2441 1768 2485 quando

1031 2499 1208 2543 depositum
1233 2503 1279 2531 est
1303 2498 1419 2530 factum
1444 2501 1515 2529 ante
1531 2495 1668 2529 mandati
1693 2496 1770 2528 rela-

1031 2552 1198 2591 xationem,
1211 2551 1329 2594 absque
1353 2549 1531 2583 conditione
1555 2549 1602 2582 vel
1620 2554 1771 2592 protesta—

1030 2605 1116 2638 tione
1132 2604 1317 2644 extrinseca,
1335 2613 1406 2637 cum
1424 2612 1579 2636 consensu
1595 2602 1680 2646 quod
1697 2611 1770 2636 con-

1067 2668 1079 2694 1
1101 2667 1166 2695 vide
1185 2675 1268 2703 supra
1286 2674 1347 2703 pag.
1364 2666 1399 2694 95
1417 2665 1456 2701 (n.
1473 2666 1520 2700 Τ.).

1679 258 1737 290 12¹0
1785 267 1834 292 An.
1852 266 1879 292 C.
1902 267 1965 293 tot?
