2293 3231
63 299 110 324 An.
131 297 159 323 C.
181 296 242 323 1691
1786 288 1833 313 ΑιιΑ
1856 287 1882 312 (ἰ,
1907 287 1967 313 16ῗὶ

869 292 1045 318 caucontus
1066 292 1105 317 xv
1126 292 1174 316 rr.
1675 278 1732 311 6021

89 359 121 405 ¹1„
137 357 246 403 sesannia.
305 342 361 386 53.
375 344 494 376 Rursus
508 353 667 386 nctnoper
682 342 762 375 viam
780 342 932 382 scrutinii,
947 352 1002 374 seu
1035 341 1092 373 bus
1116 340 1184 372 aliis
1201 339 1299 382 signis
1317 339 1347 370 iu
1365 338 1475 371 ultima
1494 341 1581 380 parte
1602 337 1774 379 signentur.

64 392 87 406 rt:
109 390 157 405 §rt-u
169 390 211 404 nlto

63 417 150 432 aem-«u
173 415 245 430 mes.
260 396 402 429 scrutinii
426 401 457 429 et
480 407 624 430 accessus
648 396 800 429 habeatur
816 406 874 439 pro
892 395 1002 435 electo,
1035 403 1167 426 numero
1192 402 1305 434 nempe
1331 391 1446 434 aliquo,
1464 395 1493 422 et
1517 389 1605 422 brevi
1629 388 1712 422 dicto
1729 399 1776 420 sa-

73 438 139 457 uri-nn
149 442 195 456 essu
203 436 246 456 sus·
284 449 289 455 .

63 446 245 510 ῗῗιτὲῖᾚψυωῑ-
260 450 318 482 nisi
336 449 501 493 publicatis
514 450 661 483 omnibus
677 449 845 492 suffragiis,
859 454 889 481 et
902 448 1001 488 electi,

63 496 80 511 ι’(
170 504 174 510 ι

59 672 65 692 l
101 674 122 695 tn
136 672 246 698 sum-agio-

63 706 108 722 rum
114 699 206 726 paritate
213 704 248 719 ne·

62 727 139 748 minem
156 726 245 747 electum

63 759 111 775 osne
120 756 141 774 οι
150 753 171 773 ίιι
182 753 247 777 impa-

63 780 127 801 ritate
158 779 247 800 eiectum

64 805 120 830 dici,
139 805 174 832 qui
193 805 248 826 ultra

64 833 117 854 duas
150 834 207 852 artes
228 831 248 852 in

64 864 134 880 unosu
151 859 249 884 ragiosu-

64 885 137 912 poi-ior
151 885 198 906 erit.

96 1045 211 1067 iuramenti
238 1050 250 1065 a

66 1072 161 1099 quotibet
181 1070 250 1092 cardi-

66 1100 114 1119 nale
131 1099 151 1119 in
163 1098 250 1119 ferendo

66 1126 166 1152 suffragio
190 1131 250 1151 prae-

66 1152 135 1173 standi
165 1151 250 1172 sormam

67 1178 200 1205 praesentiit.

127 1471 252 1496 Qualitatem

71 1504 155 1524 quoque
180 1497 254 1517 inscrt-

71 1524 148 1550 ptinnis
159 1525 180 1544 et
194 1523 256 1543 sche-

71 1551 167 1571 ‹tutat-um
195 1550 253 1575 signa

71 1583 108 1603 pru
124 1577 236 1602 suffragi-c.

261 502 285 535 si
305 512 472 535 numerum
494 502 709 535 tantummodo
730 502 863 534 duarum
886 512 922 534 cx
947 501 1002 533 tri-

260 555 318 588 bus
329 555 470 599 partibus
483 555 627 588 habuisse
638 560 834 598 compertum
849 554 898 594 sit,
910 554 1001 586 etiam

261 609 419 641 schedulis
435 609 560 652 apertis.

306 663 320 704 g
344 661 373 694 4.
399 662 441 694 Ac
462 662 487 693 si
507 661 666 704 contingat
681 662 788 705 plures
804 661 833 692 in
847 649 1020 693 schedulis

262 714 440 747 nominatos
453 714 529 747 duas
543 714 649 747 tertias
662 720 766 758 partes
780 713 1003 756 suffragiorum

263 767 369 801 tulisse
389 767 408 808 ¹,
433 768 464 800 in
489 767 713 810 suffragiorum
737 767 869 811 paritate
893 771 1005 799 neuter

263 821 301 853 sit
318 821 445 862 electus,
457 821 488 853 in
506 821 682 865 imparitate
699 831 784 861 vero,
802 820 855 863 qui
872 830 1005 852 numero

264 873 487 917 suffragiorum
501 874 647 918 superior
659 874 728 915 erit,
741 873 913 907 dummodo
929 873 1006 906 duas

265 927 371 961 tertias
394 933 514 972 partes,
540 928 633 962 etiam
650 929 681 961 in
698 938 760 962 uno
777 927 938 970 suffragio,
957 937 1007 960 ex-

265 981 362 1022 cedat,
384 982 501 1015 electus
514 986 688 1016 censeatur.

309 1035 324 1079 ξ,
349 1035 377 1068 5.
403 1036 534 1080 Insuper
562 1036 594 1068 in
624 1047 814 1081 unoquoque
838 1036 1007 1077 scrutinio,

265 1092 430 1131 antequam
456 1088 605 1121 schedula
622 1089 653 1121 in
670 1090 799 1122 calicem
820 1090 970 1129 mittatur,
991 1099 1008 1121 a

266 1141 405 1184 quolibet
422 1141 579 1175 cardinale
596 1142 808 1175 iuramentum
833 1143 894 1176 alta
911 1148 942 1175 et
966 1143 1009 1175 in-

267 1194 420 1237 telligibili
438 1205 513 1228 voce
529 1195 583 1227 fiat
594 1195 644 1228 his
656 1196 777 1229 verbis:
796 1195 904 1229 Testor
919 1196 1009 1230 Chri-

265 1251 350 1281 stum
367 1247 556 1288 Dominum,
572 1249 632 1292 qui
651 1259 700 1282 me
717 1249 925 1282 iudicaturus
949 1253 1004 1289 est,

268 1310 316 1333 me
331 1300 450 1344 elt'yere
465 1312 559 1345 quem
575 1302 753 1335 secundum
772 1303 877 1336 Deum
902 1302 1008 1335 iudico

266 1352 345 1397 eliyi
358 1353 479 1395 debere,
492 1359 520 1388 et
529 1355 616 1398 quod
632 1355 718 1388 idem
731 1356 767 1388 in
782 1366 909 1389 «recessu
920 1366 1009 1399 prae-

267 1406 366 1440 stabo.
381 1407 417 1440 Et
426 1407 486 1441 hoc
494 1407 702 1442 iuramentum
713 1419 729 1441 a
738 1409 824 1442 nullo
835 1409 1007 1442 omittatur.

314 1460 328 1503 g
352 1458 380 1492 6.
399 1459 630 1503 Suffragiorum
647 1466 750 1494 autem
773 1461 940 1494 schedulae
956 1462 1011 1494 hu-

270 1513 416 1553 iusmodi,
435 1519 498 1546 tam
515 1514 657 1547 scrutinii
675 1525 769 1558 quam
786 1525 940 1555 accessuS,
954 1516 1009 1548 ubi

270 1565 339 1598 lieri
363 1567 510 1610 potuerit,
528 1566 701 1611 impressae
726 1568 854 1601 omnino
879 1578 946 1601 esse
962 1568 1012 1601 de-

271 1619 377 1659 beant;
407 1619 461 1652 ubi
489 1630 551 1653 non
580 1621 742 1664 potuerit,
770 1621 862 1654 unius
890 1626 1011 1654 tantum

273 1683 366 1705 manu
390 1673 525 1717 scriptae
550 1673 621 1714 sint,
646 1674 688 1707 ita
711 1674 866 1715 videlicet,
890 1680 924 1707 ut
950 1669 1029 1707 tam¹

273 1725 454 1770 impressae,
479 1737 574 1770 quam
599 1726 640 1759 ita
665 1727 810 1770 scriptae,
836 1738 872 1760 ea
896 1728 1029 1767 omnia‚¹

272 1789 351 1822 quae
376 1779 407 1811 in
431 1779 588 1812 schedulis
611 1780 793 1824 huiusmodi
817 1780 951 1824 exprimi
968 1791 1014 1814 so-

272 1832 346 1873 lent,
370 1832 550 1866 contineant
563 1833 701 1877 (praeter
726 1833 791 1866 sola
815 1833 942 1866 nomina
959 1834 1031 1866 scu²

273 1883 543 1919 denominationes
567 1885 712 1929 eligentis
737 1891 765 1919 et
790 1887 891 1927 electi,
916 1891 946 1920 et
970 1869 1031 1919 iri-i

275 1938 439 1982 trascripta
463 1939 561 1982 signa,
587 1951 667 1984 quae
691 1940 796 1974 omnia
816 1951 912 1973 manu
937 1941 1015 1973 eius-

274 1990 346 2024 dem
359 1991 502 2034 eligentis
515 1993 702 2033 scribantur;
716 1998 744 2026 et
758 2004 873 2027 nomen
887 1994 1013 2037 quidem

276 2044 419 2087 eligentis
443 2046 475 2078 in
498 2047 602 2090 prima
625 2053 713 2091 parte
731 2047 908 2088 schedulae,
926 2048 1015 2081 electi

279 2108 352 2131 vero
375 2098 408 2130 in
431 2100 582 2142 sequenti,
607 2105 638 2132 et
660 2110 773 2133 rursus
797 2101 897 2141 electi,
923 2098 1033 2144 quan-2

279 2156 343 2184 tum
367 2151 437 2184 fieri
460 2152 585 2195 poterit,
611 2153 792 2187 charactere
816 2154 957 2194 alterato,
975 2154 1017 2187 ita

279 2208 312 2236 ut
335 2205 483 2247 cognosci
508 2215 571 2239 nou
590 2206 704 2249 possit:
727 2217 826 2252 eaque
851 2207 1033 2240 schedulael

277 2268 361 2301 pars,
385 2258 417 2291 in
440 2269 502 2302 qua
526 2259 585 2292 erit
610 2259 754 2302 eligentis
779 2270 912 2301 nomen,
937 2261 1019 2293 clau-

277 2311 379 2352 detur,
396 2322 432 2345 ae
456 2312 560 2355 sigillo
575 2312 614 2345 ad
631 2313 689 2345 hoc
707 2318 828 2356 parato,
845 2324 880 2346 ac
898 2318 1017 2347 secrete
1032 2314 1035 2362 J

279 2363 403 2405 habito,
427 2374 489 2399 non
518 2370 623 2398 autem
655 2376 691 2399 eo
723 2376 786 2409 quo
817 2366 950 2410 quisque
973 2363 1035 2404 uti}

278 2417 367 2458 solet,
391 2417 584 2461 obsignetur.
604 2419 643 2451 Ut
665 2424 770 2452 autem
794 2419 1036 2463 x-ide1·ipossit‚1

278 2479 327 2511 ne,
352 2470 406 2514 qui
426 2471 519 2504 alicui
536 2471 676 2512 accessit,
693 2472 795 2505 eidem
820 2471 850 2504 in
868 2472 1019 2505 scrutinio
1035 2496 1037 2501 ,

279 2522 464 2567 suffragium
479 2523 628 2565 dederit⁹,
641 2524 807 2558 schedulae
821 2535 930 2558 omnes
947 2524 1020 2558 duo-
1035 2526 1037 2566 5

318 2605 328 2630 t
345 2603 416 2632 Edit.
432 2603 511 2631 Main.
525 2604 590 2640 legit
604 2605 692 2633 tuisse
707 2605 744 2640 (R.
759 2606 808 2640 τ.).
1036 2606 1038 2637 ἶ

316 2648 334 2675 2
347 2648 451 2676 Etenim
472 2649 498 2677 in
517 2651 570 2677 aua
589 2651 672 2686 Greg.
689 2651 743 2685 xV,
765 2659 847 2686 quam
863 2650 932 2677 infra
947 2640 1039 2692 ‹tabi-t

283 2702 350 2726 mus,
363 2694 557 2723 Constitutione
573 2696 779 2732 praescribitur:
794 2696 887 2724 Tertio
902 2704 959 2723 non
973 2704 1022 2730 po·
1037 2693 1039 2701 '

1030 2031 1032 2037 .
1049 1993 1099 2034 cti,
1114 1993 1189 2026 illud
1203 2003 1239 2026 eo
1257 1992 1351 2025 modo
1364 2002 1382 2024 a
1398 1991 1609 2025 cardinalibus
1622 1989 1788 2029 scribatur,
1806 2002 1911 2022 ant-itum
1939 2001 1990 2021 serj-

1035 456 1106 478 crae
1131 445 1315 488 scripturae,
1338 444 1383 475 iel
1404 443 1464 476 alio
1490 441 1680 481 huiusmodi,
1697 451 1775 484 quae

1035 498 1123 541 signa
1148 498 1178 530 iu
1203 499 1335 540 utraque
1360 496 1520 535 schedula,
1547 500 1606 527 tam
1633 493 1774 527 scrutinii

1035 562 1128 595 quam
1143 561 1296 590 accessus,
1315 550 1423 582 eadem
1440 550 1510 582 sint.

1081 606 1094 649 ἕ
1109 606 1136 639 7.
1156 606 1265 638 Postea
1284 615 1356 637 vero
1373 615 1445 648 pars
1461 604 1512 636 illa
1529 603 1705 639 schedulae,
1724 601 1775 634 ubi
1825 609 1978 639 eompneatm-

1036 659 1112 691 haec
1144 658 1232 701 signa
1264 664 1372 697 crunt,
1398 657 1490 689 etiam
1515 655 1723 699 complicetur
1747 637 1976 710 εῑὲῧῖιῗὲιῗοωῖῗέἶ

1037 712 1231 755 obsignetur,
1246 722 1284 744 nc
1305 722 1321 743 a
1338 711 1566 744 scrutatoribus
1584 709 1682 742 videri
1707 719 1778 753 pos·
1791 692 1977 738 'c’iearr'i'zianii‘iwmil

1037 765 1085 805 sit,
1109 765 1169 798 nisi
1193 770 1360 809 postquam
1386 765 1480 797 fucrit
1509 774 1565 807 per
1590 762 1776 796 scrutinium
1792 745 1867 765 'amm'

1038 823 1069 851 et
1093 829 1255 851 accessum
1288 818 1398 852 electio
1428 818 1579 862 perfec-tm
1610 827 1673 860 quo
1704 826 1777 849 casu

1039 872 1205 905 schedulae
1229 882 1373 905 accessus
1397 882 1413 903 a
1439 870 1666 904 scrutatoribus
1687 871 1723 902 ca
1747 869 1778 901 in

1040 930 1139 969 parte,
1165 925 1218 958 ubi
1239 925 1301 958 duo
1322 924 1482 969 praedicta
1502 929 1573 957 sunt
1597 923 1695 966 signa,
1711 933 1780 966 ape—

1040 979 1177 1019 riantu1‘3
1198 979 1297 1022 iisque
1314 978 1461 1022 inspectis
1477 983 1507 1011 et
1531 987 1639 1010 earum
1658 975 1778 1019 sig-iltis,

1040 1032 1118 1065 aliae
1143 1033 1310 1065 schedulae
1335 1043 1407 1065 cum
1432 1031 1542 1064 iisdem
1573 1030 1671 1073 signis
1695 1034 1780 1063 nota-

1041 1089 1088 1119 tae
1112 1091 1143 1118 et
1167 1086 1198 1118 in
1221 1086 1373 1118 scrutinio
1390 1085 1478 1118 datae
1503 1082 1730 1128 reperiantur¹,
1747 1089 1778 1115 ut

1041 1139 1184 1172 videlicet
1208 1150 1247 1171 an
1271 1139 1332 1172 duo
1357 1139 1433 1171 haec
1458 1138 1547 1180 signa
1578 1143 1608 1170 et
1643 1136 1780 1179 sigillum

1041 1191 1150 1225 eadem
1175 1191 1233 1224 sint
1260 1196 1478 1234 cognoscatur,
1496 1196 1526 1223 et
1551 1190 1622 1223 inde
1643 1189 1707 1222 duo
1724 1190 1783 1222 sus-

1041 1244 1141 1287 fragia
1169 1244 1207 1276 ab
1237 1244 1347 1277 eodem
1373 1244 1522 1277 cardinali
1548 1243 1600 1275 uni
1625 1242 1696 1275 data
1719 1252 1780 1275 non

1041 1298 1135 1331 fuisse
1158 1303 1317 1342 appareat.

1087 1352 1101 1395 ἓ
1125 1350 1154 1384 8.
1172 1352 1209 1384 At
1227 1351 1251 1383 si
1269 1351 1350 1384 inter
1364 1350 1528 1383 schedulas
1541 1349 1683 1383 scrutinii
1699 1349 1782 1382 nulla
1838 1361 1927 1386 Quando
1943 1362 1983 1381 sus⁴

1043 1405 1220 1449 reperietur
1252 1404 1363 1437 iisdem
1396 1404 1493 1447 signis
1518 1408 1641 1443 notata,
1669 1389 1983 1446 quibusiiiffui'i'nufficii}

1043 1458 1191 1491 schedula
1216 1468 1359 1491 accessus
1376 1457 1496 1500 signata
1514 1456 1582 1497 erit,
1600 1460 1652 1488 aut
1670 1456 1694 1488 si
1714 1455 1783 1498 quis
1799 1443 1984 1495 ‘sissiiiiss‘siheduef

1765 1508 1770 1513 ·
1800 1498 1833 1516 lae
1862 1495 1985 1520 aperiantur

1043 1511 1145 1544 eidem
1162 1511 1339 1551 accesserit,
1356 1521 1450 1554 quem
1468 1510 1499 1542 in
1517 1509 1668 1543 scrutinio
1686 1518 1785 1541 nomi-
1801 1522 1928 1543 mennam
1937 1526 1985 1546 par-

1044 1565 1175 1606 naverit,
1193 1570 1327 1608 utroque
1345 1575 1419 1597 casu
1435 1563 1622 1606 suffragium
1640 1572 1783 1596 accessus
1801 1548 1986 1599 igiti¹bn¹11{{i21j¹if''

1045 1619 1166 1651 nullum
1183 1618 1231 1651 sit.
1249 1617 1447 1661 Subscriptio
1464 1620 1577 1657 autem,
1596 1627 1649 1649 seu
1669 1626 1785 1648 nomen

1046 1672 1199 1714 eligentis,
1213 1670 1367 1713 resignari
1387 1681 1451 1704 non
1466 1670 1575 1714 possit,
1594 1669 1653 1702 nisi
1671 1669 1788 1702 contin-

1046 1730 1108 1768 gat,
1124 1730 1158 1757 ut
1181 1724 1320 1768 sigillum
1342 1729 1373 1756 et
1396 1724 1455 1756 alia
1479 1724 1541 1757 duo
1566 1723 1727 1767 praedicta
1751 1722 1788 1754 si-

1047 1789 1107 1822 gna
1124 1778 1184 1812 sint
1200 1777 1309 1810 cadem
1327 1788 1398 1810 cum
1415 1777 1513 1820 signis
1531 1782 1560 1809 et
1577 1776 1678 1819 sigillo
1696 1776 1788 1808 alicu-

1047 1832 1095 1864 ius
1119 1831 1247 1865 alterius
1271 1830 1448 1871 cardinalis,
1467 1834 1518 1864 aut
1534 1830 1594 1863 alia
1607 1830 1787 1863 difficultate

1048 1892 1188 1928 cogente.

1093 1940 1108 1984 g
1132 1940 1161 1973 9.
1177 1939 1266 1979 Quod
1290 1944 1395 1972 autem
1413 1938 1521 1971 attinet
1538 1938 1576 1970 ad
1595 1948 1711 1971 nomen
1730 1938 1789 1970 ele-
1830 1949 1910 1969 Nomen
1925 1949 1986 1968 emet.

1805 1981 1843 2002 qu<
1849 1975 1911 1996 modo
1969 1975 1989 1994 in

1049 2045 1209 2090 quomodo
1233 2045 1265 2078 in
1289 2044 1364 2078 solio
1389 2044 1556 2088 impresso,
1580 2043 1634 2076 ubi
1658 2043 1690 2076 in
1715 2053 1787 2076 cor.-
1805 2028 1895 2075 3333?
1912 2028 1991 2074 “fi'iffi

1050 2099 1127 2132 clavi
1152 2098 1255 2132 notari
1272 2097 1422 2140 suffragia
1437 2098 1546 2131 solent.
1565 2097 1740 2137 Praeterea,
1757 2100 1788 2129 ut
1806 2081 1990 2133 }{?i{‡{?0¹²‘'<¹122523

1050 2157 1172 2186 secreto
1190 2152 1312 2185 cautius
1336 2151 1529 2191 consulatur,
1547 2150 1713 2183 schedulae
1730 2150 1790 2182 sus—
1808 2137 1844 2155 '‘³''

1050 2207 1225 2250 frag-iorum
1249 2206 1457 2239 conficiantur
1480 2207 1542 2238 una
1567 2215 1621 2237 seu
1645 2204 1790 2248 pluribus

1052 2261 1083 2292 in
1096 2260 1212 2293 mensis
1226 2260 1258 2292 in
1275 2259 1379 2292 media
1393 2259 1534 2303 cappella
1551 2257 1737 2297 constitutis,
1751 2257 1790 2290 ita

1052 2324 1067 2347 e
1091 2313 1303 2347 cardinalibus
1327 2312 1457 2346 remotis
1475 2317 1503 2345 et
1524 2310 1760 2354 circumspectis
1771 2310 1791 2347 ³,

1052 2387 1100 2412 test
1115 2393 1242 2412 accessus
1262 2385 1329 2419 fieri
1347 2385 1384 2411 ad
1405 2392 1471 2409 eum
1491 2383 1673 2410 cardinalem
1688 2383 1740 2417 qui
1758 2383 1792 2410 ub

1052 2430 1172 2464 ipsomet
1184 2429 1333 2457 cardinali
1347 2429 1401 2463 suit
1412 2429 1444 2455 in
1460 2428 1602 2455 scrutinio
1618 2427 1792 2459 nominatus.-

1053 2478 1079 2500 οι
1094 2472 1144 2500 hoc
1161 2481 1193 2499 ne
1208 2481 1277 2499 unus
1297 2472 1348 2499 duo
1363 2472 1489 2507 suffragia
1506 2471 1593 2498 eidem
1609 2471 1685 2498 daret
1699 2471 1791 2504 (ΒΑΜ).

1090 2518 1099 2543 1
1119 2517 1161 2544 Sic
1176 2518 1269 2551 legunt
1285 2520 1340 2543 tum
1361 2516 1424 2543 edit.
1439 2517 1535 2548 Maia„
1552 2520 1606 2543 tum
1623 2515 1792 2544 Cherubiuii.

1053 2561 1100 2588 sed
1115 2562 1157 2588 vix
1169 2561 1293 2588 dubitare
1309 2569 1418 2595 possum
1439 2561 1504 2596 quin
1520 2560 1663 2595 legendum
1678 2560 1712 2587 sit
1727 2567 1793 2594 ape-

1054 2608 1183 2633 riantur:
1193 2605 1253 2632 vide
1261 2605 1294 2632 de
1308 2605 1358 2632 hac
1368 2613 1398 2632 re
1409 2605 1488 2632 aliam
1499 2605 1579 2640 Greg.
1590 2605 1634 2632 XV
1643 2605 1735 2632 Const.
1745 2605 1794 2632 sub

1054 2650 1098 2677 ‹Lie
1108 2656 1142 2676 xn
1153 2650 1242 2677 martii
1252 2656 1376 2683 MDume,
1392 2658 1472 2684 quam
1487 2649 1556 2677 intra
1568 2649 1691 2677 dabimus
1705 2656 1797 2684 (amp

1090 2695 1105 2722 2
1122 2694 1216 2723 Nescio
1232 2703 1263 2721 an
1280 2694 1422 2730 legendum
1438 2695 1636 2730 circumseptis
1651 2701 1687 2729 tn.
1699 2695 1748 2724 τὴ.
