2293 3231
251 264 300 290 Αη.
311 264 338 291 c.
364 264 426 292 «ευ
477 246 543 290 5ἒό

284 432 384 454 Paculus
399 433 434 454 de·

250 459 340 486 putandi
377 465 435 479 tom-

250 492 360 515 mruariop
370 490 390 506 et
406 486 435 506 us-

251 512 435 560 ῗιῗῖἐῗιρἳῃῗῖἕᾷ
451 525 527 558 locis
545 525 705 569 praedicto
730 526 828 560 Statui
845 532 954 561 nostro
975 527 1193 561 Ecclesiastico

266 566 435 614 {ti‘tffil‘fiss‘i

311 857 435 880 Commissa-

251 885 306 907 rium
324 885 435 906 mundato·

251 917 296 933 nm
314 912 398 938 plateae
414 918 435 932 a·

251 939 311 964 aunis
321 945 368 960 cum
379 944 436 960 emo·

251 966 355 989 tumentis.
372 969 412 987 etc.

279 1982 347 2004 Atium
365 1982 436 2009 mpet-

255 2195 306 2218 ttem
324 2201 438 2223 personam

255 2224 275 2243 tu
288 2223 358 2244 causi·
367 2223 438 2244 crimi-

255 2249 338 2270 natibu·
359 2250 438 2276 depen-

255 2275 354 2297 dentibus
368 2282 382 2299 a
400 2282 438 2297 suo

255 2302 361 2326 tribunati,

451 370 519 400 taxa
543 366 694 400 auditoris
719 376 872 399 camerae.

494 420 509 462 ἓ
526 418 577 452 25.
596 417 836 453 Commissarios
857 425 893 463 et*
905 420 1064 463 officiales,
1082 427 1146 454 tam
1161 421 1191 454 in

452 471 533 504 L'rbe
557 481 651 515 quam
676 471 708 504 in
733 472 801 505 aliis
825 473 1020 514 civitatibus,
1045 474 1139 507 terris
1163 480 1191 507 et

451 578 585 612 mediate
605 584 635 612 et
659 579 840 613 immediate
865 580 1024 621 subiectis,
1040 592 1099 625 pro
1119 582 1193 615 saci-

450 631 523 666 liori
535 632 701 675 regimine,
710 633 865 676 gubernio
879 639 909 668 et
923 634 1193 669 administratione

451 684 524 720 dicti
553 685 647 719 officii
665 686 905 729 camerariatus,
930 693 961 722 et
984 700 1092 722 rerum
1117 689 1194 722 illud

451 739 721 781 concernentium,
734 740 866 775 arbitrio
884 752 951 783 suo,
965 742 1058 776 toties
1071 743 1194 786 quoties

451 804 532 838 opus
555 794 668 835 suerit,
693 794 832 839 deputet.

495 846 577 891 §⁹2ss.
603 847 746 882 Officium
770 849 980 883 commissarii
998 850 1194 885 mundatoris

450 901 570 945 plateae
582 902 700 945 Agonis
716 909 932 947 nuncupatum
950 903 1063 937 habeat
1078 905 1195 939 emolu-

450 1008 516 1042 riae
533 1009 699 1044 Clementis
717 1011 781 1044 Vlll
799 1016 829 1045 ct
842 1011 915 1045 dicti
934 1012 1019 1046 Pauli
1037 1013 1071 1053 V,
1085 1014 1194 1047 Roma-

449 1072 564 1096 norum
596 1063 801 1105 Pontificum,
827 1071 897 1098 ante
921 1076 1039 1100 annum
1069 1066 1193 1100 Domini

452 1115 655 1151 millesimum
680 1118 945 1153 sexcentesimum
967 1120 1124 1154 decimum
1149 1133 1195 1155 se-

451 1170 586 1213 ptimum
603 1171 686 1215 exigi
712 1173 802 1206 solita
827 1178 856 1206 et
881 1170 1046 1215 consueta,
1072 1180 1134 1207 tam
1156 1175 1194 1208 ab

450 1223 640 1258 habentibus
664 1225 768 1260 locum
794 1231 916 1261 certum
940 1227 971 1260 in
989 1228 1071 1261 dicta
1091 1229 1211 1272 platea:

450 1277 500 1310 die
520 1279 660 1320 mercati,
681 1290 775 1323 quam
793 1281 832 1313 ab
854 1281 1048 1322 adventitiis,
1074 1283 1194 1316 venalia

451 1330 674 1374 deserentibus,
689 1338 719 1366 et
735 1334 765 1366 in
783 1334 893 1368 eadem
918 1335 1019 1379 platea
1033 1336 1194 1379 quibusvis

450 1383 482 1417 in
500 1384 577 1419 locis
594 1385 799 1420 existentibus
819 1393 850 1420 et
866 1388 1082 1431 vendentibus,
1101 1390 1194 1423 etiam
1210 1410 1212 1417 s

1210 1442 1391 1488 personis,
1416 1446 1479 1476 tam
1504 1442 1613 1485 vigore
1637 1442 1876 1487 particularium
1902 1453 1970 1477 sen-

452 1497 483 1525 et
505 1503 601 1537 super
625 1495 849 1529 mattonatibus
880 1497 1063 1530 earumdem
1077 1525 1085 1538 ,
1116 1492 1212 1531 ἰηρί-Χ

452 1443 522 1472 ante
537 1439 649 1474 domos
674 1446 702 1474 et
728 1442 875 1475 ecclesias
893 1443 924 1475 in
948 1445 984 1475 ea
1010 1444 1194 1484 existentes,

451 1545 566 1588 piendo
590 1557 607 1579 a
632 1547 731 1581 muris
756 1548 896 1592 ipsarum
915 1549 1082 1583 domorum
1101 1557 1129 1584 ct
1147 1564 1196 1585 ec-

452 1599 638 1642 clesiarum,
663 1601 711 1634 vel
736 1606 856 1636 certum
880 1604 1029 1637 salarium
1055 1605 1212 1648 quolibet*

452 1664 569 1695 mense,
587 1655 671 1699 quod
687 1656 824 1700 exigitur
843 1658 971 1701 praevia
988 1660 1059 1692 taxa
1077 1670 1134 1704 per
1151 1660 1195 1693 di-

451 1713 536 1742 ctum
554 1708 746 1743 Ludovicum
764 1710 956 1745 cardinalem
982 1718 1011 1745 et
1036 1724 1095 1757 pro
1121 1720 1195 1747 tem-

451 1771 528 1805 pore
553 1762 737 1796 existentem
762 1764 973 1798 camerarium
997 1766 1193 1810 praedictum

451 1814 592 1849 facienda
616 1823 646 1850 et
670 1817 824 1860 exigenda
848 1818 886 1851 ab
911 1819 1057 1853 omnibus
1081 1821 1134 1864 qui
1163 1822 1193 1854 in

452 1867 536 1902 dicta
551 1869 653 1914 platea
668 1880 718 1904 res
735 1871 859 1905 venales
877 1871 907 1904 in
921 1871 988 1906 dies
1005 1873 1150 1907 deserunt
1165 1881 1193 1908 et

453 1922 597 1956 retinent.

497 1976 513 2020 ἓ
532 1976 584 2011 27.
602 1977 753 2012 Similiter
771 1979 1025 2014 commissarium
1040 1981 1193 2026 Ripettae,

453 2040 524 2063 cum
537 2030 736 2064 facultatibus
750 2033 937 2076 opportunis
953 2045 988 2066 ac
1003 2035 1195 2069 emolumen-

454 2083 492 2117 tis
508 2084 608 2118 solitis
624 2095 659 2118 ac
675 2085 751 2118 alias
767 2086 834 2120 eius
859 2087 991 2121 arbitrio
1012 2090 1193 2131 statuendis,

453 2136 605 2181 deputare
620 2138 728 2182 possit.

499 2190 581 2234 §⁶28.
600 2191 635 2224 Et
653 2192 782 2236 insuper
806 2193 874 2237 ipse
897 2193 1073 2229 Ludovicus
1098 2197 1196 2230 cardi-

453 2244 541 2286 nalis,
559 2251 587 2278 et
604 2256 663 2290 pro
680 2252 823 2290 tempore
841 2248 977 2282 existens
991 2251 1194 2291 camerarius,

452 2298 553 2342 possit
569 2299 599 2331 in
613 2299 715 2333 causis
728 2300 943 2335 criminalibus
957 2313 1084 2348 quoquo
1102 2305 1195 2337 modo

1033 266 1214 291 ammaum
1237 252 1392 292 nomm

450 323 522 346 cum
546 312 690 352 dimidio,
715 317 745 345 et
769 313 808 344 ab
833 312 904 346 inde
929 323 1024 357 supra
1048 315 1208 349 serveturl

1225 419 1368 454 auditore
1392 429 1446 453 seu
1470 420 1702 454 locumtenente
1719 420 1757 453 ad
1771 421 1837 455 eius
1853 427 1964 456 nutum

1208 471 1402 528 'kamovibilh
1427 484 1499 507 cum
1519 473 1634 507 salario
1658 473 1725 507 eius
1748 474 1880 509 arbitrio
1905 480 1967 509 sta-

1228 527 1353 567 tuendo,
1378 526 1431 571 qui
1456 537 1566 560 omnes
1588 532 1617 560 et
1643 527 1782 571 singulas
1801 538 1920 570 causas,
1937 529 1969 562 in

1227 580 1343 625 quibus
1368 586 1430 614 tam
1455 581 1554 614 active
1578 591 1672 625 quam
1696 582 1829 625 passive,
1854 587 1884 616 et
1905 582 1969 616 sive

1209 654 1211 681 ἶ
1226 633 1380 678 primario
1390 634 1454 667 sive
1464 634 1660 676 secundario,
1671 635 1909 679 quomodolibet
1918 635 1968 679 agi

1228 685 1397 731 contigerit
1413 687 1451 721 de
1464 687 1615 722 interesse
1628 698 1782 730 camerae,
1795 694 1858 723 tam
1882 699 1969 723 occa-

1228 741 1315 775 sione
1328 742 1522 786 appaltuum,
1547 741 1705 776 bonorum
1730 746 1761 777 et
1784 743 1901 776 iurium
1923 753 1970 776 ca-

1228 795 1406 836 mel-alium,
1421 806 1516 841 quam
1536 796 1744 839 gabessarum,
1761 796 1968 840 doganarum,

1228 849 1446 892 exactionum,
1476 848 1747 890 iurisdictionum,
1779 850 1968 891 feudorum,

1209 933 1211 945 ,
1228 903 1480 943 concessionum,
1498 903 1703 946 regaliolum,
1720 903 1878 937 bonorum
1897 913 1970 938 nau-

451 960 557 989 menta
578 957 683 990 omnia
701 962 844 1001 tempore
868 958 1053 992 recolendae
1078 950 1211 1002 memo-{

1227 958 1433 999 fragatorum‚
1458 956 1665 998 decimarum,
1686 962 1716 990 et
1735 957 1871 991 aliorum
1895 968 1970 1002 quo-

1209 1038 1211 1047 ,
1228 1022 1435 1056 rumcumque
1449 1011 1576 1053 iurium‚
1591 1021 1714 1046 necnon
1731 1022 1883 1053 annonae,
1901 1022 1971 1055 gra-

1228 1065 1331 1106 sciae,
1357 1065 1496 1107 viarum,
1521 1076 1697 1109 aquarum,
1721 1066 1882 1110 pontium,
1906 1066 1971 1111 pla-

1210 1124 1348 1154 ]tearum
1375 1147 1381 1161 ,
1415 1119 1666 1162 aquaeductuum
1686 1147 1693 1161 ,
1726 1119 1943 1154 aedificiorum
1961 1147 1968 1160 ‚

1228 1173 1380 1217 riparum,
1392 1183 1566 1214 zeccarum,
1580 1173 1804 1214 archiviorum,
1819 1177 1848 1208 et
1866 1183 1970 1207 recur-

1228 1238 1319 1260 suum
1349 1237 1365 1259 a
1397 1227 1632 1270 gravaminibus
1656 1227 1827 1261 inferendis
1859 1238 1876 1261 a
1900 1237 1971 1262 con-

1228 1281 1442 1315 servatoribus
1467 1291 1620 1322 camerae,
1643 1281 1736 1314 Urbis
1761 1287 1790 1314 et
1814 1281 1883 1316 aliis
1906 1281 1970 1317 offi-

1229 1334 1360 1368 cialibus
1377 1334 1536 1378 Capitolii,
1558 1334 1749 1376 artificibus,
1771 1335 1969 1376 tabernariis,

1229 1387 1328 1429 laniis,
1343 1388 1596 1429 salsamentariis,
1615 1388 1846 1422 mercatoribus
1854 1393 1885 1422 et
1901 1388 1970 1422 aliis

1229 1494 1396 1528 tentiarum
1421 1505 1477 1528 seu
1501 1494 1717 1536 decretorum,
1742 1506 1837 1540 quam
1860 1496 1970 1539 vigore

1228 1549 1423 1591 generalium
1441 1549 1692 1593 dispositionum,
1711 1549 1804 1583 etiam
1818 1560 1874 1594 per
1887 1549 1968 1584 viam

1228 1601 1503 1636 bannimentorum
1521 1602 1693 1643 editorum,
1718 1613 1840 1636 necnon
1860 1613 1970 1638 causas

1228 1655 1458 1689 discussionum
1467 1661 1680 1689 mercatorum
1694 1667 1748 1689 seu
1757 1657 1890 1690 aliarum
1900 1667 1970 1702 per-

1229 1720 1388 1750 sonarum,
1408 1720 1480 1743 cum
1493 1710 1608 1753 quibus
1625 1721 1751 1744 camera
1775 1711 1901 1755 negotia
1920 1711 1969 1745 vel

1228 1762 1379 1796 interesse
1396 1763 1634 1807 quomodolibet
1647 1765 1741 1797 etiam
1759 1765 1887 1799 insimul
1896 1775 1968 1798 cum

1228 1815 1296 1849 aliis
1320 1816 1476 1857 habuerit,
1493 1827 1616 1851 necnon
1634 1817 1779 1851 similiter
1795 1828 1905 1852 causas
1918 1828 1969 1863 ap-

1227 1870 1433 1914 pellationum
1464 1871 1528 1904 sive
1552 1881 1741 1905 recursuum
1766 1882 1783 1905 a
1807 1872 1969 1906 sententiis

1228 1934 1282 1958 seu
1294 1924 1430 1958 decretis
1440 1925 1666 1968 magistrorum
1678 1925 1801 1960 viarum
1815 1931 1845 1960 et
1857 1937 1968 1960 eorum

1227 1978 1394 2011 assessoris
1418 1978 1449 2011 in
1474 1978 1642 2011 ordinariis
1667 1978 1769 2013 causis
1785 1978 1824 2013 ad
1837 1989 1892 2013 eos
1904 1989 1970 2024 spe-

1228 2032 1385 2065 ctantibus
1409 2033 1517 2075 vigore
1550 2033 1655 2067 statuti
1681 2033 1775 2067 Urbis
1802 2033 1841 2067 de
1865 2033 1969 2068 officio

1229 2086 1453 2129 magistrorum
1470 2086 1591 2120 viarum
1612 2087 1665 2120 lib.
1680 2097 1714 2121 111
1738 2097 1806 2132 cap.
1823 2097 1970 2128 xxix,re-

1228 2140 1334 2183 cipere
1351 2145 1381 2173 et
1397 2151 1625 2184 recognoscere
1640 2141 1739 2185 possit

1273 2194 1287 2236 g
1303 2192 1355 2227 30.
1375 2193 1563 2237 (ln-quibus
1587 2194 1690 2227 causis
1714 2194 1771 2228 soli
1790 2193 1905 2227 notarii
1923 2203 1970 2228 ca·
2009 2204 2033 2252 'in
2047 2203 2080 2226 im
2097 2204 2169 2234 qaum

1229 2257 1334 2280 merae
1348 2247 1487 2281 scribere
1501 2247 1645 2292 possint);
1657 2258 1780 2282 necnon
1793 2248 1886 2282 etiam
1901 2258 1970 2281 cau·
1984 2233 2169 2311 ffigffffr'inffssi

1229 2311 1278 2334 sas
1298 2306 1361 2334 tam
1379 2306 1479 2334 motas
1496 2311 1590 2345 quam
1609 2301 1778 2334 movendas
1796 2311 1970 2335 communi-

1268 314 1283 358 ξ
1306 314 1358 348 29.
1382 315 1420 348 Et
1443 306 1550 358 quoad
1573 313 1677 348 cintia
1703 315 1822 360 pariter
1849 315 1965 350 habeat
1982 267 2164 354 Aras-⁰:2³:

1206 386 1209 398 .
1225 367 1390 411 proprium
1407 366 1544 400 tribunal
1562 367 1647 400 iuxta
1663 368 1788 402 solitum
1805 380 1876 403 cum
1902 379 1965 403 uno
1979 359 2041 378 ⁰¹²⁰*
2063 358 2099 379 *¹³⁰
2114 363 2165 380 ‘⁸⁹‘

1980 384 2010 405 sis
2031 385 2129 407 clvittbus
2143 391 2164 407 u·

1980 417 2030 432 num
2045 411 2166 433 auditorem

1980 438 2008 458 ad
2023 440 2095 459 nutum
2109 443 2166 460 mo·

1982 464 2073 485 vibilum.

453 2351 702 2396 dependentibus
722 2364 739 2386 a
756 2364 812 2388 suo
830 2354 988 2396 tribunali,
1009 2362 1037 2389 et
1063 2357 1100 2389 ad
1120 2357 1194 2390 illud
1211 2371 1213 2390 ,-
1229 2358 1326 2388 tatum
1349 2359 1379 2387 et
1404 2354 1656 2395 universitatum,
1681 2354 1851 2395 civitatum,
1868 2359 1969 2388 terra-

1210 2403 1213 2416 .

453 2406 691 2450 quomodolibet
713 2408 945 2452 spectantibus,
971 2420 1065 2443 unam
1091 2417 1318 2457 perso-grum,
1345 2413 1522 2442 castrorum
1552 2413 1582 2442 et
1612 2409 1754 2442 locorum
1783 2407 1917 2442 mediate
1941 2414 1971 2442 et

455 2467 525 2489 nam
542 2468 687 2502 capacem
698 2458 755 2491 sibi
767 2459 956 2501 benevisam,
967 2460 1052 2494 iuxta
1065 2472 1194 2495 casuum
1210 2458 1212 2488 ῗ
1229 2462 1408 2496 immediate
1447 2461 1518 2496 Sedi
1557 2461 1753 2506 Apostolicae
1791 2461 1971 2505 praedictae

454 2510 714 2554 contingentiam,
732 2516 827 2555 prout
842 2518 912 2546 ante
936 2513 1193 2548 reformationem
1211 2524 1212 2533 ¹
1228 2515 1559 2555 subiectoruni‚causa
1572 2520 1602 2548 et
1611 2514 1775 2548 occasione
1789 2515 1970 2555 confinium,

454 2562 529 2596 dicti
547 2564 633 2598 Pauli
653 2565 904 2610 praedecessoris
929 2567 997 2601 fieri
1023 2579 1194 2603 consueve-
1229 2568 1743 2610 territoriorum,iurisdictionum,
1754 2568 1969 2610 collectarum,

455 2622 513 2657 rat,
537 2619 630 2652 etiam
654 2620 805 2664 deputare
829 2621 958 2665 possit¹.
1228 2623 1432 2666 gabellamm,
1453 2621 1700 2666 exemptionum,
1724 2621 1891 2657 fluminum
1916 2622 1970 2656 de-

494 2681 505 2705 t
522 2679 578 2709 Vox
590 2683 681 2717 possit
695 2683 827 2711 inutiliter
840 2685 956 2719 repetita
969 2685 1008 2720 (n.
1023 2685 1071 2720 τ.).
1226 2676 1420 2716 cursionum,
1433 2680 1463 2710 et
1474 2675 1704 2709 derivationum
1713 2685 1879 2720 aquarum,
1888 2675 1969 2710 iuris

2248 2923 2263 2947 ἐἴ

2250 2953 2257 2960 .

2247 2962 2263 3041 ᾗ

2247 3046 2252 3054 ,
2260 3044 2265 3051 .
