<?xml version="1.0" encoding="UTF-8"?>
<!DOCTYPE html PUBLIC "-//W3C//DTD XHTML 1.0 Transitional//EN"
    "http://www.w3.org/TR/xhtml1/DTD/xhtml1-transitional.dtd">
<html xmlns="http://www.w3.org/1999/xhtml" xml:lang="en" lang="en">
 <head>
  <title>
</title>
<meta http-equiv="Content-Type" content="text/html;charset=utf-8" />
  <meta name='ocr-system' content='tesseract 3.04.00' />
  <meta name='ocr-capabilities' content='ocr_page ocr_carea ocr_par ocr_line ocrx_word'/>
</head>
<body>
  <div class='ocr_page' id='page_1' title='image "./bullarumdiplomat12cath_0868.png"; bbox 0 0 2293 3231; ppageno 0'>
   <div class='ocr_carea' id='block_1_1' title="bbox 555 268 1451 303">
    <p class='ocr_par' dir='ltr' id='par_1_1' title="bbox 555 268 1451 303">
     <span class='ocr_line' id='line_1_1' title="bbox 555 268 1451 303; baseline -0.007 0"><span class='ocrx_word' id='word_1_1' title='bbox 555 268 618 303; x_wconf 82' lang='lat'>830</span> <span class='ocrx_word' id='word_1_2' title='bbox 1098 274 1273 298; x_wconf 65' lang='lat' dir='ltr'>Butuntum</span> <span class='ocrx_word' id='word_1_3' title='bbox 1298 273 1451 298; x_wconf 67' lang='grc'>110111111111</span> 
     </span>
    </p>
   </div>
   <div class='ocr_carea' id='block_1_2' title="bbox 503 326 2045 1122">
    <p class='ocr_par' dir='ltr' id='par_1_2' title="bbox 506 326 2045 532">
     <span class='ocr_line' id='line_1_2' title="bbox 506 326 2045 375; baseline -0.001 -10"><span class='ocrx_word' id='word_1_4' title='bbox 506 331 778 375; x_wconf 84' lang='lat' dir='ltr'>Cappuccinorum</span> <span class='ocrx_word' id='word_1_5' title='bbox 803 327 916 363; x_wconf 88' lang='lat' dir='ltr'>Ordini</span> <span class='ocrx_word' id='word_1_6' title='bbox 934 327 1122 360; x_wconf 75' lang='lat' dir='ltr'>conceditur</span> <span class='ocrx_word' id='word_1_7' title='bbox 1146 326 1303 360; x_wconf 87' lang='lat' dir='ltr'>indultum</span> <span class='ocrx_word' id='word_1_8' title='bbox 1328 327 1490 370; x_wconf 86' lang='lat' dir='ltr'>propriam</span> <span class='ocrx_word' id='word_1_9' title='bbox 1513 335 1642 360; x_wconf 89' lang='lat' dir='ltr'>crucem</span> <span class='ocrx_word' id='word_1_10' title='bbox 1663 329 1695 360; x_wconf 94' lang='lat' dir='ltr'>in</span> <span class='ocrx_word' id='word_1_11' title='bbox 1716 328 1979 371; x_wconf 81' lang='lat' dir='ltr'>processionibus</span> <span class='ocrx_word' id='word_1_12' title='bbox 1994 329 2045 364; x_wconf 87' lang='lat' dir='ltr'>de-</span> 
     </span>
     <span class='ocr_line' id='line_1_3' title="bbox 594 378 2043 424; baseline -0.001 -7"><span class='ocrx_word' id='word_1_13' title='bbox 594 383 733 424; x_wconf 76' lang='lat' dir='ltr'>terendi,</span> <span class='ocrx_word' id='word_1_14' title='bbox 760 382 817 415; x_wconf 87' lang='grc'>411</span> <span class='ocrx_word' id='word_1_15' title='bbox 846 382 872 414; x_wconf 82' lang='lat' dir='ltr'>b.</span> <span class='ocrx_word' id='word_1_16' title='bbox 898 380 1163 424; x_wconf 83' lang='lat' dir='ltr'>Quibuscumque</span> <span class='ocrx_word' id='word_1_17' title='bbox 1188 380 1260 413; x_wconf 90' lang='lat' dir='ltr'>aliis</span> <span class='ocrx_word' id='word_1_18' title='bbox 1284 378 1428 413; x_wconf 87' lang='lat' dir='ltr'>habitum</span> <span class='ocrx_word' id='word_1_19' title='bbox 1448 378 1744 424; x_wconf 88' lang='lat' dir='ltr'>Cappuccinorum‚</span> <span class='ocrx_word' id='word_1_20' title='bbox 1769 380 1819 414; x_wconf 86' lang='lat' dir='ltr'>vel</span> <span class='ocrx_word' id='word_1_21' title='bbox 1840 380 1886 416; x_wconf 92' lang='lat' dir='ltr'>illi</span> <span class='ocrx_word' id='word_1_22' title='bbox 1906 382 2043 416; x_wconf 86' lang='lat' dir='ltr'>similem</span> 
     </span>
     <span class='ocr_line' id='line_1_4' title="bbox 594 432 2043 478; baseline 0.001 -9"><span class='ocrx_word' id='word_1_23' title='bbox 594 437 719 470; x_wconf 78' lang='lat' dir='ltr'>deterre</span> <span class='ocrx_word' id='word_1_24' title='bbox 744 436 838 478; x_wconf 74' lang='lat' dir='ltr'>[cavit</span> <span class='ocrx_word' id='word_1_25' title='bbox 873 434 1047 477; x_wconf 78' lang='lat' dir='ltr'>Gregorius</span> <span class='ocrx_word' id='word_1_26' title='bbox 1073 433 1160 474; x_wconf 77' lang='lat' dir='ltr'>xlii,</span> <span class='ocrx_word' id='word_1_27' title='bbox 1197 433 1258 466; x_wconf 77' lang='lat'>(347</span> <span class='ocrx_word' id='word_1_28' title='bbox 1286 432 1312 465; x_wconf 87' lang='lat' dir='ltr'>b.</span> <span class='ocrx_word' id='word_1_29' title='bbox 1349 432 1453 476; x_wconf 80' lang='lat' dir='ltr'>Atque</span> <span class='ocrx_word' id='word_1_30' title='bbox 1489 434 1586 467; x_wconf 85' lang='lat' dir='ltr'>etiam</span> <span class='ocrx_word' id='word_1_31' title='bbox 1622 433 1795 477; x_wconf 82' lang='lat' dir='ltr'>Gregorius</span> <span class='ocrx_word' id='word_1_32' title='bbox 1822 433 1902 478; x_wconf 78' lang='lat' dir='ltr'>xlv,</span> <span class='ocrx_word' id='word_1_33' title='bbox 1925 436 1989 470; x_wconf 82' lang='grc'>649</span> <span class='ocrx_word' id='word_1_34' title='bbox 2013 447 2043 470; x_wconf 88' lang='grc' dir='ltr'>α.</span> 
     </span>
     <span class='ocr_line' id='line_1_5' title="bbox 595 484 1580 532; baseline -0.002 -10"><span class='ocrx_word' id='word_1_35' title='bbox 595 488 768 532; x_wconf 70' lang='lat' dir='ltr'>L‘trunique</span> <span class='ocrx_word' id='word_1_36' title='bbox 793 487 955 521; x_wconf 82' lang='lat' dir='ltr'>decretum</span> <span class='ocrx_word' id='word_1_37' title='bbox 982 487 1147 520; x_wconf 79' lang='lat' dir='ltr'>confirmat</span> <span class='ocrx_word' id='word_1_38' title='bbox 1171 484 1346 529; x_wconf 83' lang='lat' dir='ltr'>Gregorius</span> <span class='ocrx_word' id='word_1_39' title='bbox 1371 485 1436 528; x_wconf 85' lang='lat' dir='ltr'>XV,</span> <span class='ocrx_word' id='word_1_40' title='bbox 1463 486 1526 520; x_wconf 82' lang='lat'>649</span> <span class='ocrx_word' id='word_1_41' title='bbox 1552 486 1580 520; x_wconf 85' lang='lat' dir='ltr'>b.</span> 
     </span>
    </p>

    <p class='ocr_par' dir='ltr' id='par_1_3' title="bbox 506 537 2044 789">
     <span class='ocr_line' id='line_1_6' title="bbox 506 537 2044 586; baseline -0.001 -8"><span class='ocrx_word' id='word_1_42' title='bbox 506 543 743 578; x_wconf 82' lang='lat' dir='ltr'>Carmelitarum</span> <span class='ocrx_word' id='word_1_43' title='bbox 769 542 1041 575; x_wconf 80' lang='lat' dir='ltr'>Discalceatorum</span> <span class='ocrx_word' id='word_1_44' title='bbox 1066 540 1172 582; x_wconf 85' lang='lat' dir='ltr'>Ordo,</span> <span class='ocrx_word' id='word_1_45' title='bbox 1199 540 1261 573; x_wconf 86' lang='grc'>199</span> <span class='ocrx_word' id='word_1_46' title='bbox 1286 539 1312 573; x_wconf 84' lang='lat' dir='ltr'>b.</span> <span class='ocrx_word' id='word_1_47' title='bbox 1338 537 1423 574; x_wconf 89' lang='lat' dir='ltr'>Olim</span> <span class='ocrx_word' id='word_1_48' title='bbox 1448 549 1488 574; x_wconf 79' lang='lat' dir='ltr'>ex</span> <span class='ocrx_word' id='word_1_49' title='bbox 1514 539 1638 575; x_wconf 90' lang='lat' dir='ltr'>duabus</span> <span class='ocrx_word' id='word_1_50' title='bbox 1654 541 1957 586; x_wconf 83' lang='lat' dir='ltr'>congregationibus</span> <span class='ocrx_word' id='word_1_51' title='bbox 1973 543 2044 578; x_wconf 89' lang='lat' dir='ltr'>His-</span> 
     </span>
     <span class='ocr_line' id='line_1_7' title="bbox 592 593 2042 641; baseline 0 -12"><span class='ocrx_word' id='word_1_52' title='bbox 592 598 704 641; x_wconf 83' lang='lat' dir='ltr'>paniae</span> <span class='ocrx_word' id='word_1_53' title='bbox 730 600 759 629; x_wconf 80' lang='lat' dir='ltr'>ct</span> <span class='ocrx_word' id='word_1_54' title='bbox 785 595 891 629; x_wconf 86' lang='lat' dir='ltr'>ltaliae</span> <span class='ocrx_word' id='word_1_55' title='bbox 924 604 984 628; x_wconf 93' lang='lat' dir='ltr'>una</span> <span class='ocrx_word' id='word_1_56' title='bbox 1010 595 1222 638; x_wconf 78' lang='lat' dir='ltr'>congregatio</span> <span class='ocrx_word' id='word_1_57' title='bbox 1253 595 1355 627; x_wconf 89' lang='lat' dir='ltr'>sancti</span> <span class='ocrx_word' id='word_1_58' title='bbox 1388 593 1479 627; x_wconf 90' lang='lat' dir='ltr'>Pauli</span> <span class='ocrx_word' id='word_1_59' title='bbox 1511 597 1617 628; x_wconf 88' lang='lat' dir='ltr'>erecta</span> <span class='ocrx_word' id='word_1_60' title='bbox 1648 604 1706 638; x_wconf 90' lang='lat' dir='ltr'>per</span> <span class='ocrx_word' id='word_1_61' title='bbox 1738 595 1870 630; x_wconf 89' lang='lat' dir='ltr'>Paulum</span> <span class='ocrx_word' id='word_1_62' title='bbox 1894 595 1940 639; x_wconf 91' lang='lat' dir='ltr'>V,</span> <span class='ocrx_word' id='word_1_63' title='bbox 1965 595 2042 630; x_wconf 78' lang='lat' dir='ltr'>ibid.</span> 
     </span>
     <span class='ocr_line' id='line_1_8' title="bbox 593 646 2044 691; baseline 0 -8"><span class='ocrx_word' id='word_1_64' title='bbox 593 650 703 683; x_wconf 84' lang='lat' dir='ltr'>Postea</span> <span class='ocrx_word' id='word_1_65' title='bbox 728 651 802 683; x_wconf 91' lang='lat' dir='ltr'>unio</span> <span class='ocrx_word' id='word_1_66' title='bbox 826 652 946 682; x_wconf 87' lang='lat' dir='ltr'>cassata</span> <span class='ocrx_word' id='word_1_67' title='bbox 972 649 1029 682; x_wconf 85' lang='lat' dir='ltr'>t&#39;uit</span> <span class='ocrx_word' id='word_1_68' title='bbox 1063 647 1138 681; x_wconf 76' lang='lat' dir='ltr'>ibid.</span> <span class='ocrx_word' id='word_1_69' title='bbox 1164 647 1428 691; x_wconf 84' lang='lat' dir='ltr'>Congregationis</span> <span class='ocrx_word' id='word_1_70' title='bbox 1458 646 1568 681; x_wconf 89' lang='lat' dir='ltr'>Italiae</span> <span class='ocrx_word' id='word_1_71' title='bbox 1593 647 1707 682; x_wconf 90' lang='lat' dir='ltr'>domus</span> <span class='ocrx_word' id='word_1_72' title='bbox 1730 648 1850 683; x_wconf 84' lang='lat' dir='ltr'>Romae</span> <span class='ocrx_word' id='word_1_73' title='bbox 1882 651 1914 683; x_wconf 91' lang='lat' dir='ltr'>in</span> <span class='ocrx_word' id='word_1_74' title='bbox 1938 649 2044 684; x_wconf 80' lang='lat' dir='ltr'>Monte</span> 
     </span>
     <span class='ocr_line' id='line_1_9' title="bbox 592 700 2044 746; baseline 0 -10"><span class='ocrx_word' id='word_1_75' title='bbox 592 702 768 744; x_wconf 84' lang='lat' dir='ltr'>Quirinali:</span> <span class='ocrx_word' id='word_1_76' title='bbox 795 701 903 746; x_wconf 83' lang='lat' dir='ltr'>ibique</span> <span class='ocrx_word' id='word_1_77' title='bbox 930 705 1073 735; x_wconf 83' lang='lat' dir='ltr'>erectum</span> <span class='ocrx_word' id='word_1_78' title='bbox 1094 702 1304 734; x_wconf 83' lang='lat' dir='ltr'>seminarium</span> <span class='ocrx_word' id='word_1_79' title='bbox 1326 710 1382 745; x_wconf 90' lang='lat' dir='ltr'>pro</span> <span class='ocrx_word' id='word_1_80' title='bbox 1402 700 1612 735; x_wconf 89' lang='lat' dir='ltr'>missionibus</span> <span class='ocrx_word' id='word_1_81' title='bbox 1642 701 1681 736; x_wconf 89' lang='lat' dir='ltr'>ad</span> <span class='ocrx_word' id='word_1_82' title='bbox 1706 702 1854 737; x_wconf 89' lang='lat' dir='ltr'>infideles</span> <span class='ocrx_word' id='word_1_83' title='bbox 1878 706 1909 737; x_wconf 91' lang='lat' dir='ltr'>et</span> <span class='ocrx_word' id='word_1_84' title='bbox 1932 702 2044 738; x_wconf 88' lang='lat' dir='ltr'>haere-</span> 
     </span>
     <span class='ocr_line' id='line_1_10' title="bbox 593 754 1066 789; baseline -0.002 -1"><span class='ocrx_word' id='word_1_85' title='bbox 593 757 670 789; x_wconf 87' lang='lat' dir='ltr'>ticos</span> <span class='ocrx_word' id='word_1_86' title='bbox 695 754 926 788; x_wconf 76' lang='lat' dir='ltr'>convertendos</span> <span class='ocrx_word' id='word_1_87' title='bbox 953 754 1015 788; x_wconf 65' lang='lat'>200</span> <span class='ocrx_word' id='word_1_88' title='bbox 1036 764 1066 787; x_wconf 82' lang='lat' dir='ltr'>a.</span> 
     </span>
    </p>

    <p class='ocr_par' dir='ltr' id='par_1_4' title="bbox 504 807 2045 1068">
     <span class='ocr_line' id='line_1_11' title="bbox 504 807 2043 854; baseline 0.001 -12"><span class='ocrx_word' id='word_1_89' title='bbox 504 808 743 842; x_wconf 73' lang='lat' dir='ltr'>carmelitarum</span> <span class='ocrx_word' id='word_1_90' title='bbox 768 807 953 842; x_wconf 87' lang='lat' dir='ltr'>monialium</span> <span class='ocrx_word' id='word_1_91' title='bbox 977 807 1248 842; x_wconf 80' lang='lat' dir='ltr'>Discalceatarum</span> <span class='ocrx_word' id='word_1_92' title='bbox 1275 810 1500 843; x_wconf 87' lang='lat' dir='ltr'>monasterium</span> <span class='ocrx_word' id='word_1_93' title='bbox 1523 810 1555 843; x_wconf 91' lang='lat' dir='ltr'>in</span> <span class='ocrx_word' id='word_1_94' title='bbox 1579 809 1719 844; x_wconf 86' lang='lat' dir='ltr'>dioecesi</span> <span class='ocrx_word' id='word_1_95' title='bbox 1744 809 1917 854; x_wconf 89' lang='lat' dir='ltr'>Bisuntina‚</span> <span class='ocrx_word' id='word_1_96' title='bbox 1937 811 2000 845; x_wconf 75' lang='lat'>465</span> <span class='ocrx_word' id='word_1_97' title='bbox 2014 821 2043 844; x_wconf 85' lang='lat' dir='ltr'>a.</span> 
     </span>
     <span class='ocr_line' id='line_1_12' title="bbox 591 861 2045 907; baseline 0.003 -13"><span class='ocrx_word' id='word_1_98' title='bbox 591 861 748 895; x_wconf 75' lang='lat' dir='ltr'>Eximitur</span> <span class='ocrx_word' id='word_1_99' title='bbox 773 870 790 895; x_wconf 92' lang='lat' dir='ltr'>a</span> <span class='ocrx_word' id='word_1_100' title='bbox 814 861 972 905; x_wconf 85' lang='lat' dir='ltr'>gubernio</span> <span class='ocrx_word' id='word_1_101' title='bbox 1003 861 1237 906; x_wconf 86' lang='lat' dir='ltr'>archiepiscopi</span> <span class='ocrx_word' id='word_1_102' title='bbox 1269 861 1427 896; x_wconf 87' lang='lat' dir='ltr'>Bisuntini</span> <span class='ocrx_word' id='word_1_103' title='bbox 1452 867 1484 897; x_wconf 90' lang='lat' dir='ltr'>et</span> <span class='ocrx_word' id='word_1_104' title='bbox 1506 865 1709 907; x_wconf 86' lang='lat' dir='ltr'>superiorum</span> <span class='ocrx_word' id='word_1_105' title='bbox 1735 863 1988 906; x_wconf 70' lang='lat' dir='ltr'>Carmefflarum,</span> <span class='ocrx_word' id='word_1_106' title='bbox 2013 868 2045 899; x_wconf 90' lang='lat' dir='ltr'>et</span> 
     </span>
     <span class='ocr_line' id='line_1_13' title="bbox 591 914 2045 960; baseline 0.002 -12"><span class='ocrx_word' id='word_1_107' title='bbox 591 917 780 959; x_wconf 84' lang='lat' dir='ltr'>supponitur</span> <span class='ocrx_word' id='word_1_108' title='bbox 803 924 899 949; x_wconf 89' lang='lat' dir='ltr'>curae</span> <span class='ocrx_word' id='word_1_109' title='bbox 924 914 1185 960; x_wconf 75' lang='lat' dir='ltr'>presbyterorum</span> <span class='ocrx_word' id='word_1_110' title='bbox 1206 914 1284 949; x_wconf 80' lang='lat' dir='ltr'>ibid.</span> <span class='ocrx_word' id='word_1_111' title='bbox 1303 915 1477 960; x_wconf 81' lang='lat' dir='ltr'>Privilegia</span> <span class='ocrx_word' id='word_1_112' title='bbox 1501 921 1679 952; x_wconf 81' lang='lat' dir='ltr'>ceterorum</span> <span class='ocrx_word' id='word_1_113' title='bbox 1712 919 1976 953; x_wconf 83' lang='lat' dir='ltr'>monasteriorum</span> <span class='ocrx_word' id='word_1_114' title='bbox 2000 918 2045 952; x_wconf 90' lang='lat' dir='ltr'>illi</span> 
     </span>
     <span class='ocr_line' id='line_1_14' title="bbox 594 969 2045 1014; baseline 0.001 -11"><span class='ocrx_word' id='word_1_115' title='bbox 594 970 822 1011; x_wconf 84' lang='lat' dir='ltr'>conceduntur,</span> <span class='ocrx_word' id='word_1_116' title='bbox 849 969 912 1003; x_wconf 78' lang='lat'>465</span> <span class='ocrx_word' id='word_1_117' title='bbox 937 969 962 1002; x_wconf 86' lang='lat' dir='ltr'>b.</span> <span class='ocrx_word' id='word_1_118' title='bbox 987 969 1033 1003; x_wconf 92' lang='lat' dir='ltr'>De</span> <span class='ocrx_word' id='word_1_119' title='bbox 1058 971 1217 1014; x_wconf 87' lang='lat' dir='ltr'>regimine</span> <span class='ocrx_word' id='word_1_120' title='bbox 1241 973 1273 1004; x_wconf 93' lang='lat' dir='ltr'>et</span> <span class='ocrx_word' id='word_1_121' title='bbox 1297 971 1478 1005; x_wconf 82' lang='lat' dir='ltr'>visitatione</span> <span class='ocrx_word' id='word_1_122' title='bbox 1509 972 1772 1006; x_wconf 86' lang='lat' dir='ltr'>monasteriorum</span> <span class='ocrx_word' id='word_1_123' title='bbox 1796 971 1890 1006; x_wconf 89' lang='lat' dir='ltr'>huius</span> <span class='ocrx_word' id='word_1_124' title='bbox 1914 970 2045 1008; x_wconf 89' lang='lat' dir='ltr'>Ordinis</span> 
     </span>
     <span class='ocr_line' id='line_1_15' title="bbox 592 1022 1238 1068; baseline 0.002 -12"><span class='ocrx_word' id='word_1_125' title='bbox 592 1024 623 1056; x_wconf 92' lang='lat' dir='ltr'>in</span> <span class='ocrx_word' id='word_1_126' title='bbox 648 1032 748 1067; x_wconf 86' lang='lat' dir='ltr'>regno</span> <span class='ocrx_word' id='word_1_127' title='bbox 773 1022 942 1064; x_wconf 89' lang='lat' dir='ltr'>Franciae‚</span> <span class='ocrx_word' id='word_1_128' title='bbox 969 1023 1032 1057; x_wconf 78' lang='lat'>503</span> <span class='ocrx_word' id='word_1_129' title='bbox 1059 1023 1076 1056; x_wconf 85' lang='lat' dir='ltr'>b</span> <span class='ocrx_word' id='word_1_130' title='bbox 1101 1027 1133 1058; x_wconf 91' lang='lat' dir='ltr'>et</span> <span class='ocrx_word' id='word_1_131' title='bbox 1156 1033 1238 1068; x_wconf 83' lang='lat' dir='ltr'>seqq.</span> 
     </span>
    </p>

    <p class='ocr_par' dir='ltr' id='par_1_5' title="bbox 503 1076 1460 1122">
     <span class='ocr_line' id='line_1_16' title="bbox 503 1076 1460 1122; baseline 0.002 -12"><span class='ocrx_word' id='word_1_132' title='bbox 503 1077 705 1110; x_wconf 76' lang='lat' dir='ltr'>carnotensis</span> <span class='ocrx_word' id='word_1_133' title='bbox 729 1076 865 1111; x_wconf 81' lang='lat' dir='ltr'>ecclesia</span> <span class='ocrx_word' id='word_1_134' title='bbox 889 1077 1081 1112; x_wconf 90' lang='lat' dir='ltr'>Parisiensis</span> <span class='ocrx_word' id='word_1_135' title='bbox 1105 1078 1317 1122; x_wconf 82' lang='lat' dir='ltr'>suffraganea,</span> <span class='ocrx_word' id='word_1_136' title='bbox 1343 1079 1402 1112; x_wconf 79' lang='lat'>751</span> <span class='ocrx_word' id='word_1_137' title='bbox 1432 1079 1460 1111; x_wconf 83' lang='lat' dir='ltr'>b.</span> 
     </span>
    </p>
   </div>
   <div class='ocr_carea' id='block_1_3' title="bbox 502 1130 2106 1174">
    <p class='ocr_par' dir='ltr' id='par_1_6' title="bbox 502 1130 2106 1174">
     <span class='ocr_line' id='line_1_17' title="bbox 502 1130 2106 1174; baseline 0.003 -12"><span class='ocrx_word' id='word_1_138' title='bbox 502 1130 631 1164; x_wconf 78' lang='lat' dir='ltr'>Carolus</span> <span class='ocrx_word' id='word_1_139' title='bbox 655 1131 807 1166; x_wconf 86' lang='lat' dir='ltr'>Emanuel</span> <span class='ocrx_word' id='word_1_140' title='bbox 833 1130 1013 1166; x_wconf 89' lang='lat' dir='ltr'>Sabaudiae</span> <span class='ocrx_word' id='word_1_141' title='bbox 1039 1131 1115 1173; x_wconf 78' lang='lat' dir='ltr'>dux,</span> <span class='ocrx_word' id='word_1_142' title='bbox 1142 1131 1205 1165; x_wconf 75' lang='lat'>422</span> <span class='ocrx_word' id='word_1_143' title='bbox 1229 1142 1258 1165; x_wconf 84' lang='lat' dir='ltr'>a.</span> <span class='ocrx_word' id='word_1_144' title='bbox 1285 1130 1371 1166; x_wconf 86' lang='lat' dir='ltr'>Illius</span> <span class='ocrx_word' id='word_1_145' title='bbox 1396 1131 1517 1174; x_wconf 83' lang='lat' dir='ltr'>laudes,</span> <span class='ocrx_word' id='word_1_146' title='bbox 1536 1132 1598 1167; x_wconf 79' lang='lat'>547</span> <span class='ocrx_word' id='word_1_147' title='bbox 1616 1143 1645 1166; x_wconf 85' lang='lat' dir='ltr'>a.</span> <span class='ocrx_word' id='word_1_148' title='bbox 1667 1132 1727 1167; x_wconf 91' lang='lat' dir='ltr'>Pro</span> <span class='ocrx_word' id='word_1_149' title='bbox 1752 1141 1790 1166; x_wconf 90' lang='lat' dir='ltr'>eo</span> <span class='ocrx_word' id='word_1_150' title='bbox 1814 1142 1871 1167; x_wconf 86' lang='lat' dir='ltr'>sex</span> <span class='ocrx_word' id='word_1_151' title='bbox 1897 1131 2043 1168; x_wconf 84' lang='lat' dir='ltr'>decimae</span> <span class='ocrx_word' id='word_1_152' title='bbox 2100 1153 2106 1159; x_wconf 93' lang='lat'>-</span> 
     </span>
    </p>
   </div>
   <div class='ocr_carea' id='block_1_4' title="bbox 501 1183 2045 2729">
    <p class='ocr_par' dir='ltr' id='par_1_7' title="bbox 506 1183 924 1230">
     <span class='ocr_line' id='line_1_18' title="bbox 506 1183 924 1230; baseline 0.005 -14"><span class='ocrx_word' id='word_1_153' title='bbox 506 1183 658 1221; x_wconf 81' lang='lat' dir='ltr'>indictae,</span> <span class='ocrx_word' id='word_1_154' title='bbox 685 1185 746 1218; x_wconf 84' lang='grc'>647</span> <span class='ocrx_word' id='word_1_155' title='bbox 768 1185 784 1218; x_wconf 86' lang='lat' dir='ltr'>b</span> <span class='ocrx_word' id='word_1_156' title='bbox 809 1189 839 1219; x_wconf 89' lang='lat' dir='ltr'>et</span> <span class='ocrx_word' id='word_1_157' title='bbox 862 1196 924 1230; x_wconf 82' lang='lat' dir='ltr'>seq.</span> 
     </span>
    </p>

    <p class='ocr_par' dir='ltr' id='par_1_8' title="bbox 501 1238 2042 1285">
     <span class='ocr_line' id='line_1_19' title="bbox 501 1238 2042 1285; baseline 0.002 -14"><span class='ocrx_word' id='word_1_158' title='bbox 501 1238 630 1272; x_wconf 73' lang='lat' dir='ltr'>carolus</span> <span class='ocrx_word' id='word_1_159' title='bbox 644 1238 667 1271; x_wconf 92' lang='lat' dir='ltr'>V</span> <span class='ocrx_word' id='word_1_160' title='bbox 684 1241 856 1283; x_wconf 88' lang='lat' dir='ltr'>imperator</span> <span class='ocrx_word' id='word_1_161' title='bbox 868 1241 1093 1274; x_wconf 80' lang='lat' dir='ltr'>investituram</span> <span class='ocrx_word' id='word_1_162' title='bbox 1108 1240 1201 1283; x_wconf 85' lang='lat' dir='ltr'>regni</span> <span class='ocrx_word' id='word_1_163' title='bbox 1217 1238 1345 1274; x_wconf 87' lang='lat' dir='ltr'>Siciliae</span> <span class='ocrx_word' id='word_1_164' title='bbox 1361 1248 1379 1273; x_wconf 92' lang='lat' dir='ltr'>a</span> <span class='ocrx_word' id='word_1_165' title='bbox 1396 1238 1501 1273; x_wconf 87' lang='lat' dir='ltr'>Leone</span> <span class='ocrx_word' id='word_1_166' title='bbox 1514 1239 1599 1283; x_wconf 86' lang='lat' dir='ltr'>Papa</span> <span class='ocrx_word' id='word_1_167' title='bbox 1616 1239 1641 1273; x_wconf 90' lang='lat' dir='ltr'>X</span> <span class='ocrx_word' id='word_1_168' title='bbox 1659 1239 1789 1282; x_wconf 86' lang='lat' dir='ltr'>obtinet,</span> <span class='ocrx_word' id='word_1_169' title='bbox 1807 1240 1872 1274; x_wconf 80' lang='lat'>629</span> <span class='ocrx_word' id='word_1_170' title='bbox 1890 1250 1910 1274; x_wconf 86' lang='lat' dir='ltr'>a</span> <span class='ocrx_word' id='word_1_171' title='bbox 1927 1244 1957 1274; x_wconf 88' lang='lat' dir='ltr'>et</span> <span class='ocrx_word' id='word_1_172' title='bbox 1980 1251 2042 1285; x_wconf 81' lang='lat' dir='ltr'>seq.</span> 
     </span>
    </p>

    <p class='ocr_par' dir='ltr' id='par_1_9' title="bbox 501 1290 2044 1388">
     <span class='ocr_line' id='line_1_20' title="bbox 501 1290 2044 1339; baseline 0.003 -15"><span class='ocrx_word' id='word_1_173' title='bbox 501 1290 752 1326; x_wconf 83' lang='lat' dir='ltr'>Carthusienses.</span> <span class='ocrx_word' id='word_1_174' title='bbox 777 1292 894 1326; x_wconf 81' lang='lat' dir='ltr'>nsdem</span> <span class='ocrx_word' id='word_1_175' title='bbox 919 1293 1067 1328; x_wconf 84' lang='lat' dir='ltr'>fruuntur</span> <span class='ocrx_word' id='word_1_176' title='bbox 1099 1292 1278 1337; x_wconf 87' lang='lat' dir='ltr'>privilegiis</span> <span class='ocrx_word' id='word_1_177' title='bbox 1303 1296 1397 1338; x_wconf 89' lang='lat' dir='ltr'>atque</span> <span class='ocrx_word' id='word_1_178' title='bbox 1417 1293 1684 1336; x_wconf 89' lang='lat' dir='ltr'>immunitatibus,</span> <span class='ocrx_word' id='word_1_179' title='bbox 1709 1303 1792 1339; x_wconf 89' lang='lat' dir='ltr'>quae</span> <span class='ocrx_word' id='word_1_180' title='bbox 1816 1295 1932 1329; x_wconf 86' lang='lat' dir='ltr'>ceteris</span> <span class='ocrx_word' id='word_1_181' title='bbox 1956 1293 2044 1328; x_wconf 88' lang='lat' dir='ltr'>Men-</span> 
     </span>
     <span class='ocr_line' id='line_1_21' title="bbox 589 1345 1397 1388; baseline 0 -9"><span class='ocrx_word' id='word_1_182' title='bbox 589 1346 763 1381; x_wconf 87' lang='lat' dir='ltr'>dicantium</span> <span class='ocrx_word' id='word_1_183' title='bbox 788 1345 965 1382; x_wconf 89' lang='lat' dir='ltr'>Ordinibus</span> <span class='ocrx_word' id='word_1_184' title='bbox 991 1356 1144 1381; x_wconf 88' lang='lat' dir='ltr'>concessa</span> <span class='ocrx_word' id='word_1_185' title='bbox 1168 1349 1251 1388; x_wconf 83' lang='lat' dir='ltr'>sunt,</span> <span class='ocrx_word' id='word_1_186' title='bbox 1282 1347 1346 1381; x_wconf 83' lang='lat'>786</span> <span class='ocrx_word' id='word_1_187' title='bbox 1367 1357 1397 1379; x_wconf 85' lang='grc' dir='ltr'>α.</span> 
     </span>
    </p>

    <p class='ocr_par' dir='ltr' id='par_1_10' title="bbox 502 1398 2045 1553">
     <span class='ocr_line' id='line_1_22' title="bbox 502 1398 2045 1445; baseline 0.001 -15"><span class='ocrx_word' id='word_1_188' title='bbox 502 1399 735 1434; x_wconf 68' lang='lat' dir='ltr'>cenetensibus</span> <span class='ocrx_word' id='word_1_189' title='bbox 752 1401 899 1443; x_wconf 84' lang='lat' dir='ltr'>vetitum,</span> <span class='ocrx_word' id='word_1_190' title='bbox 918 1402 1088 1445; x_wconf 86' lang='lat' dir='ltr'>quominus</span> <span class='ocrx_word' id='word_1_191' title='bbox 1105 1399 1282 1445; x_wconf 87' lang='lat' dir='ltr'>quidquam</span> <span class='ocrx_word' id='word_1_192' title='bbox 1298 1403 1407 1434; x_wconf 86' lang='lat' dir='ltr'>contra</span> <span class='ocrx_word' id='word_1_193' title='bbox 1424 1401 1493 1433; x_wconf 88' lang='lat' dir='ltr'>iura</span> <span class='ocrx_word' id='word_1_194' title='bbox 1517 1400 1566 1433; x_wconf 91' lang='lat' dir='ltr'>sui</span> <span class='ocrx_word' id='word_1_195' title='bbox 1591 1399 1734 1443; x_wconf 89' lang='lat' dir='ltr'>episcopi</span> <span class='ocrx_word' id='word_1_196' title='bbox 1759 1401 1791 1433; x_wconf 92' lang='lat' dir='ltr'>in</span> <span class='ocrx_word' id='word_1_197' title='bbox 1815 1398 2045 1443; x_wconf 86' lang='lat' dir='ltr'>temporalibus</span> 
     </span>
     <span class='ocr_line' id='line_1_23' title="bbox 587 1452 2044 1499; baseline -0.001 -12"><span class='ocrx_word' id='word_1_198' title='bbox 587 1457 725 1496; x_wconf 87' lang='lat' dir='ltr'>tentent,</span> <span class='ocrx_word' id='word_1_199' title='bbox 752 1454 811 1488; x_wconf 75' lang='lat'>241</span> <span class='ocrx_word' id='word_1_200' title='bbox 839 1465 860 1487; x_wconf 84' lang='lat' dir='ltr'>a</span> <span class='ocrx_word' id='word_1_201' title='bbox 882 1464 944 1499; x_wconf 84' lang='lat' dir='ltr'>seq.</span> <span class='ocrx_word' id='word_1_202' title='bbox 969 1453 1115 1488; x_wconf 83' lang='lat' dir='ltr'>Monetur</span> <span class='ocrx_word' id='word_1_203' title='bbox 1140 1455 1327 1498; x_wconf 82' lang='lat' dir='ltr'>episcopus,</span> <span class='ocrx_word' id='word_1_204' title='bbox 1354 1463 1394 1487; x_wconf 92' lang='lat' dir='ltr'>ne</span> <span class='ocrx_word' id='word_1_205' title='bbox 1427 1453 1505 1499; x_wconf 90' lang='lat' dir='ltr'>quid</span> <span class='ocrx_word' id='word_1_206' title='bbox 1530 1453 1574 1497; x_wconf 71' lang='lat' dir='ltr'>{in</span> <span class='ocrx_word' id='word_1_207' title='bbox 1599 1461 1678 1487; x_wconf 89' lang='lat' dir='ltr'>suae</span> <span class='ocrx_word' id='word_1_208' title='bbox 1703 1452 1860 1487; x_wconf 87' lang='lat' dir='ltr'>ecclesiae</span> <span class='ocrx_word' id='word_1_209' title='bbox 1886 1456 1917 1487; x_wconf 89' lang='lat' dir='ltr'>et</span> <span class='ocrx_word' id='word_1_210' title='bbox 1951 1452 2044 1487; x_wconf 83' lang='lat' dir='ltr'>Sedis</span> 
     </span>
     <span class='ocr_line' id='line_1_24' title="bbox 592 1506 1512 1553; baseline -0.002 -11"><span class='ocrx_word' id='word_1_211' title='bbox 592 1509 794 1552; x_wconf 88' lang='lat' dir='ltr'>Apostolicae</span> <span class='ocrx_word' id='word_1_212' title='bbox 818 1508 1053 1553; x_wconf 88' lang='lat' dir='ltr'>praeiudicium</span> <span class='ocrx_word' id='word_1_213' title='bbox 1079 1508 1194 1542; x_wconf 87' lang='lat' dir='ltr'>tentari</span> <span class='ocrx_word' id='word_1_214' title='bbox 1214 1508 1368 1551; x_wconf 87' lang='lat' dir='ltr'>patiatur,</span> <span class='ocrx_word' id='word_1_215' title='bbox 1395 1506 1457 1540; x_wconf 79' lang='lat'>270</span> <span class='ocrx_word' id='word_1_216' title='bbox 1482 1516 1512 1539; x_wconf 84' lang='lat' dir='ltr'>a.</span> 
     </span>
    </p>

    <p class='ocr_par' dir='ltr' id='par_1_11' title="bbox 503 1560 1967 1606">
     <span class='ocr_line' id='line_1_25' title="bbox 503 1560 1967 1606; baseline -0.001 -10"><span class='ocrx_word' id='word_1_217' title='bbox 503 1562 688 1596; x_wconf 73' lang='lat' dir='ltr'>Cenetensis</span> <span class='ocrx_word' id='word_1_218' title='bbox 714 1563 856 1606; x_wconf 86' lang='lat' dir='ltr'>episcopi</span> <span class='ocrx_word' id='word_1_219' title='bbox 881 1562 1058 1596; x_wconf 89' lang='lat' dir='ltr'>dominium</span> <span class='ocrx_word' id='word_1_220' title='bbox 1084 1563 1116 1595; x_wconf 93' lang='grc'>111</span> <span class='ocrx_word' id='word_1_221' title='bbox 1142 1560 1221 1595; x_wconf 90' lang='lat' dir='ltr'>urbe</span> <span class='ocrx_word' id='word_1_222' title='bbox 1245 1560 1417 1595; x_wconf 89' lang='lat' dir='ltr'>Cenetensi</span> <span class='ocrx_word' id='word_1_223' title='bbox 1443 1561 1506 1595; x_wconf 71' lang='lat'>240</span> <span class='ocrx_word' id='word_1_224' title='bbox 1526 1571 1555 1602; x_wconf 82' lang='lat' dir='ltr'>a,</span> <span class='ocrx_word' id='word_1_225' title='bbox 1575 1560 1638 1595; x_wconf 77' lang='lat'>268</span> <span class='ocrx_word' id='word_1_226' title='bbox 1658 1571 1687 1603; x_wconf 85' lang='lat' dir='ltr'>a,</span> <span class='ocrx_word' id='word_1_227' title='bbox 1714 1560 1777 1595; x_wconf 80' lang='lat'>270</span> <span class='ocrx_word' id='word_1_228' title='bbox 1798 1560 1824 1603; x_wconf 88' lang='lat' dir='ltr'>b,</span> <span class='ocrx_word' id='word_1_229' title='bbox 1852 1561 1915 1595; x_wconf 90' lang='lat'>444</span> <span class='ocrx_word' id='word_1_230' title='bbox 1938 1571 1967 1594; x_wconf 84' lang='lat' dir='ltr'>a.</span> 
     </span>
    </p>

    <p class='ocr_par' dir='ltr' id='par_1_12' title="bbox 503 1614 2043 1660">
     <span class='ocr_line' id='line_1_26' title="bbox 503 1614 2043 1660; baseline -0.001 -11"><span class='ocrx_word' id='word_1_231' title='bbox 503 1616 670 1650; x_wconf 84' lang='lat' dir='ltr'>Cenetensi</span> <span class='ocrx_word' id='word_1_232' title='bbox 692 1615 824 1660; x_wconf 80' lang='lat' dir='ltr'>(datium</span> <span class='ocrx_word' id='word_1_233' title='bbox 849 1617 993 1650; x_wconf 87' lang='lat' dir='ltr'>macinae</span> <span class='ocrx_word' id='word_1_234' title='bbox 1018 1615 1102 1659; x_wconf 90' lang='lat' dir='ltr'>urbi)</span> <span class='ocrx_word' id='word_1_235' title='bbox 1135 1617 1318 1660; x_wconf 89' lang='lat' dir='ltr'>impositum</span> <span class='ocrx_word' id='word_1_236' title='bbox 1344 1624 1361 1649; x_wconf 90' lang='lat' dir='ltr'>a</span> <span class='ocrx_word' id='word_1_237' title='bbox 1386 1615 1504 1650; x_wconf 84' lang='lat' dir='ltr'>Senatu</span> <span class='ocrx_word' id='word_1_238' title='bbox 1528 1614 1647 1650; x_wconf 85' lang='lat' dir='ltr'>Veneto</span> <span class='ocrx_word' id='word_1_239' title='bbox 1671 1616 1814 1652; x_wconf 86' lang='lat' dir='ltr'>irritatur</span> <span class='ocrx_word' id='word_1_240' title='bbox 1838 1624 1855 1649; x_wconf 87' lang='lat' dir='ltr'>a</span> <span class='ocrx_word' id='word_1_241' title='bbox 1879 1614 1976 1650; x_wconf 87' lang='lat' dir='ltr'>Paulo</span> <span class='ocrx_word' id='word_1_242' title='bbox 2000 1614 2043 1657; x_wconf 84' lang='lat' dir='ltr'>V,</span> 
     </span>
    </p>

    <p class='ocr_par' dir='ltr' id='par_1_13' title="bbox 502 1722 2045 1822">
     <span class='ocr_line' id='line_1_27' title="bbox 502 1722 2045 1767; baseline -0.001 -9"><span class='ocrx_word' id='word_1_243' title='bbox 502 1723 627 1765; x_wconf 86' lang='lat' dir='ltr'>Ceulae,</span> <span class='ocrx_word' id='word_1_244' title='bbox 651 1723 807 1766; x_wconf 86' lang='lat' dir='ltr'>Mutellae,</span> <span class='ocrx_word' id='word_1_245' title='bbox 832 1724 970 1767; x_wconf 83' lang='lat' dir='ltr'>Cersolii‚</span> <span class='ocrx_word' id='word_1_246' title='bbox 994 1724 1143 1758; x_wconf 84' lang='lat' dir='ltr'>Fenoculi</span> <span class='ocrx_word' id='word_1_247' title='bbox 1169 1728 1200 1758; x_wconf 89' lang='lat' dir='ltr'>et</span> <span class='ocrx_word' id='word_1_248' title='bbox 1223 1723 1313 1758; x_wconf 87' lang='lat' dir='ltr'>Putei</span> <span class='ocrx_word' id='word_1_249' title='bbox 1339 1728 1440 1758; x_wconf 86' lang='lat' dir='ltr'>castra</span> <span class='ocrx_word' id='word_1_250' title='bbox 1467 1725 1498 1758; x_wconf 92' lang='lat' dir='ltr'>in</span> <span class='ocrx_word' id='word_1_251' title='bbox 1523 1726 1673 1759; x_wconf 88' lang='lat' dir='ltr'>comitatu</span> <span class='ocrx_word' id='word_1_252' title='bbox 1697 1722 1848 1759; x_wconf 88' lang='lat' dir='ltr'>Bobiensi</span> <span class='ocrx_word' id='word_1_253' title='bbox 1878 1723 1918 1758; x_wconf 92' lang='lat' dir='ltr'>ad</span> <span class='ocrx_word' id='word_1_254' title='bbox 1943 1731 2045 1758; x_wconf 86' lang='lat' dir='ltr'>came-</span> 
     </span>
     <span class='ocr_line' id='line_1_28' title="bbox 591 1777 1404 1822; baseline 0 -12"><span class='ocrx_word' id='word_1_255' title='bbox 591 1787 656 1811; x_wconf 90' lang='lat' dir='ltr'>ram</span> <span class='ocrx_word' id='word_1_256' title='bbox 680 1780 884 1822; x_wconf 90' lang='lat' dir='ltr'>apostolicam</span> <span class='ocrx_word' id='word_1_257' title='bbox 909 1779 1120 1822; x_wconf 88' lang='lat' dir='ltr'>pertinentia,</span> <span class='ocrx_word' id='word_1_258' title='bbox 1146 1778 1186 1811; x_wconf 83' lang='lat'>19</span> <span class='ocrx_word' id='word_1_259' title='bbox 1211 1788 1230 1810; x_wconf 84' lang='lat' dir='ltr'>a</span> <span class='ocrx_word' id='word_1_260' title='bbox 1254 1781 1286 1811; x_wconf 88' lang='lat' dir='ltr'>ct</span> <span class='ocrx_word' id='word_1_261' title='bbox 1311 1777 1351 1811; x_wconf 78' lang='lat'>28</span> <span class='ocrx_word' id='word_1_262' title='bbox 1375 1777 1404 1810; x_wconf 86' lang='lat' dir='ltr'>b.</span> 
     </span>
    </p>

    <p class='ocr_par' dir='ltr' id='par_1_14' title="bbox 503 1829 2045 1981">
     <span class='ocr_line' id='line_1_29' title="bbox 503 1829 2045 1873; baseline 0.001 -9"><span class='ocrx_word' id='word_1_263' title='bbox 503 1829 670 1865; x_wconf 87' lang='lat' dir='ltr'>Charitatis</span> <span class='ocrx_word' id='word_1_264' title='bbox 695 1832 1026 1866; x_wconf 81' lang='lat' dir='ltr'>archicontraternitas</span> <span class='ocrx_word' id='word_1_265' title='bbox 1051 1831 1169 1866; x_wconf 86' lang='lat' dir='ltr'>Romae</span> <span class='ocrx_word' id='word_1_266' title='bbox 1193 1835 1309 1873; x_wconf 81' lang='lat' dir='ltr'>erecta,</span> <span class='ocrx_word' id='word_1_267' title='bbox 1334 1831 1399 1866; x_wconf 89' lang='lat'>738</span> <span class='ocrx_word' id='word_1_268' title='bbox 1425 1832 1452 1865; x_wconf 88' lang='lat' dir='ltr'>b.</span> <span class='ocrx_word' id='word_1_269' title='bbox 1477 1831 1694 1866; x_wconf 90' lang='lat' dir='ltr'>Commissarii</span> <span class='ocrx_word' id='word_1_270' title='bbox 1719 1830 1838 1866; x_wconf 90' lang='lat' dir='ltr'>debent</span> <span class='ocrx_word' id='word_1_271' title='bbox 1862 1832 1932 1866; x_wconf 88' lang='lat' dir='ltr'>eius</span> <span class='ocrx_word' id='word_1_272' title='bbox 1957 1834 2045 1866; x_wconf 84' lang='lat' dir='ltr'>nota-</span> 
     </span>
     <span class='ocr_line' id='line_1_30' title="bbox 590 1882 2043 1929; baseline -0.001 -10"><span class='ocrx_word' id='word_1_273' title='bbox 590 1886 672 1919; x_wconf 91' lang='lat' dir='ltr'>rium</span> <span class='ocrx_word' id='word_1_274' title='bbox 707 1895 885 1929; x_wconf 76' lang='lat' dir='ltr'>assumere,</span> <span class='ocrx_word' id='word_1_275' title='bbox 925 1886 1003 1919; x_wconf 72' lang='lat' dir='ltr'>ibid.</span> <span class='ocrx_word' id='word_1_276' title='bbox 1029 1885 1157 1920; x_wconf 86' lang='lat' dir='ltr'>Gratiae</span> <span class='ocrx_word' id='word_1_277' title='bbox 1182 1886 1300 1929; x_wconf 88' lang='lat' dir='ltr'>pariter</span> <span class='ocrx_word' id='word_1_278' title='bbox 1331 1893 1461 1927; x_wconf 87' lang='lat' dir='ltr'>omnes,</span> <span class='ocrx_word' id='word_1_279' title='bbox 1485 1883 1756 1927; x_wconf 88' lang='lat' dir='ltr'>salviconductus‚</span> <span class='ocrx_word' id='word_1_280' title='bbox 1781 1887 1841 1919; x_wconf 85' lang='lat' dir='ltr'>etc.</span> <span class='ocrx_word' id='word_1_281' title='bbox 1866 1882 1906 1918; x_wconf 87' lang='lat' dir='ltr'>ab</span> <span class='ocrx_word' id='word_1_282' title='bbox 1931 1882 2043 1918; x_wconf 85' lang='lat' dir='ltr'>eodem</span> 
     </span>
     <span class='ocr_line' id='line_1_31' title="bbox 592 1939 901 1981; baseline 0.003 -10"><span class='ocrx_word' id='word_1_283' title='bbox 592 1939 765 1981; x_wconf 87' lang='lat' dir='ltr'>registrari,</span> <span class='ocrx_word' id='word_1_284' title='bbox 791 1940 854 1973; x_wconf 86' lang='grc'>739</span> <span class='ocrx_word' id='word_1_285' title='bbox 872 1950 901 1972; x_wconf 81' lang='grc' dir='ltr'>α.</span> 
     </span>
    </p>

    <p class='ocr_par' dir='ltr' id='par_1_15' title="bbox 505 1989 2045 2302">
     <span class='ocr_line' id='line_1_32' title="bbox 505 1989 2042 2037; baseline 0.001 -13"><span class='ocrx_word' id='word_1_286' title='bbox 505 1991 761 2026; x_wconf 79' lang='lat' dir='ltr'>Cisterciensium</span> <span class='ocrx_word' id='word_1_287' title='bbox 785 1992 872 2028; x_wconf 88' lang='lat' dir='ltr'>Ordo</span> <span class='ocrx_word' id='word_1_288' title='bbox 893 1993 922 2027; x_wconf 91' lang='lat' dir='ltr'>S.</span> <span class='ocrx_word' id='word_1_289' title='bbox 940 1993 1092 2027; x_wconf 83' lang='lat' dir='ltr'>Bernardi</span> <span class='ocrx_word' id='word_1_290' title='bbox 1109 1993 1373 2037; x_wconf 88' lang='lat' dir='ltr'>Congregationis</span> <span class='ocrx_word' id='word_1_291' title='bbox 1389 1990 1498 2026; x_wconf 88' lang='lat' dir='ltr'>ltaliae</span> <span class='ocrx_word' id='word_1_292' title='bbox 1517 1991 1580 2025; x_wconf 76' lang='lat'>202</span> <span class='ocrx_word' id='word_1_293' title='bbox 1601 1990 1628 2025; x_wconf 87' lang='lat' dir='ltr'>b.</span> <span class='ocrx_word' id='word_1_294' title='bbox 1647 1989 1794 2025; x_wconf 80' lang='lat' dir='ltr'>Ambitus</span> <span class='ocrx_word' id='word_1_295' title='bbox 1817 1989 2042 2025; x_wconf 86' lang='lat' dir='ltr'>monachorum</span> 
     </span>
     <span class='ocr_line' id='line_1_33' title="bbox 591 2043 2044 2091; baseline 0.001 -14"><span class='ocrx_word' id='word_1_296' title='bbox 591 2044 675 2078; x_wconf 72' lang='lat' dir='ltr'>illius</span> <span class='ocrx_word' id='word_1_297' title='bbox 699 2047 893 2089; x_wconf 87' lang='lat' dir='ltr'>reprimitur,</span> <span class='ocrx_word' id='word_1_298' title='bbox 919 2046 981 2080; x_wconf 78' lang='lat'>203</span> <span class='ocrx_word' id='word_1_299' title='bbox 1008 2050 1039 2080; x_wconf 92' lang='lat' dir='ltr'>et</span> <span class='ocrx_word' id='word_1_300' title='bbox 1062 2057 1123 2091; x_wconf 81' lang='lat' dir='ltr'>seq.</span> <span class='ocrx_word' id='word_1_301' title='bbox 1150 2046 1362 2090; x_wconf 86' lang='lat' dir='ltr'>Congregatio</span> <span class='ocrx_word' id='word_1_302' title='bbox 1396 2055 1453 2090; x_wconf 85' lang='lat' dir='ltr'>pro</span> <span class='ocrx_word' id='word_1_303' title='bbox 1483 2046 1685 2079; x_wconf 89' lang='lat' dir='ltr'>monasteriis</span> <span class='ocrx_word' id='word_1_304' title='bbox 1720 2054 1894 2089; x_wconf 87' lang='lat' dir='ltr'>regnorum</span> <span class='ocrx_word' id='word_1_305' title='bbox 1922 2043 2044 2088; x_wconf 88' lang='lat' dir='ltr'>Arago-</span> 
     </span>
     <span class='ocr_line' id='line_1_34' title="bbox 592 2096 2043 2142; baseline 0.001 -12"><span class='ocrx_word' id='word_1_306' title='bbox 592 2099 673 2139; x_wconf 87' lang='lat' dir='ltr'>niae,</span> <span class='ocrx_word' id='word_1_307' title='bbox 696 2097 868 2141; x_wconf 65' lang='lat' dir='ltr'>Valentiam,</span> <span class='ocrx_word' id='word_1_308' title='bbox 888 2099 1130 2141; x_wconf 77' lang='lat' dir='ltr'>Maior-icarum,</span> <span class='ocrx_word' id='word_1_309' title='bbox 1152 2099 1358 2134; x_wconf 85' lang='lat' dir='ltr'>Cathaloniae</span> <span class='ocrx_word' id='word_1_310' title='bbox 1381 2102 1413 2132; x_wconf 87' lang='lat' dir='ltr'>et</span> <span class='ocrx_word' id='word_1_311' title='bbox 1441 2097 1602 2132; x_wconf 83' lang='lat' dir='ltr'>Navarrac</span> <span class='ocrx_word' id='word_1_312' title='bbox 1623 2099 1782 2140; x_wconf 87' lang='lat' dir='ltr'>instituta,</span> <span class='ocrx_word' id='word_1_313' title='bbox 1800 2097 1863 2132; x_wconf 85' lang='lat'>347</span> <span class='ocrx_word' id='word_1_314' title='bbox 1888 2108 1951 2142; x_wconf 81' lang='lat' dir='ltr'>seq.</span> <span class='ocrx_word' id='word_1_315' title='bbox 1977 2096 2043 2132; x_wconf 91' lang='lat' dir='ltr'>Sub</span> 
     </span>
     <span class='ocr_line' id='line_1_35' title="bbox 592 2150 2044 2196; baseline 0 -12"><span class='ocrx_word' id='word_1_316' title='bbox 592 2150 775 2186; x_wconf 87' lang='lat' dir='ltr'>obedientia</span> <span class='ocrx_word' id='word_1_317' title='bbox 793 2157 898 2186; x_wconf 84' lang='lat' dir='ltr'>tamen</span> <span class='ocrx_word' id='word_1_318' title='bbox 919 2152 1043 2187; x_wconf 89' lang='lat' dir='ltr'>abbatis</span> <span class='ocrx_word' id='word_1_319' title='bbox 1059 2153 1218 2196; x_wconf 80' lang='lat' dir='ltr'>generalis</span> <span class='ocrx_word' id='word_1_320' title='bbox 1235 2151 1395 2193; x_wconf 84' lang='lat' dir='ltr'>Cistercii,</span> <span class='ocrx_word' id='word_1_321' title='bbox 1417 2151 1480 2185; x_wconf 83' lang='lat'>348</span> <span class='ocrx_word' id='word_1_322' title='bbox 1502 2162 1532 2184; x_wconf 88' lang='lat' dir='ltr'>a.</span> <span class='ocrx_word' id='word_1_323' title='bbox 1553 2151 1658 2196; x_wconf 90' lang='lat' dir='ltr'>Atque</span> <span class='ocrx_word' id='word_1_324' title='bbox 1683 2152 1779 2185; x_wconf 90' lang='lat' dir='ltr'>etiam</span> <span class='ocrx_word' id='word_1_325' title='bbox 1799 2152 1929 2196; x_wconf 89' lang='lat' dir='ltr'>capituli</span> <span class='ocrx_word' id='word_1_326' title='bbox 1949 2159 2044 2195; x_wconf 88' lang='lat' dir='ltr'>gene-</span> 
     </span>
     <span class='ocr_line' id='line_1_36' title="bbox 592 2203 2045 2250; baseline 0.001 -14"><span class='ocrx_word' id='word_1_327' title='bbox 592 2203 685 2246; x_wconf 87' lang='lat' dir='ltr'>ralis,</span> <span class='ocrx_word' id='word_1_328' title='bbox 712 2204 915 2240; x_wconf 67' lang='lat' dir='ltr'>ibidStatuta</span> <span class='ocrx_word' id='word_1_329' title='bbox 944 2205 984 2240; x_wconf 89' lang='lat' dir='ltr'>ab</span> <span class='ocrx_word' id='word_1_330' title='bbox 1008 2206 1190 2240; x_wconf 86' lang='lat' dir='ltr'>huiusmodi</span> <span class='ocrx_word' id='word_1_331' title='bbox 1222 2205 1479 2249; x_wconf 82' lang='lat' dir='ltr'>Congregatione</span> <span class='ocrx_word' id='word_1_332' title='bbox 1509 2205 1678 2248; x_wconf 85' lang='lat' dir='ltr'>servanda,</span> <span class='ocrx_word' id='word_1_333' title='bbox 1704 2205 1767 2239; x_wconf 84' lang='lat'>348</span> <span class='ocrx_word' id='word_1_334' title='bbox 1784 2215 1805 2238; x_wconf 86' lang='grc' dir='ltr'><em>α</em></span> <span class='ocrx_word' id='word_1_335' title='bbox 1821 2208 1852 2240; x_wconf 88' lang='lat' dir='ltr'>et</span> <span class='ocrx_word' id='word_1_336' title='bbox 1873 2215 1935 2250; x_wconf 80' lang='lat' dir='ltr'>seq.</span> <span class='ocrx_word' id='word_1_337' title='bbox 1967 2203 2045 2238; x_wconf 76' lang='lat' dir='ltr'>Vide</span> 
     </span>
     <span class='ocr_line' id='line_1_37' title="bbox 591 2256 1167 2302; baseline 0.009 -14"><span class='ocrx_word' id='word_1_338' title='bbox 591 2256 685 2289; x_wconf 78' lang='lat' dir='ltr'>etiam</span> <span class='ocrx_word' id='word_1_339' title='bbox 711 2258 741 2291; x_wconf 91' lang='lat' dir='ltr'>S.</span> <span class='ocrx_word' id='word_1_340' title='bbox 765 2257 917 2292; x_wconf 84' lang='lat' dir='ltr'>Bernardi</span> <span class='ocrx_word' id='word_1_341' title='bbox 944 2258 1167 2302; x_wconf 78' lang='lat' dir='ltr'>Congregatio.</span> 
     </span>
    </p>

    <p class='ocr_par' dir='ltr' id='par_1_16' title="bbox 503 2309 2043 2409">
     <span class='ocr_line' id='line_1_38' title="bbox 503 2309 2043 2356; baseline 0.001 -13"><span class='ocrx_word' id='word_1_342' title='bbox 503 2309 646 2344; x_wconf 86' lang='lat' dir='ltr'>Civitatis</span> <span class='ocrx_word' id='word_1_343' title='bbox 671 2310 792 2355; x_wconf 83' lang='lat' dir='ltr'>Regum</span> <span class='ocrx_word' id='word_1_344' title='bbox 818 2312 1059 2356; x_wconf 82' lang='lat' dir='ltr'>archiepiscopo</span> <span class='ocrx_word' id='word_1_345' title='bbox 1084 2311 1267 2355; x_wconf 83' lang='lat' dir='ltr'>indulgetur</span> <span class='ocrx_word' id='word_1_346' title='bbox 1285 2314 1318 2345; x_wconf 94' lang='lat' dir='ltr'>ut</span> <span class='ocrx_word' id='word_1_347' title='bbox 1342 2311 1469 2345; x_wconf 88' lang='lat' dir='ltr'>concilii</span> <span class='ocrx_word' id='word_1_348' title='bbox 1489 2312 1696 2356; x_wconf 85' lang='lat' dir='ltr'>provincialis</span> <span class='ocrx_word' id='word_1_349' title='bbox 1714 2311 1964 2346; x_wconf 86' lang='lat' dir='ltr'>celebrationem</span> <span class='ocrx_word' id='word_1_350' title='bbox 1985 2309 2043 2345; x_wconf 82' lang='lat' dir='ltr'>dit-</span> 
     </span>
     <span class='ocr_line' id='line_1_39' title="bbox 593 2363 1923 2409; baseline 0.002 -13"><span class='ocrx_word' id='word_1_351' title='bbox 593 2363 671 2397; x_wconf 86' lang='lat' dir='ltr'>serat</span> <span class='ocrx_word' id='word_1_352' title='bbox 688 2363 727 2397; x_wconf 88' lang='lat' dir='ltr'>ad</span> <span class='ocrx_word' id='word_1_353' title='bbox 752 2364 922 2399; x_wconf 83' lang='lat' dir='ltr'>duodecim</span> <span class='ocrx_word' id='word_1_354' title='bbox 947 2376 1057 2407; x_wconf 73' lang='lat' dir='ltr'>annos,</span> <span class='ocrx_word' id='word_1_355' title='bbox 1085 2366 1144 2399; x_wconf 87' lang='grc'>311</span> <span class='ocrx_word' id='word_1_356' title='bbox 1173 2365 1200 2398; x_wconf 84' lang='lat' dir='ltr'>b.</span> <span class='ocrx_word' id='word_1_357' title='bbox 1920 2406 1923 2409; x_wconf 27' lang='lat' dir='ltr'><em>s</em></span> 
     </span>
    </p>

    <p class='ocr_par' dir='ltr' id='par_1_17' title="bbox 509 2415 2044 2571">
     <span class='ocr_line' id='line_1_40' title="bbox 509 2415 2043 2456; baseline 0.003 -8"><span class='ocrx_word' id='word_1_358' title='bbox 509 2415 597 2449; x_wconf 84' lang='lat' dir='ltr'>Clara</span> <span class='ocrx_word' id='word_1_359' title='bbox 621 2416 661 2450; x_wconf 91' lang='lat' dir='ltr'>de</span> <span class='ocrx_word' id='word_1_360' title='bbox 685 2417 824 2451; x_wconf 84' lang='lat' dir='ltr'>Perusiis</span> <span class='ocrx_word' id='word_1_361' title='bbox 849 2419 911 2452; x_wconf 90' lang='grc'>179</span> <span class='ocrx_word' id='word_1_362' title='bbox 942 2419 970 2456; x_wconf 78' lang='lat' dir='ltr'>b,-</span> <span class='ocrx_word' id='word_1_363' title='bbox 1003 2423 1142 2453; x_wconf 80' lang='lat' dir='ltr'>castrum</span> <span class='ocrx_word' id='word_1_364' title='bbox 1176 2418 1301 2452; x_wconf 78' lang='lat' dir='ltr'>teudale</span> <span class='ocrx_word' id='word_1_365' title='bbox 1335 2418 1540 2454; x_wconf 85' lang='lat' dir='ltr'>Vallisclusae</span> <span class='ocrx_word' id='word_1_366' title='bbox 1572 2419 1799 2454; x_wconf 79' lang='lat' dir='ltr'>Cavallicensis</span> <span class='ocrx_word' id='word_1_367' title='bbox 1831 2420 1863 2452; x_wconf 92' lang='lat' dir='ltr'>in</span> <span class='ocrx_word' id='word_1_368' title='bbox 1895 2418 2043 2452; x_wconf 86' lang='lat' dir='ltr'>comitatu</span> 
     </span>
     <span class='ocr_line' id='line_1_41' title="bbox 593 2469 2044 2517; baseline 0.001 -14"><span class='ocrx_word' id='word_1_369' title='bbox 593 2469 792 2514; x_wconf 66' lang='lat' dir='ltr'>Venayssino</span> <span class='ocrx_word' id='word_1_370' title='bbox 822 2476 958 2514; x_wconf 85' lang='lat' dir='ltr'>emerat,</span> <span class='ocrx_word' id='word_1_371' title='bbox 987 2472 1085 2512; x_wconf 78' lang='lat' dir='ltr'>ibid.;</span> <span class='ocrx_word' id='word_1_372' title='bbox 1111 2477 1220 2517; x_wconf 85' lang='lat' dir='ltr'>postea</span> <span class='ocrx_word' id='word_1_373' title='bbox 1245 2473 1329 2507; x_wconf 91' lang='lat' dir='ltr'>illius</span> <span class='ocrx_word' id='word_1_374' title='bbox 1351 2474 1572 2507; x_wconf 79' lang='lat' dir='ltr'>investituram</span> <span class='ocrx_word' id='word_1_375' title='bbox 1597 2482 1615 2507; x_wconf 90' lang='lat' dir='ltr'>a</span> <span class='ocrx_word' id='word_1_376' title='bbox 1639 2474 1790 2508; x_wconf 83' lang='lat' dir='ltr'>Pontifice</span> <span class='ocrx_word' id='word_1_377' title='bbox 1814 2473 1893 2516; x_wconf 87' lang='lat' dir='ltr'>petit</span> <span class='ocrx_word' id='word_1_378' title='bbox 1917 2471 1980 2506; x_wconf 87' lang='grc'>180</span> <span class='ocrx_word' id='word_1_379' title='bbox 2005 2481 2044 2507; x_wconf 86' lang='grc' dir='ltr'>α.·</span> 
     </span>
     <span class='ocr_line' id='line_1_42' title="bbox 594 2522 2043 2571; baseline 0.002 -16"><span class='ocrx_word' id='word_1_380' title='bbox 594 2526 625 2556; x_wconf 89' lang='lat' dir='ltr'>et</span> <span class='ocrx_word' id='word_1_381' title='bbox 648 2522 777 2567; x_wconf 87' lang='lat' dir='ltr'>obtinet,</span> <span class='ocrx_word' id='word_1_382' title='bbox 805 2525 866 2558; x_wconf 86' lang='grc'>180</span> <span class='ocrx_word' id='word_1_383' title='bbox 891 2525 917 2558; x_wconf 86' lang='lat' dir='ltr'>b.</span> <span class='ocrx_word' id='word_1_384' title='bbox 944 2526 969 2559; x_wconf 83' lang='grc' dir='ltr'>Α</span> <span class='ocrx_word' id='word_1_385' title='bbox 995 2536 1195 2571; x_wconf 85' lang='lat' dir='ltr'>quacumque</span> <span class='ocrx_word' id='word_1_386' title='bbox 1221 2526 1366 2560; x_wconf 85' lang='lat' dir='ltr'>molestia</span> <span class='ocrx_word' id='word_1_387' title='bbox 1390 2536 1488 2571; x_wconf 90' lang='lat' dir='ltr'>super</span> <span class='ocrx_word' id='word_1_388' title='bbox 1512 2527 1572 2560; x_wconf 91' lang='lat' dir='ltr'>hac</span> <span class='ocrx_word' id='word_1_389' title='bbox 1596 2536 1694 2561; x_wconf 89' lang='lat' dir='ltr'>causa</span> <span class='ocrx_word' id='word_1_390' title='bbox 1717 2525 1912 2568; x_wconf 77' lang='lat' dir='ltr'>detenditur,</span> <span class='ocrx_word' id='word_1_391' title='bbox 1933 2525 1993 2559; x_wconf 88' lang='grc'>181</span> <span class='ocrx_word' id='word_1_392' title='bbox 2014 2525 2043 2558; x_wconf 86' lang='lat' dir='ltr'>b.</span> 
     </span>
    </p>

    <p class='ocr_par' dir='ltr' id='par_1_18' title="bbox 507 2575 2043 2729">
     <span class='ocr_line' id='line_1_43' title="bbox 507 2575 2043 2620; baseline 0.003 -13"><span class='ocrx_word' id='word_1_393' title='bbox 507 2575 649 2608; x_wconf 78' lang='lat' dir='ltr'>Clemens</span> <span class='ocrx_word' id='word_1_394' title='bbox 674 2576 757 2620; x_wconf 87' lang='lat' dir='ltr'>Papa</span> <span class='ocrx_word' id='word_1_395' title='bbox 783 2577 835 2611; x_wconf 90' lang='lat' dir='ltr'>Vll</span> <span class='ocrx_word' id='word_1_396' title='bbox 861 2579 981 2613; x_wconf 82' lang='lat' dir='ltr'>litteras</span> <span class='ocrx_word' id='word_1_397' title='bbox 1006 2580 1127 2614; x_wconf 81' lang='lat' dir='ltr'>Nicolai</span> <span class='ocrx_word' id='word_1_398' title='bbox 1151 2579 1175 2612; x_wconf 89' lang='lat' dir='ltr'>V</span> <span class='ocrx_word' id='word_1_399' title='bbox 1200 2583 1231 2613; x_wconf 92' lang='lat' dir='ltr'>et</span> <span class='ocrx_word' id='word_1_400' title='bbox 1255 2580 1335 2613; x_wconf 73' lang='lat' dir='ltr'>sixti</span> <span class='ocrx_word' id='word_1_401' title='bbox 1353 2579 1394 2614; x_wconf 87' lang='lat' dir='ltr'>lv</span> <span class='ocrx_word' id='word_1_402' title='bbox 1412 2582 1442 2613; x_wconf 92' lang='lat' dir='ltr'>in</span> <span class='ocrx_word' id='word_1_403' title='bbox 1470 2580 1610 2613; x_wconf 81' lang='lat' dir='ltr'>savorem</span> <span class='ocrx_word' id='word_1_404' title='bbox 1636 2580 1852 2613; x_wconf 87' lang='lat' dir='ltr'>universitatis</span> <span class='ocrx_word' id='word_1_405' title='bbox 1876 2578 2043 2612; x_wconf 88' lang='lat' dir='ltr'>Treviren-</span> 
     </span>
     <span class='ocr_line' id='line_1_44' title="bbox 595 2629 2043 2678; baseline 0.002 -16"><span class='ocrx_word' id='word_1_406' title='bbox 595 2629 637 2660; x_wconf 81' lang='lat' dir='ltr'>sis</span> <span class='ocrx_word' id='word_1_407' title='bbox 663 2635 822 2673; x_wconf 77' lang='lat' dir='ltr'>recenset,</span> <span class='ocrx_word' id='word_1_408' title='bbox 849 2632 911 2665; x_wconf 68' lang='lat'>5⁴56</span> <span class='ocrx_word' id='word_1_409' title='bbox 943 2643 961 2665; x_wconf 81' lang='lat' dir='ltr'>a</span> <span class='ocrx_word' id='word_1_410' title='bbox 992 2644 1073 2677; x_wconf 78' lang='lat' dir='ltr'>seq.:</span> <span class='ocrx_word' id='word_1_411' title='bbox 1099 2633 1237 2678; x_wconf 79' lang='lat' dir='ltr'>explicat</span> <span class='ocrx_word' id='word_1_412' title='bbox 1268 2638 1299 2668; x_wconf 90' lang='lat' dir='ltr'>et</span> <span class='ocrx_word' id='word_1_413' title='bbox 1325 2635 1498 2675; x_wconf 75' lang='lat' dir='ltr'>confirmat,</span> <span class='ocrx_word' id='word_1_414' title='bbox 1524 2634 1587 2667; x_wconf 78' lang='lat'>568</span> <span class='ocrx_word' id='word_1_415' title='bbox 1613 2644 1631 2667; x_wconf 86' lang='grc' dir='ltr'><em>α</em></span> <span class='ocrx_word' id='word_1_416' title='bbox 1656 2644 1738 2677; x_wconf 76' lang='lat' dir='ltr'>seq.;</span> <span class='ocrx_word' id='word_1_417' title='bbox 1765 2636 1794 2666; x_wconf 93' lang='lat' dir='ltr'>et</span> <span class='ocrx_word' id='word_1_418' title='bbox 1820 2634 2043 2668; x_wconf 81' lang='lat' dir='ltr'>concessiones</span> 
     </span>
     <span class='ocr_line' id='line_1_45' title="bbox 603 2683 973 2729; baseline 0.011 -15"><span class='ocrx_word' id='word_1_419' title='bbox 603 2685 705 2726; x_wconf 82' lang='lat' dir='ltr'>auget,</span> <span class='ocrx_word' id='word_1_420' title='bbox 730 2683 793 2718; x_wconf 72' lang='lat'>1569</span> <span class='ocrx_word' id='word_1_421' title='bbox 819 2685 836 2716; x_wconf 88' lang='lat' dir='ltr'>b</span> <span class='ocrx_word' id='word_1_422' title='bbox 861 2688 891 2718; x_wconf 87' lang='lat' dir='ltr'>et</span> <span class='ocrx_word' id='word_1_423' title='bbox 913 2695 973 2729; x_wconf 83' lang='lat' dir='ltr'>seq.</span> 
     </span>
    </p>
   </div>
   <div class='ocr_carea' id='block_1_5' title="bbox 2238 0 2293 3231">
    <p class='ocr_par' dir='ltr' id='par_1_19' title="bbox 2238 0 2293 3231">
     <span class='ocr_line' id='line_1_46' title="bbox 2238 0 2293 3231; baseline 0 0"><span class='ocrx_word' id='word_1_424' title='bbox 2238 0 2293 3231; x_wconf 95' lang='lat' dir='ltr'> </span> 
     </span>
    </p>
   </div>
  </div>
 </body>
</html>
