2293 3231
898 257 991 282 mnnx
1018 257 1121 282 annum
1674 244 1735 279 813

249 310 366 348 Mariae
391 309 447 355 (S.)
473 309 512 344 de
535 308 666 343 Ferrara
690 308 932 344 Beneventanae
959 320 1015 344 seu
1047 309 1161 344 nullius
1190 308 1346 343 dioecesis
1378 308 1605 343 monasterium
1630 335 1636 345 .
1664 308 1727 342 746
1755 309 1782 341 b.

338 363 452 399 Contra
475 363 656 397 detentores
680 362 834 397 bonorum
857 364 956 406 ipsius
980 362 1173 403 decernitur,
1200 360 1276 394 ibid.

250 417 366 452 Mariae
393 417 449 460 (S.)
476 416 515 449 de
539 416 692 451 Montcsia
716 417 788 450 vide
811 416 974 450 Montesia.

250 471 380 506 Mariam
405 470 464 514 (B.)
491 470 654 514 Virginem
684 472 715 504 in
744 480 799 504 sua
823 470 1036 514 Conceptione
1069 479 1085 503 a
1111 471 1232 514 peccati
1266 468 1429 512 originalis
1456 469 1579 503 macula
1609 469 1781 502 immunem

338 524 445 566 fuisse,
470 523 519 557 vcl
545 534 561 556 e
586 527 703 565 eontra,
724 524 916 557 affirmantes
940 524 1082 557 haeresis
1107 522 1177 556 labe
1196 524 1296 556 notari
1316 521 1477 566 prohibuit
1497 522 1604 556 Sixtus
1629 521 1714 566 Papa
1731 520 1782 563 IV,

340 577 402 610 356
428 588 457 610 a.
482 576 621 621 Eiusque
647 576 909 611 Constitutionem
932 579 1095 611 innovavit
1112 576 1285 611 Concilium
1304 576 1533 618 Tridentiuum,
1554 576 1615 609 357
1636 575 1662 608 b.
1682 575 1727 609 Ac
1744 574 1783 608 de

337 631 520 665 huiusmodi
544 631 674 665 articulo
700 632 730 664 in
757 630 964 675 popularibus
988 629 1193 664 concionibus
1218 630 1376 664 disserere
1402 631 1484 663 cavit
1500 630 1530 662 S.
1552 629 1625 662 Pius
1645 628 1730 671 Papa
1746 626 1782 668 V,

339 683 417 717 ibid.
442 684 669 729 Dictorumque
691 684 877 718 Pontificum
896 684 1141 718 Constitutioncs
1168 686 1296 718 innovat
1319 683 1433 718 Paulus
1452 682 1486 724 V,
1504 683 1566 716 358
1587 693 1616 716 a.
1648 681 1711 723 Qui
1728 681 1783 715 ad-

339 737 385 771 dit
407 736 653 781 prohibItionem
679 739 709 771 in
734 737 856 772 actibus
881 737 1017 782 publicis
1041 738 1206 771 asserendi
1232 747 1301 771 eam
1327 738 1423 772 fuisse
1449 738 1480 770 in
1517 736 1663 780 originali
1699 745 1782 769 con-

341 794 474 834 ceptam,
502 790 563 823 396
591 791 608 823 b
633 793 664 824 et
688 801 747 835 seq.
766 791 802 824 Et
825 790 997 834 Gregorius
1015 790 1071 823 XV
1090 791 1170 824 hanc
1193 790 1280 824 Pauli
1299 791 1324 824 V
1341 791 1598 825 constitutionem
1620 791 1780 824 recensuit

345 847 377 877 et
401 844 609 885 confirmavit,
634 844 698 878 688
722 855 760 883 a;
785 844 992 888 extenditque
1017 843 1260 887 prohibitionem
1287 845 1324 878 ad
1350 848 1438 878 actus
1462 845 1611 887 privatos,
1637 843 1700 877 689
1724 853 1753 876 α.

251 896 479 931 Maronitarum
503 897 694 939 Patriarcha‚
722 898 783 931 193
805 898 831 931 b.
856 898 919 941 Ipsi
944 897 1059 932 tributa
1084 897 1269 932 Benedictio
1295 898 1484 942 Apostolic-a‚
1506 900 1535 930 et
1560 896 1632 930 data
1651 895 1783 930 facultas

340 960 451 985 omnes
475 951 644 985 Maronitas
668 951 880 985 benedicendi
905 961 976 985 cuin
1002 951 1268 995 indulgentiarum
1295 950 1492 993 elargitione,
1519 947 1596 981 ibid.

251 1005 401 1040 Martinus
425 1005 465 1039 de
489 1005 650 1039 Abaurrea
676 1015 731 1039 suo
757 1009 941 1039 testamento
966 1005 1097 1039 contulit
1121 1005 1159 1037 ad
1184 1005 1410 1038 institutionem
1429 1002 1643 1036 universitatis
1657 1001 1781 1044 Pampi-

341 1057 489 1100 lonensis,
515 1059 578 1091 593
603 1069 632 1091 α.

250 1110 394 1144 Matthias
423 1111 605 1154 Hungariae
630 1121 687 1144 rex
713 1113 743 1144 in
770 1112 995 1154 imperatorem
1019 1110 1154 1152 electus,
1182 1112 1243 1144 175
1269 1121 1297 1143 a.
1323 1109 1361 1143 Ut
1385 1119 1467 1143 novo
1499 1108 1600 1142 electo
1625 1107 1782 1150 archiepi-

337 1173 432 1206 scopo
457 1163 692 1207 salisburgensi
718 1164 930 1208 praestoletur
954 1164 1104 1205 hortatur,
1128 1164 1189 1197 175
1216 1164 1242 1196 b.
1270 1163 1316 1196 Ab
1337 1162 1578 1206 archiepiscopo
1598 1160 1782 1204 Maguntino

338 1220 522 1257 coronatus,
547 1217 614 1249 ⁴194
635 1228 664 1250 α.
689 1217 763 1250 Eius
788 1217 902 1251 electio
927 1218 1130 1251 confirmatur
1155 1226 1171 1249 a
1196 1216 1292 1250 Paulo
1321 1216 1405 1260 Papa
1426 1215 1472 1257 V,
1499 1214 1580 1248 ibid.
1608 1214 1782 1248 Primariae

337 1280 450 1315 preces
478 1272 507 1304 ei
540 1281 732 1313 concessae,
759 1272 820 1305 197
847 1272 872 1305 b.
898 1272 1143 1306 Constitutiones
1168 1280 1224 1314 pro
1249 1268 1423 1302 Viennensi
1448 1269 1656 1302 universitate
1682 1266 1783 1300 editas

339 1325 521 1358 confirmari
548 1326 636 1369 petit,
663 1325 725 1359 386
752 1326 779 1358 b.
804 1325 944 1367 Moritur,
970 1326 1032 1359 468
1053 1336 1082 1358 α.

248 1377 348 1412 Mauri
373 1378 430 1421 (S.)
455 1377 586 1413 Ordinis
602 1380 703 1412 saneti
722 1378 887 1413 Benedicti
901 1378 1113 1423 Congregatio
1133 1379 1165 1410 in
1182 1376 1291 1410 Galliis
1309 1378 1423 1416 erecta,
1441 1375 1504 1409 533
1523 1375 1540 1407 b
1558 1377 1589 1408 et
1605 1384 1665 1418 seq.
1685 1373 1784 1407 Privi-

338 1430 422 1475 legia
443 1433 472 1465 ei
497 1441 665 1474 concessa,
691 1433 754 1465 536
780 1443 808 1465 a.

251 1483 430 1519 Maurorum
454 1484 589 1529 collegia
614 1487 645 1518 in
671 1495 769 1529 regno
786 1485 960 1527 valentiae,
979 1485 1039 1519 277
1061 1485 1087 1518 b.
1106 1484 1243 1526 Quidam
1265 1485 1405 1527 ipsorum
1422 1481 1565 1516 redditus
1582 1482 1784 1525 assignantur

339 1537 451 1574 Officio
474 1539 703 1584 Inquisitionis,
729 1539 806 1572 ibid.

250 1591 486 1628 Maximilianus
510 1592 662 1627 Bavariae
684 1593 768 1634 dux,
794 1593 835 1627 30
860 1604 888 1626 a.
906 1592 1089 1637 Requiritur
1104 1596 1138 1626 ut
1153 1602 1186 1626 se
1203 1591 1323 1635 obliget
1338 1590 1378 1624 ad
1395 1589 1578 1625 solvendam
1596 1588 1781 1632 pensionem

338 1645 508 1690 Wolfango
529 1656 586 1690 pro
611 1648 754 1680 cessione
779 1648 944 1690 regiminis
969 1646 1124 1680 ecclesiae
1151 1645 1411 1689 salisburgensis,
1439 1643 1515 1678 ibid.

249 1697 404 1734 Maximus
430 1699 470 1733 de
495 1699 624 1734 Ubaldis
660 1700 885 1734 monachorum
922 1700 1190 1743 Sylvestrinorum
1226 1702 1412 1744 procurator
1443 1698 1626 1742 generalis,
1664 1695 1724 1731 401
1755 1694 1783 1729 b.

338 1753 503 1798 supplicat
526 1758 556 1789 et
582 1753 702 1789 obtinet
725 1754 792 1788 dari
817 1764 873 1788 suo
898 1752 1012 1789 Ordini
1039 1753 1208 1787 ecclesiam
1233 1752 1262 1785 S.
1290 1751 1438 1786 Andreae
1468 1752 1499 1785 in
1524 1752 1651 1785 civitate
1677 1749 1783 1784 Auxi-

338 1817 450 1849 mana,
477 1807 554 1841 ibid.

248 1859 402 1896 Melchior
424 1861 595 1896 cardinalis
619 1861 772 1897 Cleselius
795 1862 1052 1905 archiepiscopus
1079 1860 1283 1901 Viennensis,
1309 1859 1372 1894 455
1398 1858 1424 1892 b.
1458 1857 1507 1892 Ab
1531 1856 1602 1892 aula
1627 1855 1783 1892 caesarea

339 1919 474 1958 arcetur,
501 1915 580 1949 ibid.

249 1966 421 2004 Meldensis
445 1969 581 2003 ecclesia
605 1969 793 2004 Parisiensis
817 1969 1017 2012 suffraganea
1042 1968 1253 2009 constituitur,
1271 1966 1334 2001 752
1358 1966 1385 2000 b.

248 2019 438 2056 Mercatores
462 2026 674 2056 armentorum
699 2024 730 2056 in
755 2023 840 2056 Statu
866 2022 1085 2055 Ecclesiastico
1109 2020 1246 2055 debeant
1262 2021 1429 2066 quotannis
1457 2019 1718 2064 vigintiquinque
1737 2017 1782 2053 tu-

335 2085 452 2111 vencos
476 2076 516 2110 ad
540 2086 631 2110 usum
655 2075 866 2120 agriculturae
886 2076 1003 2108 nutrire
1024 2084 1079 2118 pro
1105 2078 1230 2108 eentum
1249 2075 1364 2116 vaceis,
1391 2073 1431 2107 17
1457 2083 1485 2106 α.

250 2127 417 2172 Mercatus,
443 2129 515 2163 vide
539 2129 679 2164 Iacobus.

249 2181 436 2218 Mexicanae
454 2183 612 2217 dioecesis
628 2183 791 2227 regulares
811 2181 1039 2227 approbatione
1064 2180 1225 2216 Ordinarii
1245 2180 1390 2224 indigent
1414 2178 1453 2213 ad
1471 2187 1579 2213 curam
1603 2177 1780 2212 animarum

340 2237 570 2278 exercendam,
595 2237 659 2270 312
689 2237 715 2269 b.
746 2236 874 2270 Necnon
908 2235 947 2269 ad
978 2235 1169 2269 secularium
1201 2234 1416 2268 consessiones
1445 2231 1638 2273 audiendas,
1663 2230 1726 2265 313
1751 2230 1779 2264 ὁ.

339 2289 374 2323 In
398 2290 573 2324 cathedrali
598 2294 629 2324 et
648 2290 787 2323 dioecesi
810 2289 974 2323 Mexieana
990 2289 1220 2322 caeremoniale
1239 2296 1402 2321 romanum
1419 2288 1540 2320 servari
1557 2286 1647 2320 iussit
1665 2284 1780 2319 Paulus

338 2341 424 2387 Papa
449 2341 484 2385 V,
509 2343 570 2377 471
598 2354 617 2376 a
634 2347 665 2376 et
681 2343 708 2375 b.
733 2342 824 2376 Clero
847 2341 982 2375 seculari
1008 2342 1190 2376 decernitur
1214 2340 1437 2384 praecedentia
1461 2349 1557 2384 super
1581 2338 1703 2373 clerum
1728 2346 1778 2371 re-

268 2419 271 2421 »
338 2396 491 2440 gularem,
519 2396 580 2430 294
606 2396 621 2429 b
647 2400 677 2430 et
701 2407 764 2441 seq.
1099 2439 1102 2441 ,

248 2449 382 2485 Michael
416 2449 595 2484 Nazarenus
630 2449 819 2492 cardinalis,
845 2451 863 2484 4
889 2449 915 2482 b.
949 2449 1125 2493 Deputatus
1161 2457 1178 2481 a
1212 2447 1308 2481 Paulo
1333 2447 1357 2479 V
1389 2446 1427 2481 ad
1454 2445 1700 2480 examinandum
1725 2453 1779 2478 na—

339 2507 442 2538 turam
467 2505 721 2547 congregationis
746 2503 873 2537 Ioannis
897 2503 955 2537 Dei
983 2503 1062 2536 ibid.

251 2556 361 2591 Militia
385 2557 415 2592 S.
441 2557 566 2591 Ioannis
583 2557 872 2600 Hierosolymitani,
894 2557 955 2590 765
981 2556 1007 2589 b.
1025 2555 1126 2590 Huius
1150 2554 1281 2589 militiae
1307 2555 1427 2596 vicarii,
1452 2552 1639 2598 cappellani,
1664 2554 1777 2587 ceteri-

341 2620 402 2656 que
425 2612 562 2645 ministri
585 2620 694 2644 omnes
719 2609 758 2644 ab
782 2609 961 2645 Ordinariis
977 2610 1117 2645 locorum
1133 2614 1292 2652 tamquam
1311 2608 1401 2642 Sedis
1418 2607 1609 2651 apostolicae
1626 2605 1779 2650 delegatis
1816 2618 1820 2620 ·

341 2667 473 2708 possunt
495 2665 627 2708 visitari,
652 2662 729 2697 ibid.
