2293 3231
56 281 106 309 An.
123 280 151 308 C.
173 280 239 308 ¹623

107 710 240 732 obstantium

59 737 177 763 derogatio.

107 2451 170 2472 Fides
185 2450 256 2481 danda

73 2480 217 2504 transumptis.

856 279 1031 302 GREGORIUS
1055 278 1095 302 XV
1120 278 1167 301 1‘1‘.

254 327 298 359 eis
322 331 352 359 et
376 337 485 359 corum
510 326 637 359 cuilibet
661 326 769 369 quavis
797 326 886 359 aliter
910 326 988 358 iudi-

253 379 345 412 candi
378 384 408 412 et
439 379 667 423 interpretandi
703 379 847 411 facultate
877 384 907 411 et
938 389 989 411 au-

254 431 410 475 ctoritate)
436 431 566 465 iudicari
591 437 620 464 et
645 431 769 464 deliniri
793 431 930 472 debere,
955 442 990 464 ac

254 485 378 518 irritum
392 491 421 518 ct
437 485 538 526 inane,
556 486 581 518 si
599 496 689 519 secus
706 495 800 529 super
819 485 867 518 liis
884 496 901 517 a
917 496 991 529 que-

254 548 359 581 quam,
368 538 477 582 quavis
487 539 682 579 auctoritate,
696 538 831 571 scienter
846 538 893 571 vel
907 537 992 580 igno-

255 594 377 631 ranter,
402 591 568 634 contigerit
591 590 750 631 attentari,
774 595 883 624 tenore
906 600 992 634 prae-

255 643 390 676 sentium
407 643 607 676 decernimus
623 648 652 676 et
672 643 877 676 declaramus.

300 695 367 740 53.
393 697 461 730 Non
492 696 685 730 obstantibus
718 696 815 730 felicis
845 696 992 729 recorda-

257 749 350 782 tionis
374 749 419 782 Pii
443 749 545 793 Papae
569 750 605 782 IV
623 749 875 793 praedecessoris
894 749 993 782 nostri

256 801 295 835 de
314 801 424 844 gratiis
441 802 671 847 qualecumque
689 802 839 835 interesse
852 812 994 835 camerae

257 855 445 899 apostolicae
469 855 706 899 quomodolibet
733 855 994 888 concernentibus

258 908 289 941 in
313 908 424 941 eadem
449 907 594 941 camera¹
618 907 699 940 infra
715 912 837 941 certum
854 913 928 941 tunc
947 918 996 940 ex-

258 971 401 1004 pressum
432 966 557 1004 tempus
588 960 823 1004 praesentandis
854 965 884 993 et
912 960 996 1003 regi—

258 1013 403 1055 stiandis,
420 1013 550 1056 aliisque
570 1013 844 1047 constitutionibus
864 1018 893 1046 et
912 1013 995 1046 ordi-

259 1067 434 1100 nationibus
458 1066 653 1111 apostolicis,
684 1077 719 1099 ac
750 1067 860 1109 regula
889 1067 997 1099 nostra

258 1120 296 1153 de
328 1120 397 1153 iure
426 1120 566 1163 quaesito
596 1130 657 1151 non
691 1119 848 1159 tollendo,
876 1129 998 1152 necnon

258 1172 359 1205 dictae
375 1182 518 1205 camerae
531 1176 561 1205 et
578 1171 670 1204 Urbis
687 1171 794 1213 (etiam
811 1171 998 1212 iuramento,

258 1224 499 1258 confirmatione
532 1224 722 1268 apostolica,
744 1225 792 1256 vel
816 1224 925 1267 quavis
949 1224 1000 1257 fir-

259 1277 366 1311 mitate
385 1277 445 1311 alia
469 1278 640 1320 roboratis)
654 1277 776 1310 statutis
793 1282 823 1310 et
838 1282 1000 1310 consuetu-

259 1330 394 1372 dinibus,
419 1330 538 1371 usibus,
556 1330 652 1374 stylis,
670 1330 844 1374 privilegiis
864 1340 1000 1374 quoque,

259 1383 387 1417 indultis
406 1388 436 1416 et
451 1383 563 1417 litteris
580 1383 770 1427 apostolicis,
795 1383 888 1417 etiam
906 1394 1001 1427 super

260 1437 402 1470 locorum
420 1437 570 1470 Montium
588 1435 767 1469 huiusmodi
785 1436 952 1477 erectione,
965 1447 1000 1469 ac

260 1490 336 1523 alias
363 1489 623 1534 quomodolibet,
656 1488 749 1521 etiam
780 1489 838 1521 sub
871 1489 1000 1532 quibus-

261 1552 395 1586 cumque
418 1542 588 1575 verborum
604 1542 767 1574 tenoribus
784 1546 813 1574 et
829 1541 948 1582 formis,
966 1552 1001 1574 ac

261 1605 333 1629 cum
349 1594 512 1639 quibusvis
525 1594 672 1628 clausulis
685 1598 715 1628 et
728 1594 871 1635 decretis,
885 1594 916 1627 in
930 1605 1002 1628 con-

263 1648 395 1682 trarium
420 1648 581 1688 emanatis‚
606 1647 784 1688 concessis,
809 1647 1001 1680 confirmatis

263 1705 293 1735 et
316 1701 480 1735 innovatis.
512 1701 629 1741 Quibus
649 1700 794 1734 omnibus
818 1706 848 1733 et
871 1700 1002 1743 singulis

263 1754 399 1797 (etiamsi
412 1765 470 1798 pro
480 1754 607 1786 illorum
621 1753 785 1786 sufficienti
799 1753 1002 1795 derogatione

264 1808 303 1841 de
326 1808 398 1849 illis,
423 1818 597 1851 eorumque
614 1807 686 1840 totis
702 1806 864 1839 tenoribus
887 1807 1004 1850 specia-

265 1861 312 1902 lis,
337 1860 492 1905 specifica,
511 1870 658 1904 expressa
675 1865 705 1893 et
724 1859 891 1900 individua,
912 1870 947 1892 ac
965 1859 1003 1892 de

265 1913 363 1946 verbo
376 1913 416 1946 ad
428 1913 569 1954 verbum,
581 1923 644 1946 non
657 1918 760 1945 autem
776 1923 832 1956 per
849 1912 1004 1945 clausulas

266 1967 428 2008 generales
451 1966 534 2000 idem
559 1966 782 2010 importantes,
807 1965 924 1999 mentio
948 1976 1003 1998 seu

267 2019 394 2062 quaevis
411 2019 471 2052 alia
487 2019 646 2063 expressio
661 2018 803 2052 habenda
823 2024 876 2051 aut
899 2019 1004 2062 aliqua

267 2072 327 2105 alia
343 2072 496 2116 exquisita
519 2073 620 2106 forma
640 2072 678 2105 ad
697 2072 757 2105 hoc
782 2072 934 2105 servanda
958 2074 1003 2105 fo-

269 2126 357 2169 ret),
382 2125 509 2159 illorum
540 2130 665 2159 tenores
695 2125 913 2169 praesentibus
947 2136 1005 2168 pro

268 2177 358 2221 plene
382 2182 412 2210 et
436 2177 625 2211 sufficienter
649 2178 805 2221 expressis
828 2182 858 2210 et
882 2177 1006 2210 insertis

269 2231 428 2271 habentes,
448 2230 508 2263 illis
521 2231 596 2264 alias
613 2231 644 2263 in
663 2242 720 2264 suo
737 2231 851 2264 robore
864 2241 1007 2274 perman-

269 2284 361 2324 suris,
385 2283 444 2317 hac
461 2283 528 2316 vice
545 2283 705 2316 dumtaxat
725 2283 902 2327 specialiter
914 2288 943 2315 et
960 2294 1008 2315 ex-

270 2347 378 2381 presse
401 2336 612 2379 derogamus,
644 2337 818 2380 ceterisque
842 2336 1008 2369 contrariis

270 2390 530 2434 quibuscumque.

315 2443 330 2486 ἓ
349 2443 379 2476 4.
397 2443 547 2476 Volumus
564 2448 678 2483 autem,
695 2442 779 2486 quod
796 2442 1008 2486 praesentium

272 2496 493 2540 transumptis,
518 2496 612 2528 etiam
637 2495 816 2539 impressis,
840 2504 936 2527 manu
961 2505 1010 2527 se—

273 2549 398 2583 cretarii
421 2549 521 2583 dictae
544 2548 802 2592 Congregationis
816 2575 824 2589 ,
852 2553 904 2581 aut
933 2557 1007 2591 per-

311 2665 322 2690 1
341 2664 410 2691 Edit.
427 2665 505 2693 Maia.
523 2664 587 2699 legit
602 2672 732 2691 camerae
746 2668 784 2698 tn.
803 2664 851 2697 T.).

1022 378 1160 418 munitis,
1178 376 1286 409 eadem
1304 387 1433 420 prorsus
1449 375 1526 408 fides
1543 375 1573 407 in
1594 374 1708 407 iudicio
1728 379 1758 406 et

1023 436 1109 464 extra
1141 430 1345 470 adhibeatur,
1377 439 1457 473 quae
1485 428 1560 472 ipsis
1586 427 1759 472 praesenti-

1023 484 1081 517 bus
1105 483 1329 524 adhiberetur,
1354 482 1378 515 si
1404 483 1506 515 forent
1530 480 1687 514 exhibitae
1710 480 1757 512 vel

1023 541 1174 570 ostensae.

1066 589 1176 621 Datum
1208 589 1335 627 Romae,
1353 587 1435 631 apud
1463 591 1601 620 sanctam
1631 586 1759 619 Mariam

1024 641 1190 682 Maiorem,
1215 641 1272 673 sub
1297 641 1411 673 annulo
1440 639 1621 679 Piscatoris,
1645 638 1694 670 die
1719 648 1760 670 xv

1025 695 1098 727 maii
1113 704 1265 734 uncxitin,
1280 693 1480 737 pontificatus
1498 692 1596 725 nostri
1618 702 1699 725 anno
1718 701 1759 724 ιιι,

1062 757 1119 785 Dat.
1141 757 1184 785 die
1205 757 1237 784 15
1256 757 1308 784 mai
1326 756 1403 791 1623,
1424 755 1519 792 pontis.
1536 764 1580 784 an.
1597 761 1633 782 ιιι.

1362 916 1433 950 CXI.

1031 1014 1242 1056 Confirmatio
1258 1012 1444 1046 concordiae
1461 1023 1520 1056 pro
1542 1011 1766 1055 componendis

1074 1067 1298 1100 controversiis
1312 1067 1398 1099 inter
1415 1066 1652 1100 Avenionenses
1673 1069 1701 1097 el
1722 1075 1767 1096 re-

1073 1130 1144 1163 yem
1160 1120 1473 1153 christianissimum
1482 1118 1695 1163 pendentibus
1707 1119 1767 1150 im'-

1076 1177 1126 1205 tae
1141 1172 1159 1205 ¹.

1238 1242 1396 1278 Gregorius
1413 1244 1491 1277 Papa
1506 1243 1561 1276 XV,

1156 1298 1192 1323 ad
1211 1298 1386 1330 perpetuam
1405 1295 1449 1323 rei
1468 1295 1649 1323 memoriam.

1076 1383 1232 1427 Regimini
1256 1383 1441 1417 universalis
1457 1383 1625 1423 Ecclesiae,
1650 1383 1769 1416 meritis

1033 1437 1107 1470 licet
1131 1436 1313 1480 imparibus,
1330 1436 1516 1480 disponente
1536 1436 1668 1469 Domino
1685 1446 1771 1479 prae-

1034 1489 1179 1529 sidentes,
1203 1499 1239 1522 ac
1263 1488 1344 1521 inter
1367 1493 1492 1522 nostros
1517 1494 1546 1521 et
1571 1494 1694 1521 sanctae
1715 1488 1772 1521 Ro-

1035 1551 1144 1574 manae
1174 1541 1331 1574 Ecclesiae
1366 1541 1515 1574 vassallos
1547 1546 1576 1573 et
1611 1540 1771 1580 subditos,

1034 1605 1156 1628 necnon
1179 1594 1256 1627 alios
1281 1593 1437 1637 quoslibet
1461 1593 1680 1626 christifideles
1704 1594 1773 1626 lites

1035 1654 1065 1681 et
1080 1648 1272 1681 differentias
1292 1647 1441 1690 extingui,
1457 1657 1631 1691 pacemque
1651 1657 1773 1680 conser-

1035 1701 1101 1734 vari
1117 1702 1240 1734 sincero
1253 1700 1465 1733 desiderantes
1478 1699 1601 1740 affectu,
1616 1699 1685 1739 illis,
1694 1710 1773 1743 quae

1035 1759 1201 1798 propterea
1218 1753 1354 1786 maxime
1367 1753 1405 1786 de
1425 1752 1570 1785 mandato
1584 1758 1691 1785 nostro
1705 1763 1774 1795 pro·

1036 1806 1105 1840 vide
1129 1813 1160 1839 et
1184 1806 1326 1840 consulte
1346 1806 1425 1839 facta
1449 1810 1479 1838 et
1503 1805 1628 1838 decreta
1644 1810 1724 1846 suut,
1742 1810 1775 1837 ut

1037 1860 1128 1893 firma
1158 1866 1188 1893 et
1216 1859 1334 1893 illibata
1364 1859 1553 1903 persistant,
1582 1858 1775 1901 sublatisque

1037 1912 1228 1956 quibuslibet
1257 1912 1448 1952 obstaculis,
1480 1921 1571 1944 suum
1605 1911 1776 1944 sortiantur

1037 1966 1203 2007 effectum,
1235 1965 1400 2009 apostolici
1430 1964 1614 1997 muniminis
1644 1963 1777 1996 libenter

1038 2019 1202 2052 adiicimus
1217 2018 1408 2059 firmitatem,
1425 2023 1519 2061 prout
1538 2017 1680 2061 ipsorum
1695 2017 1776 2050 chri-

1039 2071 1219 2104 stifidelium
1244 2071 1314 2115 paci
1346 2074 1376 2104 et
1407 2069 1623 2113 tranquillitati
1649 2074 1677 2101 et
1702 2069 1778 2101 alias

1039 2124 1249 2168 conspicimus
1273 2123 1442 2156 salubriter
1469 2123 1500 2156 in
1529 2122 1662 2155 Domino
1686 2132 1777 2166 expe-

1039 2178 1116 2211 dire.

1085 2232 1099 2275 g
1123 2231 1153 2263 1.
1178 2231 1285 2274 Nuper
1313 2229 1468 2273 siquidem
1492 2239 1509 2261 a
1533 2229 1625 2262 nobis
1653 2238 1778 2261 emana-

1041 2289 1114 2316 runt
1122 2283 1243 2316 litterae
1257 2283 1375 2316 tenoris
1385 2282 1612 2325 subsequentis,
1624 2281 1777 2314 videlicet:

1047 2336 1230 2370 Venerabili
1253 2337 1353 2379 fratri
1379 2335 1508 2370 Octavio
1538 2324 1802 2377 archiepiscopo}

1046 2390 1072 2422 T
1071 2390 1208 2429 arsensi,
1235 2393 1291 2422 etc.
1309 2389 1330 2422 ².

1087 2443 1102 2486 ἓ
1125 2443 1154 2476 2.
1179 2442 1256 2476 Cum
1280 2447 1394 2482 autem,
1418 2441 1500 2474 sicut
1522 2440 1718 2485 accepimus,
1742 2439 1780 2473 ad

1081 2531 1090 2556 1
1110 2529 1148 2556 Ex
1163 2529 1271 2564 Regest.
1286 2529 1313 2555 in
1333 2529 1434 2555 Secret.
1451 2527 1586 2554 Brevium.

1078 2575 1095 2601 2
1109 2574 1260 2601 Omittimus
1275 2573 1377 2600 litteras
1396 2572 1528 2599 inutiliter
1546 2571 1590 2598 hic
1608 2572 1737 2606 repetitas
1756 2571 1782 2597 in

1045 2617 1109 2646 edit.
1129 2618 1219 2650 Main.,
1239 2625 1302 2643 nam
1322 2617 1448 2651 leguntur
1467 2623 1548 2651 supra
1563 2615 1612 2641 sub
1627 2623 1699 2642 nuni.
1718 2623 1782 2649 xcu,
1821 2616 1824 2618 ’

1047 2669 1107 2696 pag.
1123 2661 1173 2688 768
1189 2661 1216 2687 h.
1232 2665 1251 2688 t.
1266 2662 1304 2695 (a.
1323 2661 1372 2694 τ.),

1662 263 1724 297 819
1770 274 1819 300 An.
1835 273 1863 300 c.
1888 274 1953 300 1623

1021 336 1114 358 sonae
1131 325 1162 357 in
1178 324 1328 366 dignitate
1344 323 1555 357 ecclesiastica
1572 322 1756 354 constitutae

1812 1394 1951 1413 Prooemium.

1834 2244 1972 2263 aecana—nun

1793 2271 1885 2292 litterae.
1901 2270 1977 2295 quibus

1793 2302 1869 2317 nuncio
1893 2298 1977 2321 aposto-

1803 2324 1834 2343 iro
1845 2323 1895 2342 data
1910 2322 1978 2342 suerat

1816 2349 1882 2369 nutias
1895 2354 1978 2373 compo-

1794 2375 1857 2396 nendi
1909 2374 1978 2394 dietas

1794 2402 1959 2422 controversias.

1860 2454 1980 2474 Ludnvious

1796 2486 1880 2507 quoquc
1899 2480 1979 2500 Galliae
