2293 3231
934 249 1050 272 ratiis
1075 249 1092 270 v
1119 249 1164 271 rr.
1730 239 1770 269 535³·
1818 250 1865 275 An.
1887 249 1998 276 (1.1612

290 297 342 337 sis,
356 306 393 329 ex
407 295 571 333 fructibus,
586 296 758 329 redditibus
775 302 801 329 et
825 296 1027 339 proventi1ms
1063 296 1120 328 sihi
1154 296 1368 339 oppignorati>
1398 301 1423 327 et
1459 295 1673 339 hypomn-‹ati›
1702 296 1800 329 dietae

93 252 140 278 An.
159 250 186 277 C.
212 249 278 277 1612

290 359 415 383 mensae
427 348 702 393 archiepiscopalis
712 349 957 392 salisburgensis
972 360 1027 393 pro

290 401 417 436 definita
434 406 462 434 et
477 401 537 434 lixa
555 403 706 446 pensione
723 403 845 435 (luobus
863 402 1028 445 quotannis

290 455 434 489 terminis
454 466 578 499 semper
592 456 757 499 anticipate
773 456 971 488 exsolvantur
989 456 1029 487 ei·
1044 455 1047 464 '

290 507 362 541 dem
379 508 547 551 Wolsango
559 509 807 552 archiepiscopo,
822 509 858 540 ad
871 509 974 544 vitam,
991 508 1029 540 ri-

290 561 367 605 giuti
385 561 492 597 millia,
511 567 537 594 et
564 562 607 595 sic
633 562 743 605 quovis
761 561 894 594 termino
920 562 1026 594 ‹lm-em

289 615 388 649 millia
408 615 612 652 florenorum,
631 615 768 659 quolibet
791 617 910 648 lloreno
928 615 964 647 ad
986 626 1030 647 se-

290 669 415 714 xaginta
433 669 604 703 cruciferos
621 669 867 711 Salisburgensis
886 674 1028 701 monetae

289 727 381 767 atque
406 723 520 756 valoris
544 728 741 767 computato:
760 727 786 755 et
806 723 880 755 haee
901 722 1026 766 quidem
1045 735 1046 738 ¹

289 776 398 821 pensio
416 776 519 809 statim
540 775 617 809 sacta
643 776 782 809 cessione
799 775 957 819 praedicta
976 775 1030 807 ini-

290 829 368 863 tium
387 840 508 874 capere,
529 829 755 872 confestimque
769 839 826 872 pro
844 828 945 872 prima
964 828 1028 860 viee

290 882 503 923 adnumerari,
521 887 548 915 et
575 882 618 914 sic
639 881 796 925 deinceps,
814 881 962 925 quamdiu
987 881 1030 913 di-

291 941 375 970 ctum
393 935 595 977 Wolsangum
613 934 886 977 archiepiscolzmm
905 933 935 965 in
953 933 1029 965 viris

291 997 455 1033 superesse
479 987 656 1030 contigerit,
682 986 758 1019 citra
776 986 871 1019 ullam
896 996 1028 1026 moram,

291 1040 482 1080 dilationem,
493 1044 543 1073 aut
555 1039 766 1072 detentionem
781 1038 929 1071 continuo
944 1049 1029 1082 prae-

290 1094 366 1127 stari
383 1093 502 1126 debeat.
523 1092 723 1136 praepositus
741 1102 825 1132 vero,
839 1092 985 1128 decanus.
1000 1097 1027 1124 et

292 1147 462 1192 capitulum
479 1146 640 1191 praedicti,
666 1151 728 1178 tam
749 1156 805 1178 suo
822 1155 916 1188 quam
932 1144 1028 1177 futuri

291 1200 518 1244 archiepiscopi
530 1199 776 1242 §salisburgensis
785 1198 921 1238 nomine,
933 1198 1029 1230 immo

291 1253 491 1299 postmodum
516 1253 599 1286 idem
624 1253 689 1296 ipse
715 1253 837 1285 futurus
863 1251 1030 1295 arehiepis-

291 1318 388 1352 copus
412 1307 495 1340 dicto
512 1306 680 1348 Wolfango
705 1305 941 1348 archiepiscopo
967 1314 1028 1337 non

290 1365 410 1395 tantum
434 1360 623 1394 sufficientes
651 1359 859 1401 obligationes
884 1355 1047 1402 constitu-J

290 1421 340 1449 tae
362 1414 542 1448 huiusmodi
567 1413 725 1458 pensionis
749 1412 850 1455 gratia
875 1412 1030 1445 consectas

290 1469 424 1509 tradent,
441 1468 555 1512 quihus
572 1467 673 1500 eidem
683 1467 851 1509 Woll‘ango
862 1466 1030 1510 archiepis·
1046 1502 1047 1505 Ἴ

291 1533 369 1567 copo
398 1527 460 1555 tam
489 1521 520 1554 in
548 1520 722 1554 redditibus
750 1519 904 1552 salinariis
930 1519 1029 1551 dictae
1045 1544 1047 1579 4

1063 360 1188 382 mensae
1223 349 1332 385 bonis,
1359 349 1382 381 si
1409 349 1516 381 eadem
1550 350 1657 392 pensio
1687 354 1800 383 statuto

1063 408 1204 445 tempore
1230 402 1397 445 quotannis¹
1426 403 1583 445 persoluta
1611 413 1672 435 non
1699 403 1799 435 suerit⁴

1064 456 1409 499 Insuperpraepositus.
1424 456 1569 490 decanusv
1584 461 1610 487 et
1631 456 1800 499 capitulum

1064 508 1212 551 praedic-ti
1240 509 1441 551 proniittant-
1467 520 1561 551 seque
1587 508 1800 551 obstringant.

1063 560 1146 603 quod
1164 560 1246 593 dieto
1264 561 1429 603 Wollimgo
1448 561 1695 604 archiepiscopo,
1709 561 1800 594 simul

1063 624 1134 645 cum
1161 613 1314 646 solutione
1340 614 1431 656 primi
1458 614 1583 646 termini
1608 614 1707 647 dictae
1731 625 1803 658 pen-

1064 663 1158 696 sionis
1184 664 1291 697 decem
1316 664 1412 696 millia
1434 665 1464 696 in
1490 667 1595 708 parata
1614 665 1756 709 pecunia,
1773 670 1798 697 et

1063 716 1183 749 ratione
1223 722 1389 758 argenteae
1425 717 1627 760 st1p‹3·lleetilis
1664 717 1801 761 quinque

1064 769 1159 801 millia
1186 770 1380 803 florenorum
1406 770 1505 802 (lictae
1537 775 1679 803 monetae
1709 781 1803 803 annu-

1064 832 1197 858 merare,
1219 828 1244 854 et
1273 822 1475 855 nihilominus
1501 824 1646 856 eumdem
1666 824 1803 857 Wolsan-

1063 886 1137 917 guni
1165 875 1438 918 arehiepisetqmm
1464 876 1565 908 omnis
1590 876 1714 918 {generis
1742 877 1800 909 alia

1063 928 1259 972 supellectili,
1285 930 1433 971 argentea
1459 932 1597 971 excepta,
1615 939 1671 972 pro
1697 929 1801 961 futuro

1063 981 1130 1013 eius
1143 986 1223 1013 statu
1239 981 1394 1014 instruere
1409 981 1511 1013 velint.
1526 981 1689 1014 Praeterea
1707 981 1800 1014 iideni

1064 1034 1270 1078 praepositus.
1296 1034 1442 1074 decanus,
1464 1039 1490 1065 et
1517 1034 1687 1077 capitulum
1713 1045 1802 1077 spon-

1063 1088 1152 1120 deant
1187 1093 1279 1131 atque
1304 1088 1509 1131 promittant,
1536 1087 1636 1130 quod,
1662 1087 1801 1121 cessione

1063 1141 1223 1184 praedicta
1244 1143 1380 1184 perat-ta,
1402 1141 1484 1173 dicto
1506 1141 1670 1183 Wolsango
1684 1140 1802 1173 arehie-

1063 1194 1191 1238 piscopo
1210 1194 1359 1238 speciales
1379 1193 1530 1237 quasdam
1547 1194 1665 1226 litteras
1687 1193 1802 1237 ohliga—

1065 1248 1159 1281 torias
1184 1259 1242 1292 pro
1258 1250 1342 1280 certa
1360 1247 1509 1291 pecuniae
1526 1250 1648 1281 summa
1665 1247 1703 1279 ad
1720 1252 1802 1280 octo-

1064 1302 1148 1345 ginta
1157 1308 1292 1345 quatuor
1304 1301 1401 1334 millia
1411 1306 1439 1333 et
1450 1301 1657 1343 noningentos
1666 1300 1801 1333 florenos

1064 1356 1261 1392 ascendente,
1276 1361 1302 1387 et
1322 1360 1384 1387 tam
1402 1354 1483 1397 apud
1501 1354 1570 1386 illos
1587 1354 1624 1386 de
1642 1353 1802 1386 Stainhau·

1064 1421 1135 1444 sens
1170 1420 1264 1454 quani
1294 1409 1369 1441 alias
1402 1409 1576 1451 singulares
1611 1413 1638 1440 et
1666 1408 1802 1452 privatas

1064 1475 1214 1508 personas
1239 1463 1277 1496 ad
1302 1473 1431 1495 censum
1456 1463 1617 1502 collocata,
1642 1461 1801 1504 assignare

1064 1524 1093 1552 et
1118 1518 1243 1551 realiter
1260 1517 1384 1550 tradere
1402 1517 1512 1549 velint:
1534 1526 1628 1559 quam
1646 1525 1801 1548 summam

291 1585 417 1610 mensae
426 1585 520 1619 quam
534 1573 602 1607 aliis
616 1573 878 1617 quibuscumque,
893 1573 930 1605 de
944 1575 1029 1606 certa
1046 1583 1047 1590 ¹
1063 1573 1164 1606 dictus
1181 1572 1367 1613 Wolsangus
1380 1570 1645 1613 archiepiscopus,
1663 1569 1740 1602 citra
1759 1569 1803 1602 ul-

291 1635 321 1663 et
331 1628 504 1662 indubitata
519 1628 585 1661 eius
598 1627 753 1661 solutione
768 1626 890 1659 aliunde
904 1632 1028 1659 cautum
1045 1611 1047 1646 l
1064 1627 1127 1659 luni
1144 1625 1239 1658 futuri
1254 1623 1481 1667 archiepiscopi
1496 1628 1526 1655 et
1546 1623 1703 1655 dictorum
1716 1632 1803 1666 prae—

290 1683 339 1724 sit,
356 1693 466 1716 verum
487 1682 580 1715 etiam
599 1681 748 1714 dilectum
766 1680 866 1713 silium
892 1680 1028 1713 nobilem
1046 1695 1047 1735 1
1063 1680 1167 1724 positi,
1184 1678 1292 1711 decani
1314 1682 1340 1710 et
1368 1677 1493 1720 capituli
1519 1675 1779 1719 impedimentum
1795 1703 1800 1714 ‚

291 1736 393 1769 virum
415 1734 659 1769 Maximilianum
685 1733 832 1766 Bavariae
855 1734 966 1766 ducem
985 1744 1031 1766 re·
1046 1742 1047 1782 ᾗ
1064 1734 1145 1766 inter
1169 1742 1242 1765 suos
1267 1731 1388 1775 partiri,
1409 1735 1448 1770 et,
1469 1728 1734 1772 quemadmodum
1752 1738 1802 1761 vo-

291 1789 436 1834 quirent,
462 1793 493 1822 ut
520 1799 553 1821 se
577 1787 707 1831 eiusque
732 1786 883 1820 haeredes
912 1792 939 1819 et
965 1797 1030 1819 suc·
1046 1786 1047 1824 ζ
1064 1787 1167 1826 luerit,
1179 1786 1216 1818 de
1232 1784 1285 1818 eis¹
1302 1785 1400 1817 libere
1417 1784 1583 1827 disponere
1601 1788 1707 1826 queat:
1723 1783 1802 1815 sicut

292 1853 433 1876 cessores
451 1841 598 1875 Bavariae
615 1840 721 1881 duces,
740 1841 770 1873 in
787 1840 942 1884 regimine
960 1850 1031 1874 con·
1064 1841 1158 1873 etiam
1179 1839 1318 1872 eiusdem
1338 1837 1497 1879 Wolsangi
1514 1836 1743 1880 archiepiscopi
1763 1835 1803 1868 sa-

293 1895 429 1935 stitutos,
447 1894 601 1938 obligatos
622 1894 788 1928 constituat
812 1894 850 1931 (si
872 1894 950 1927 forte
973 1904 1030 1937 per
1046 1900 1048 1935 ζ
1064 1893 1240 1926 miliaribus
1257 1892 1359 1925 omnis
1376 1891 1433 1923 ista
1458 1890 1602 1930 vestium,
1623 1890 1804 1922 linteorum-

290 1949 432 1984 futurum
457 1949 729 1993 archiepiscopum
758 1953 837 1987 stet,
862 1949 1030 1992 quominus
1064 1958 1124 1991 que
1142 1947 1241 1990 copia,
1261 1955 1341 1989 quae
1367 1945 1396 1977 in
1421 1944 1537 1977 avectis
1564 1943 1645 1975 arcis
1669 1948 1698 1975 et
1723 1941 1804 1975 vasis

292 2002 451 2047 praedicta
477 2002 586 2046 pensio
599 2028 606 2042 ,
627 2001 791 2044 assignatis
817 2001 969 2042 terminis,
995 2012 1029 2034 ex
1065 2005 1188 2044 reperta
1206 2004 1261 2039 est,
1275 2009 1331 2031 nee
1349 1998 1453 2030 minus
1469 1997 1561 2030 etiam
1583 1996 1685 2039 aliqua
1700 1994 1803 2039 portio

293 2054 466 2088 redditibus
482 2055 659 2099 praedictae
675 2064 801 2087 mensae
825 2054 1032 2097 :ti-chiemsee-

293 2108 371 2152 palis
394 2108 584 2151 exsolvatur)
610 2107 695 2150 quod
719 2113 792 2140 tunc
817 2107 917 2141 dictus
941 2108 1048 2141 Maxi-¹

293 2161 440 2195 milianus
456 2161 518 2194 dux
535 2160 678 2193 eamdem
698 2161 881 2204 pensionem
899 2161 1029 2205 ipsemet
1047 2175 1049 2193 s

293 2225 330 2249 ex
354 2215 392 2248 iis
416 2214 567 2259 pecuniis,
590 2224 667 2258 quas
690 2224 748 2257 pro
772 2219 879 2247 evecto
896 2215 958 2247 sale
976 2216 1033 2248 lla-

294 2269 372 2303 lensi
397 2268 497 2301 dictae
521 2277 648 2300 mensae
679 2267 936 2311 archiepiscopali
961 2279 1033 2311 pen-

293 2322 368 2356 dere
392 2326 525 2360 tenetur,
546 2320 624 2353 eitra
640 2320 794 2353 desectum
811 2326 982 2363 praestare,
1003 2327 1030 2355 et
1047 2320 1050 2366 j

293 2374 494 2420 postmodum
503 2373 663 2418 praedicto
673 2373 778 2406 futuro
785 2373 1031 2418 archiepiscopo,

295 2429 424 2472 eiusque
448 2427 683 2461 successorihus
713 2427 744 2458 in
768 2427 889 2460 calculo
913 2428 1050 2460 subtra-

295 2483 371 2516 here
394 2481 503 2525 possit,
527 2480 599 2513 velit
625 2485 653 2512 et
678 2479 802 2519 debean
824 2480 908 2512 salvo
928 2485 1032 2513 tamen

293 2534 500 2569 nihilominus
517 2539 545 2566 et
563 2534 686 2576 integro
703 2543 828 2577 semper
851 2538 1032 2566 remanente

294 2587 377 2622 dicto
394 2588 562 2631 Wolfango
578 2587 815 2631 archiepiscopo
833 2597 889 2620 suo
906 2587 974 2620 iure
991 2587 1034 2619 di·

294 2646 375 2676 ctam
398 2640 582 2685 pensionem
607 2639 816 2684 persequendi
840 2639 871 2673 in
887 2639 1033 2674 omnibus

383 2703 463 2732 Bau.
482 2703 564 2732 Rom.
583 2717 618 2724 -
636 2702 694 2732 voc.
714 2701 780 2730 ΧΠ.
959 2701 975 2729 5

1065 2053 1193 2086 alterius
1218 2051 1430 2097 supellectilis,
1448 2061 1463 2083 e
1487 2049 1621 2089 lecticis,
1646 2047 1803 2091 argenteis

1065 2107 1154 2148 vasis,
1179 2106 1295 2140 catenis
1319 2105 1437 2142 aureis,
1463 2103 1648 2142 monilibus,
1673 2102 1803 2145 aliisque

1065 2161 1160 2194 rebus
1169 2160 1325 2204 pretiosis,
1336 2169 1394 2203 pro
1407 2158 1538 2191 arbitrio
1549 2156 1704 2189 dictorum
1718 2164 1804 2199 prae-

1064 2215 1169 2258 positi,
1187 2214 1306 2253 decani,
1320 2218 1347 2245 et
1362 2211 1489 2256 capituli
1503 2210 1653 2243 tradatur.
1667 2208 1713 2242 Ad
1727 2209 1802 2241 haee

1065 2267 1254 2307 debitorum,
1264 2272 1328 2298 tam
1339 2265 1450 2298 litteris
1461 2264 1626 2307 sigilloque
1641 2261 1805 2295 confirma-

1066 2326 1181 2359 torum,
1201 2331 1295 2363 quam
1320 2320 1453 2351 aliorum
1471 2327 1550 2360 quae
1575 2317 1634 2348 hoc
1661 2321 1804 2359 tempore

1066 2374 1166 2407 dietae
1184 2383 1309 2406 mensae
1334 2370 1592 2414 archiepiscopali
1618 2368 1804 2402 exsolvenda

1066 2426 1356 2470 deprehenduntur,
1373 2425 1450 2457 eitra
1471 2422 1669 2466 dispendium
1694 2427 1722 2454 et
1740 2432 1805 2455 mo-

1066 2480 1188 2513 lestiam
1206 2479 1289 2511 dieto
1307 2477 1473 2519 Wolfango
1493 2475 1731 2519 archiepiscopo
1751 2475 1803 2507 siat

1067 2533 1190 2567 solutio.
1208 2531 1346 2574 Denique
1363 2529 1542 2574 quindecim
1562 2528 1659 2562 millia
1672 2528 1804 2561 floreno-

1106 2650 1114 2676 1
1138 2648 1236 2676 lterum
1252 2646 1314 2675 edit.
1333 2646 1414 2674 Main.
1429 2645 1495 2682 legit
1510 2646 1543 2673 εᾶ
1558 2652 1606 2682 pro
1622 2645 1662 2673 eis
1676 2649 1712 2676 (n.
1729 2644 1775 2677 τ.).
