2293 3231
68 257 116 286 An.
137 257 167 284 C.
188 257 255 286 1619

121 319 254 342 Facultatem

69 347 96 369 ad
113 347 135 368 id
156 351 255 368 necessa·

68 375 121 395 riam
129 373 197 394 eidem
206 372 254 394 Fer-

69 399 163 421 dinando
179 404 255 420 couce-

70 427 101 448 dii
115 426 219 448 Pontifex.

910 250 1030 277 PAULUS
1049 250 1070 275 V
1090 250 1137 275 PP.

314 305 329 349 g
354 304 383 337 ⁶2.
408 304 471 337 Nos
488 303 593 346 igitur,
614 300 823 335 laudabilibus
846 299 1012 334 desideriis

271 357 352 397 tuis,
378 360 529 400 quantum
554 356 645 388 nobis
671 365 706 387 ex
732 356 793 388 alto
819 353 1011 389 conceditur,

270 410 405 453 benigne
421 420 560 442 annuere
578 410 727 446 volentes,
745 407 925 441 huiusmodi
943 417 1013 450 sup-

270 463 492 509 plicationibus
524 463 687 503 inclinati,
719 462 819 494 eidem
858 460 1010 493 maiestati

271 522 352 557 tuae,
378 527 472 550 unam
496 516 651 553 Militiam,
677 526 732 548 scu
756 514 903 547 Ordinem
929 512 1011 545 mili-

271 575 370 603 tarem
394 579 602 613 personarum
629 568 855 601 catholicarum
881 566 938 598 sub
963 565 1013 597 (le-

271 624 484 657 nominatione
501 628 530 655 et
554 622 645 655 titulo
663 621 878 655 Beatissimae
895 619 1012 652 Matris

271 678 342 719 Dei,
366 688 401 711 ac
423 679 482 710 una
508 688 543 710 ex
562 676 680 719 regulis
700 674 884 719 approbatis
900 684 917 705 a
933 672 1012 705 Sede

272 731 453 775 Apostolica
478 741 534 775 per
552 734 578 764 te
598 730 757 773 eligenda,
776 728 864 761 cuius
888 727 1012 760 Militiae

271 796 325 818 seu
349 784 494 818 militaris
518 784 643 817 Ordinis
675 792 821 826 suprema
852 781 898 813 vel
928 780 1013 824 prin-

272 838 381 883 cipalis
405 838 494 871 sedes
518 843 545 870 et
572 842 744 871 conventus
765 836 795 868 in
813 836 881 867 loeo
896 845 953 878 per
973 839 1012 874 te,

272 894 303 926 in
328 892 509 936 Hungharia
527 892 574 925 vel
598 890 747 925 Boliemia
764 895 877 930 tamen,
896 888 1013 932 pariter

271 946 435 989 eligendo,
467 946 612 989 dictaque
645 943 748 977 Militia
782 953 836 975 seu
870 941 1014 974 militaris

272 998 355 1033 Ordo
373 999 463 1032 nobis
485 1004 515 1031 et
531 998 729 1042 Apostolieae
747 996 817 1030 Sedi
836 995 1013 1028 immediate

273 1052 411 1085 subiecta
435 1062 489 1084 scu
515 1050 672 1083 subiectus
696 1050 744 1086 sit,
763 1054 789 1082 et
809 1059 876 1081 csse
893 1048 1013 1087 debeat,

274 1116 309 1139 ac
332 1105 417 1138 illius
437 1105 552 1138 milites
568 1104 718 1137 castitatis
741 1102 924 1145 coniugalis,
943 1102 1014 1134 obe-

273 1158 408 1192 dientiae
432 1158 531 1202 ipsius
556 1158 681 1191 Militiae
706 1168 821 1199 magno
846 1155 1014 1198 magistro,

274 1224 309 1246 ac
326 1212 516 1245 defensionis
532 1211 696 1254 religionis
717 1210 888 1243 catholicae
906 1214 1013 1242 eontra

274 1266 419 1299 inimicos
443 1265 472 1298 S.
494 1266 527 1298 R.
547 1265 577 1297 Ε.
594 1270 664 1298 vota
688 1264 847 1298 emittant:
874 1262 1014 1295 habitum

275 1321 381 1354 album
409 1325 439 1355 et.
464 1331 591 1353 crucem
613 1320 789 1353 caeruleam
808 1330 903 1352 aureo
926 1329 1016 1351 orna-

275 1379 380 1409 mento
413 1374 637 1407 circumdatam
670 1373 830 1411 (leterant3
864 1383 919 1404 uer
954 1383 1017 1405 non

276 1429 462 1473 religionem
488 1428 673 1462 catholicam
701 1433 729 1460 et
752 1427 863 1459 Sedent
888 1428 1017 1470 Aposto-

276 1482 368 1516 licam
393 1485 501 1516 contra
530 1481 672 1514 infideles
704 1487 735 1514 et
765 1480 843 1513 alios
874 1480 1018 1514 inimicos

276 1535 453 1580 praedictos
475 1534 639 1568 defendant
664 1540 693 1567 et
720 1539 874 1574 tueantur3
892 1540 922 1567 et
946 1546 1017 1568 cum

277 1590 349 1623 dote
374 1589 412 1622 de
436 1589 529 1622 bonis
554 1599 640 1622 mere
665 1588 839 1629 laicalibus,
865 1599 899 1621 ac
924 1588 1017 1621 etiam

278 1655 314 1677 ex
339 1643 552 1677 oblationibus
575 1643 725 1675 haetenus
747 1643 833 1676 sactis
850 1647 876 1675 et
905 1642 1017 1675 sacien-

279 1698 336 1739 dis,
366 1697 498 1732 arbitrio
523 1702 576 1730 tuo
606 1697 822 1737 conficienda,
848 1708 882 1729 ex
915 1707 1018 1735 nunc,

278 1756 372 1796 prout.
396 1763 432 1785 ex
457 1757 540 1792 tunc,
566 1756 594 1784 et
613 1762 629 1785 e
646 1755 766 1791 contra,
782 1756 947 1795 postquam
965 1751 1019 1784 Mi-

278 1805 343 1839 litia
376 1816 431 1839 seu
467 1805 550 1839 Ordo
585 1805 765 1838 huiusmodi
805 1810 1021 1848 competenter

279 1860 382 1894 dotata
407 1870 463 1893 seu
487 1859 609 1894 dotatus
633 1858 736 1901 suerit,
761 1859 945 1891 auctoritate
969 1869 1021 1892 no-

280 1915 344 1946 stra
369 1912 553 1957 apostolica,
570 1917 734 1956 perpetuo,
759 1917 787 1944 et
805 1912 872 1944 sine
889 1912 1021 1945 alieuius

282 1966 487 2010 praeiudicio,
513 1966 654 2009 erigendi
680 1970 710 1998 et
738 1964 939 2005 instituendi,
964 1976 1020 1998 nec

283 2029 346 2053 non
370 2029 587 2063 quaecumque
612 2019 830 2057 stabilimenta,
856 2024 969 2054 statuta
993 2025 1019 2053 et

283 2074 508 2114 ordinationes,
525 2085 713 2118 prosperum
739 2075 879 2117 regimen
898 2075 1022 2107 Militiae,

283 2138 337 2161 seu
368 2127 493 2160 Ordinis
517 2127 715 2167 huiusmodi,
739 2128 830 2160 etiam
855 2138 1021 2171 personam

284 2180 367 2213 illius
391 2180 497 2223 magni
524 2180 677 2223 magistri,
702 2180 754 2223 qui
780 2186 883 2213 tamen
909 2192 944 2213 ex
970 2192 1023 2213 na-

283 2234 368 2267 tione
381 2233 560 2277 Hungarica
575 2234 621 2266 vel
639 2233 804 2266 Boliemiea
820 2244 886 2267 esse
904 2234 1023 2275 debeat,

284 2287 516 2325 concernentia,
529 2286 694 2327 condendi,
705 2287 828 2319 condita
842 2298 899 2330 pro
916 2299 1023 2321 rerum

284 2346 314 2374 et
338 2346 522 2384 temporum
554 2340 721 2383 qualitate,
751 2340 774 2372 si
805 2350 883 2383 opus
915 2341 1024 2378 suerit,

284 2394 435 2435 mutandi,
452 2405 487 2427 ac
505 2394 564 2426 alia
581 2394 619 2426 de
636 2404 729 2434 novo,
754 2393 926 2427 dummodo
944 2394 1027 2427 licita

283 2454 314 2482 et
338 2449 479 2488 honesta,
498 2457 555 2480 nec
573 2447 670 2480 sacris
694 2447 876 2487 canonibus,
894 2453 922 2479 et
940 2458 1028 2490 prae-
1043 2463 1045 2481 e

285 2502 393 2535 sertim
410 2501 527 2535 Concili
548 2501 720 2534 Trdientini
741 2501 884 2541 decretis,
902 2512 935 2533 ae
957 2511 1028 2533 con-

285 2554 498 2589 stitutionibus
511 2555 691 2599 apostolicis
700 2554 856 2587 contraria
870 2553 941 2587 non¹
957 2554 1027 2594 sint,

325 2671 335 2697 1
359 2671 496 2699 Partieula
515 2679 572 2699 non
592 2671 726 2700 redundat
745 2673 783 2707 (n.
801 2672 848 2704 iu).

1046 303 1075 332 et
1099 299 1137 330 ab
1163 295 1341 341 Apostoliea
1359 294 1438 327 Sede
1455 292 1623 337 approbari
1642 291 1785 329 debeant,

1046 351 1179 388 edendi,
1214 355 1381 392 ceteraque
1414 346 1519 381 omnia
1549 349 1578 379 et
1609 345 1730 388 singula
1756 345 1785 377 in

1046 403 1226 447 praemissis
1255 408 1282 435 et
1311 402 1392 435 circa
1418 412 1453 433 ea
1478 398 1654 433 necessaria
1679 403 1706 430 et
1732 408 1787 441 op-

1046 462 1201 501 portuna,
1238 455 1358 488 etiamsi
1396 454 1467 486 talia
1499 453 1555 485 sint
1595 452 1641 484 vel
1673 450 1784 484 fuerint

1046 521 1125 553 quae
1151 511 1330 554 specialem,
1348 508 1526 552 specificam
1553 512 1579 539 et
1606 515 1786 549 expressam

1047 564 1244 607 requirerent
1272 563 1474 602 mentionem,
1492 559 1635 600 faciendi,
1652 558 1786 598 dicendi,

1047 618 1175 661 gerendi
1202 623 1229 649 et
1256 616 1447 660 exequendi,
1473 615 1553 647 dieta
1584 613 1786 653 auctoritatffi

1046 677 1156 704 tenore
1180 669 1414 714 praesentium,
1440 668 1616 701 facultatem
1642 665 1786 699 coneedi-

1046 735 1115 758 mus
1130 729 1158 757 et
1172 723 1382 767 impartimur.

1092 778 1106 821 ξ
1131 776 1160 809 3.
1185 777 1253 809 Non
1286 775 1483 809 obstantibus
1512 773 1787 807 constitutionibus
1803 785 1986 806 [ammian-,nie

1047 836 1077 863 et
1109 829 1359 863 ordinationibus
1392 827 1602 871 apostolicis.
1633 837 1690 859 neo
1725 836 1787 859 non

1048 884 1153 924 (etiam
1180 883 1371 922 iuramento,
1398 880 1636 914 confirmatione
1663 884 1787 923 aposto-

1047 938 1118 977 lica,
1144 938 1190 970 rel
1216 936 1325 981 quavis
1351 935 1498 969 firmitate.
1528 935 1587 967 alia
1614 933 1788 976 roboratis)

1048 991 1170 1024 statutis
1184 997 1211 1023 et
1227 989 1515 1029 consuetudinilnis,
1531 987 1704 1031 privilegiis
1716 998 1790 1030 quo-

1048 1056 1118 1089 que,
1132 1045 1261 1077 indultis
1278 1048 1306 1076 et
1325 1042 1436 1077 litteris
1451 1041 1642 1086 apostolicis,
1658 1041 1713 1073 sud
1726 1041 1791 1084 qui-

1047 1099 1244 1142 buscumque
1269 1097 1431 1130 tenoribus
1456 1101 1483 1129 et
1517 1095 1635 1132 formis,
1660 1105 1694 1127 ae
1720 1105 1790 1127 cuni

1049 1152 1213 1197 quibusvis
1238 1150 1386 1184 clausulis
1411 1155 1437 1183 et
1460 1149 1604 1189 decretis,
1624 1149 1653 1181 in
1671 1153 1792 1181 contra-

1050 1206 1132 1238 rium
1149 1204 1386 1249 quomodolibet
1411 1202 1576 1235 concessis.
1593 1201 1712 1240 Quibus
1730 1213 1793 1235 om-

1050 1259 1160 1297 nibus,
1186 1258 1279 1291 etiam
1306 1258 1329 1290 si
1356 1258 1393 1290 de
1420 1257 1480 1289 illis
1506 1257 1694 1299 illorumque
1720 1256 1792 1290 totis

1052 1313 1212 1345 tenoribus
1237 1312 1390 1356 specialis,
1409 1311 1566 1355 speeitica,
1591 1320 1740 1354 expressa
1764 1316 1790 1342 et

1052 1366 1221 1405 individua,
1238 1376 1299 1399 non
1325 1370 1428 1397 autem
1454 1375 1509 1408 per
1533 1364 1687 1397 clausulas
1705 1374 1795 1406 gene-

1052 1421 1132 1453 rales
1157 1420 1239 1452 idem
1263 1420 1480 1463 importantes,
1498 1418 1615 1451 mentio
1631 1428 1685 1451 seu
1702 1428 1793 1461 quae-

1054 1475 1097 1507 ris
1122 1474 1181 1506 alia
1198 1473 1358 1518 expressio
1376 1472 1518 1505 babentia
1536 1473 1624 1511 t'oret,
1642 1472 1702 1504 illis
1719 1472 1794 1504 alias

1052 1528 1083 1560 in
1119 1538 1176 1560 suo
1211 1527 1328 1559 robore
1365 1525 1601 1570 permansuris,
1635 1526 1692 1557 hae
1729 1525 1793 1558 viee

1053 1581 1213 1614 dumtaxat
1238 1580 1415 1624 specialiter
1439 1584 1469 1613 et
1493 1589 1639 1622 expresse
1664 1579 1795 1621 deroga-

1054 1646 1134 1675 mus,
1151 1634 1326 1677 ceterisque
1348 1633 1514 1667 contrariis
1531 1633 1793 1677 quibuscumque.

1098 1689 1207 1722 Datum
1239 1688 1365 1727 Romae,
1382 1687 1463 1731 apud
1492 1688 1520 1719 5.
1547 1686 1675 1719 Mariam
1700 1687 1794 1720 Maio-

1055 1753 1132 1781 rem,
1151 1742 1208 1774 sub
1222 1742 1338 1774 annulo
1357 1740 1534 1778 Piscatoris,
1553 1740 1602 1773 die
1624 1750 1657 1773 ιιι
1676 1740 1796 1773 februa-

1055 1797 1094 1829 rii
1111 1806 1243 1833 MDCXIX,
1260 1796 1461 1839 pontificatus
1481 1795 1579 1827 nostri
1605 1805 1686 1827 anno
1703 1805 1766 1827 xiv.

1092 1850 1149 1878 Dat.
1168 1850 1210 1877 die
1226 1850 1240 1877 3
1256 1850 1385 1877 februarii
1403 1850 1479 1884 1619,
1496 1849 1591 1885 pontif.
1610 1857 1652 1876 an.
1670 1855 1724 1875 λιν.

1057 2049 1242 2082 Declamatio
1275 2047 1512 2080 iurisdiclionis
1543 2047 1798 2080 (Ji-dinariorum.

1102 2103 1137 2135 in
1153 2104 1271 2145 fratres
1291 2101 1557 2144 Conyreyalimu‘s
1578 2100 1711 2132 [ommis
1729 2099 1797 2137 Dei,

1102 2167 1137 2188 ac
1154 2155 1305 2198 specialis
1326 2155 1428 2198 ipsius
1443 2153 1643 2198 praefinitio.

1296 2226 1407 2252 Paulus
1429 2225 1506 2258 Papa
1526 2225 1561 2253 V.

1178 2281 1213 2306 ad
1230 2282 1404 2313 perpetuam
1424 2278 1469 2306 rei
1488 2277 1672 2305 memoriam.

1105 2341 1263 2373 llomanus
1295 2339 1434 2372 Pontifex
1466 2350 1500 2371 ex
1527 2349 1676 2382 supremo
1700 2338 1802 2381 dispo·
1844 2356 1964 2376 mmmm

1061 2394 1180 2428 sitionis
1198 2393 1329 2426 arbitrio
1350 2393 1386 2425 ad
1405 2394 1464 2425 lioc
1483 2392 1668 2436 potissiuum
1686 2391 1801 2424 solliei-

1101 2494 1106 2518 t
1136 2491 1217 2518 Istam
1241 2490 1481 2525 Congregationem
1511 2489 1644 2523 instituit,
1671 2497 1703 2516 ac
1722 2489 1802 2516 Ordi-

1062 2536 1201 2563 uariorum
1226 2534 1403 2562 iurisdictioui
1427 2534 1569 2569 supposuit
1590 2534 1651 2560 Pius
1666 2534 1685 2559 V
1710 2533 1737 2560 in
1753 2542 1803 2561 sua

1062 2582 1153 2608 Const.
1175 2588 1255 2607 ccxtx⁷
1276 2581 1362 2612 Licet,
1385 2584 1448 2606 toni.
1466 2586 1519 2613 rit,
1537 2588 1598 2614 pag.
1615 2580 1678 2611 959,
1695 2583 1721 2606 et.
1741 2580 1803 2607 Cle-

1063 2634 1138 2653 mens
1158 2626 1219 2652 vul
1243 2625 1269 2651 in
1291 2625 1381 2651 Const.
1403 2631 1496 2651 cxxxix*
1517 2624 1644 2651 Romani
1664 2624 1708 2659 tiu
1724 2623 1752 2651 li.
1774 2632 1800 2651 u.

1063 2671 1127 2698 edit.
1145 2677 1206 2704 exn,
1223 2673 1288 2697 tom.
1306 2679 1333 2702 x,
1350 2678 1411 2704 pag.
1428 2669 1501 2704 256⁴).
1794 2670 1797 2673 ’

1682 232 1747 268 439
1794 242 1842 269 An.
1864 240 1891 268 c.
1914 240 1981 269 1619
