2293 3231
309 295 360 323 An.
379 297 406 324 c.
424 296 492 324 1612
538 286 603 322 164

332 1098 446 1121 Concessio
461 1100 491 1120 sa·

308 1126 400 1150 cultatis,
408 1127 434 1147 de
449 1132 491 1153 qua

308 1154 328 1174 in
344 1153 438 1177 rubrica,

807 343 954 378 CXCVIII.

508 435 665 468 Familias
696 434 817 466 nuncio
852 433 1035 467 Coloniensi
1066 432 1252 475 conserendi

552 488 711 530 beneficia,
726 487 761 519 in
776 486 941 519 mensibus
957 485 1034 518 Sedi
1046 485 1252 529 Apostolicae

551 592 666 636 oppidi
681 592 891 635 Aquisyrani
918 590 1102 625 Leodiensis
1124 591 1247 624 dioece-

551 645 607 684 sis,
634 645 780 678 Romano
804 643 946 688 Imperio
971 645 1131 677 vacante'.

506 741 675 769 Venerabili
708 741 805 768 Fratri
834 741 963 768 Antonio
996 741 1135 776 episcopo
1171 741 1268 776 Viqi-.
1365 769 1370 773 ,
1487 769 1492 774 ,

1266 769 1460 812 ¹prowdere,
1486 780 1630 813 ipsasque
1655 779 1820 813 personaS,
1844 769 1892 802 vel
1916 779 2025 802 earum

541 785 652 817 liensi‚
682 788 786 813 nostro
819 789 850 813 et
883 785 968 814 Sedis
1002 785 1191 820 apostolicae
1218 786 1250 813 in

541 829 680 864 partibus
701 829 854 857 interioris
875 830 1052 857 Germaniae
1070 830 1191 862 nuncio,

749 892 862 919 Paulus
880 892 959 926 Papa
973 892 1005 918 V.

726 955 912 982 Venerabilis
933 955 1037 989 frater,

541 999 672 1026 salutem
696 1002 727 1027 et
750 999 944 1033 apostoticam
962 999 1214 1028 benedictionem.

552 1087 597 1120 Ad
614 1087 828 1131 Westphaliae
848 1087 1029 1131 provinciae
1049 1097 1171 1121 necnon
1192 1093 1251 1120 ter-

506 1150 560 1173 rae
591 1144 620 1174 et
649 1140 809 1174 districtus
831 1140 1046 1184 Aquisgranae
1072 1141 1250 1174 Leodiensis

507 1194 660 1227 dioecesis
685 1199 799 1226 statum
824 1204 883 1238 pro
900 1199 1008 1227 nostro
1026 1194 1193 1237 pastoralis
1209 1196 1251 1228 of-

506 1247 570 1281 ficii
586 1247 692 1280 debito
709 1247 849 1280 animum
867 1252 1095 1287 convertentes,
1109 1253 1139 1281 et
1155 1248 1249 1281 bene-

507 1301 651 1334 ficiorum
675 1300 750 1333 inihi
768 1301 1023 1341 consistentium,
1041 1311 1131 1334 sacro
1147 1312 1251 1335 roma-

506 1364 548 1388 no
566 1355 699 1398 imperio
720 1360 863 1395 vacante,
888 1355 1047 1388 collationi
1068 1355 1249 1399 prospicere

508 1409 656 1447 volentes,
669 1418 704 1441 ac
722 1408 759 1441 de
777 1408 978 1441 fraternitatis
996 1414 1065 1441 tuae
1083 1409 1153 1449 fide,
1174 1420 1249 1453 pru-

507 1462 623 1502 dentia,
640 1467 671 1494 et
688 1462 864 1505 integritate
878 1462 1050 1505 plurimum
1069 1463 1099 1495 in
1117 1463 1250 1496 Domino

507 1515 633 1555 confisi,
651 1515 751 1548 eidem
777 1516 962 1548 fraternitati
988 1520 1072 1556 tuae,
1097 1522 1131 1549 ut
1154 1527 1250 1560 quae-

507 1579 643 1612 cumque
667 1569 820 1602 beneficia
845 1570 1065 1610 ecclesiastica,
1085 1581 1156 1602 eum
1174 1572 1250 1603 cura

507 1626 536 1656 et
553 1623 620 1655 sine
637 1625 730 1663 cura,
756 1623 908 1656 secularia
923 1628 950 1656 et
970 1624 1154 1666 quorumvis
1170 1623 1251 1656 ordi-

506 1686 582 1708 num
607 1676 776 1719 regularia,
797 1677 828 1708 in
845 1676 922 1709 locis
939 1676 1130 1720 provinciae,
1149 1682 1250 1710 terrae

507 1733 537 1762 et
559 1728 720 1762 districtus
740 1729 975 1773 praedictorum
994 1730 1203 1773 westphaliae
1221 1736 1249 1763 et

507 1783 707 1826 Aquisgrani,
719 1794 856 1827 quorum
871 1790 973 1817 tamen
988 1784 1161 1818 iurisdictio
1176 1791 1252 1817 tem-

507 1835 625 1878 poralis
641 1837 680 1868 ab
697 1837 864 1870 haereticis
881 1843 1063 1881 occupatur,
1080 1838 1251 1871 consisten-

508 1889 559 1929 tia,
577 1889 697 1922 etiamsi
715 1890 877 1930 secularia,
899 1890 1100 1923 canonicatus
1117 1896 1144 1923 et
1163 1901 1252 1934 prae-

507 1941 627 1974 bendae
642 1969 649 1982 ,
674 1942 861 1985 dignitates,
885 1947 1092 1987 personatus,
1117 1943 1250 1976 admini-

508 1995 684 2035 strationcs,
702 1996 749 2028 vel
773 1996 874 2028 officia
899 1996 929 2028 in
954 1996 1186 2029 cathedralibus
1202 1998 1249 2029 vel

508 2048 681 2091 collegiatis
712 2049 852 2081 ecclesiis
885 2049 977 2082 etiam
1007 2055 1132 2089 curata,
1160 2050 1250 2083 nobis

509 2105 538 2133 et
563 2101 760 2144 Apostolicae
777 2101 849 2134 Sedi
873 2102 994 2135 ratione
1018 2102 1185 2143 mensium,
1202 2104 1250 2136 rel

508 2153 584 2186 alias
609 2154 862 2196 quomodolibet,
879 2155 965 2187 iuxta
981 2155 1170 2189 concordata
1193 2155 1251 2188 du-

508 2206 583 2239 dum
616 2207 697 2241 inter
729 2208 871 2240 eamdem
901 2208 1014 2241 Sedem
1043 2214 1072 2241 et
1103 2209 1250 2253 inclytam

508 2260 668 2293 nationem
700 2260 917 2293 Germanicam
950 2261 1046 2301 inita,
1071 2267 1250 2301 reservata,

509 2323 599 2356 quae,
616 2313 748 2347 durante
767 2314 928 2347 vacatione
953 2314 1076 2358 imperii
1100 2315 1251 2358 praedicti

510 2377 568 2409 per
602 2367 722 2399 obitum
757 2367 861 2400 clarae
893 2368 1064 2401 memoriae
1095 2369 1251 2413 Rodulphi

511 2419 586 2452 dum
610 2420 684 2452 vixit
717 2431 920 2454 romanorum
951 2421 1035 2464 regis
1059 2421 1090 2454 in
1116 2422 1252 2465 impera-

511 2477 612 2505 torem
627 2473 728 2513 electi,
745 2473 776 2506 in
792 2473 883 2506 dictis
899 2474 1038 2507 ecclesiis
1055 2485 1166 2507 vacare
1183 2485 1253 2508 con-

512 2524 628 2567 tigerit,
652 2526 814 2569 quibusvis
837 2527 990 2570 personis,
1015 2538 1094 2571 quac
1118 2527 1174 2560 tibi
1190 2538 1252 2560 ma-

511 2577 559 2621 gis
584 2578 715 2612 idoneae
738 2585 768 2612 et
791 2579 822 2612 in
843 2580 954 2624 primis
972 2581 1003 2614 in
1020 2581 1081 2614 fide
1097 2581 1251 2615 catholica

547 2696 561 2723 1
583 2694 622 2722 Ex
641 2695 748 2731 aegest.
769 2696 797 2724 in
815 2696 917 2726 secret.
937 2697 1015 2726 Brev.

1090 295 1269 320 BL'LLARIL'M
1293 294 1448 320 ROMANUM

1285 348 1464 376 constantes
1478 343 1678 384 videbuntur,
1691 344 1784 377 etiam
1799 354 2027 388 quaecumque,

1284 395 1520 440 quodcumque,
1538 401 1568 428 et
1587 397 1845 441 qualiacumque,
1863 408 1935 430 cum
1953 398 2027 429 cura

1285 453 1312 481 et
1331 449 1396 481 sine
1413 451 1500 488 cura,
1520 459 1592 482 cum
1610 449 1728 482 eisdem
1747 455 1850 483 tamen
1868 450 2030 484 conferen-

1267 519 1269 524 ν
1284 502 1331 535 dis
1349 502 1509 535 benefieiis
1525 502 1746 546 compatientia
1765 503 1916 536 beneficia
1933 504 2029 536 eccle-

552 540 730 578 ²'⁶‘⁸‘³²'²'“‘i⁸*
758 539 795 571 ²⁸²²
825 539 1029 582 W⁰⁸¹Pl²⁰l²¹a
1050 543 1079 572 ‘²‘
1099 538 1251 571 dmm-⁶¹²⁶
1266 563 1269 596 ς’
1284 555 1406 589 siastica
1423 555 1647 595 obtinentibus,
1661 566 1733 588 cum
1747 556 1893 589 omnibus
1906 556 2028 589 iuribus

1284 613 1315 640 et
1333 608 1531 652 pertinentiis
1548 609 1621 649 suis,
1641 609 1814 652 apostolica
1831 609 2026 649 auctoritate,

1284 661 1367 694 iuxta
1393 672 1555 695 sacrorum
1585 672 1740 696 canonum
1765 667 1795 696 et
1819 662 2026 696 conciliorum

1283 714 1522 758 dispositionem
1551 716 1706 756 conferre,
1731 721 1760 749 et
1784 716 1822 748 de
1845 716 1908 749 illis
1931 715 2025 748 etiam

1283 826 1506 865 procuratores
1531 822 1655 855 illarum
1680 822 1808 856 nomine
1823 849 1830 862 ,
1856 822 1888 854 in
1911 832 2025 866 corpo-

1284 875 1381 907 ralem
1406 875 1636 919 possessionem
1661 886 1718 919 per
1742 881 1772 908 te
1796 875 1842 909 eis
1857 902 1864 916 ,
1889 880 1924 908 ut
1939 885 2027 919 prae-

1283 928 1397 968 fertur,
1422 929 1686 962 conferendorum
1710 928 1956 969 beneficiorum,
1981 929 2027 962 iu-

1284 982 1429 1026 riumque
1451 988 1480 1015 et
1510 982 1772 1026 pertinentiarum
1804 983 1946 1016 omnium
1978 993 2027 1016 eo-

1283 1035 1429 1068 rumdem
1453 1036 1619 1076 inducere,
1640 1041 1668 1068 et
1690 1036 1833 1069 inductos
1849 1036 2026 1077 defendere,

1283 1089 1403 1132 tibique
1433 1089 1471 1122 de
1505 1090 1631 1123 illorum
1656 1089 1828 1130 fructibus,
1852 1089 2027 1123 redditibus

1283 1147 1310 1174 et
1338 1142 1560 1185 proventibus,
1585 1142 1707 1175 iuribus
1731 1148 1761 1175 et
1785 1142 2026 1176 obventionibus

1283 1195 1445 1228 universis?
1461 1196 1584 1238 integre
1609 1196 1810 1240 responderi;

1328 1248 1388 1291 ἑὲ.
1414 1249 1544 1293 Aliaque
1568 1249 1599 1282 in
1623 1250 1805 1292 praemissis
1829 1255 1860 1282 et
1883 1250 1967 1283 circa
1989 1260 2025 1284 ea

1283 1303 1459 1335 necessaria
1476 1308 1503 1335 et
1522 1308 1699 1346 opportuna
1715 1304 1828 1341 faeere,
1845 1303 1938 1336 etiarn
1955 1313 2026 1337 con-

1284 1355 1469 1389 tradictores
1492 1355 1648 1399 quoslibet
1672 1361 1701 1388 et
1725 1356 1859 1389 rebelles
1878 1367 1935 1400 per
1949 1367 2027 1401 poe-

1283 1418 1338 1440 nas
1363 1408 1560 1452 pecuniarias
1577 1409 1632 1441 tibi
1649 1409 1827 1450 benevisas,
1845 1419 1880 1442 ac
1897 1409 2026 1443 demum

1283 1472 1340 1504 per
1356 1472 1505 1494 censuras
1521 1467 1549 1494 et
1567 1472 1686 1505 poenas
1703 1463 1940 1503 ecclesiasticas,
1956 1463 2028 1496 alia-

1283 1524 1343 1557 que
1368 1520 1547 1558 opportuna
1564 1515 1640 1548 iuris
1666 1521 1696 1548 et
1719 1515 1791 1548 facti
1808 1516 1957 1556 remedia,
1974 1526 2028 1561 ap-

1284 1567 1450 1611 pellatione
1471 1568 1654 1612 postposita,
1672 1568 1913 1612 compescendo,
1929 1569 2028 1603 libere

1284 1626 1312 1653 et
1339 1621 1422 1654 licite
1448 1622 1560 1662 valeas
1577 1622 1750 1665 apostoliea
1771 1622 1967 1663 auctoritate,
1984 1628 2028 1655 te-

1283 1684 1360 1707 nore
1384 1675 1616 1718 praesentium,
1641 1675 1679 1707 de
1701 1675 1828 1718 speciali
1852 1676 1953 1717 gratia
1979 1676 2026 1709 in-

1284 1728 1450 1771 dulgemus
1460 1740 1468 1768 ;

1329 1783 1343 1824 ξ
1359 1781 1389 1814 3.
1407 1782 1616 1815 Decernentes
1641 1782 1870 1816 reservationes
1887 1782 1918 1815 in
1935 1782 2027 1816 dictis

1285 1835 1461 1874 mensibus,
1487 1835 1631 1877 regulas,
1657 1835 1895 1869 constitutiones
1920 1840 1951 1868 et
1974 1845 2027 1869 or-

1284 1888 1474 1929 dinationes,
1507 1899 1543 1921 ae
1572 1889 1698 1922 decreta
1722 1889 1753 1921 in
1777 1889 1838 1922 illis
1862 1893 2026 1930 contenta,

1283 1942 1387 1985 quoad
1401 1942 1633 1986 impediendum
1648 1947 1677 1974 te
1691 1942 1862 1986 quominus
1878 1952 2028 1976 concesso

1285 1995 1339 2028 tibi
1364 2006 1421 2038 per
1444 1999 1624 2039 praesentes
1644 1995 1766 2028 indulto
1791 1995 1836 2028 uti
1860 1996 1972 2036 valeas,
1988 1995 2028 2029 ad

1285 2048 1438 2081 beneficia
1451 2048 1631 2081 huiusmodi
1646 2048 1823 2082 nullatenus
1832 2047 2026 2090 extendere¹‚

1285 2112 1319 2135 ac
1344 2101 1470 2135 irritum
1495 2107 1525 2134 et
1549 2102 1650 2142 inane,
1668 2102 1693 2135 si
1717 2112 1809 2135 secus
1825 2113 1920 2146 super
1935 2112 2027 2146 prae-

1286 2154 1399 2195 missis,
1413 2155 1505 2187 etiam
1519 2166 1576 2199 per
1591 2165 1649 2189 nos
1662 2160 1692 2188 et
1708 2155 1786 2189 alios
1799 2166 2026 2201 quoscumque,

1285 2209 1393 2251 quavis
1409 2209 1605 2249 auctoritate,
1619 2209 1754 2244 scienter
1770 2209 1818 2243 vel
1833 2209 2026 2253 ignoranter,

1285 2261 1450 2303 contigerit
1474 2262 1627 2296 attentari.

1330 2316 1344 2358 ξ
1361 2315 1390 2347 ll.
1409 2316 1476 2348 Non
1493 2315 1689 2349 obstantibus
1704 2315 1894 2359 praemissis,
1909 2326 1945 2349 ac
1960 2316 2028 2360 qui-

1286 2367 1392 2399 busvis
1405 2368 1473 2400 aliis
1490 2368 1680 2411 apostolicis,
1696 2377 1753 2401 nec
1770 2378 1833 2401 non
1849 2378 1906 2412 per
1922 2379 1979 2402 nos
1995 2369 2026 2402 in

1285 2421 1478 2455 eontrarium
1509 2422 1599 2456 editis
1623 2425 1652 2455 et
1676 2421 1804 2455 edendis
1831 2422 2027 2457 constitutio-

1285 2475 1377 2508 nibus
1405 2479 1435 2509 οἱ
1463 2475 1729 2515 ordinationibus,
1757 2486 1792 2509 ac
1823 2476 2027 2510 cancellariae

1285 2528 1474 2571 apostolicae
1507 2528 1634 2571 regulis.
1667 2528 1786 2567 Quibus
1817 2529 1962 2563 omnibus
1997 2533 2028 2564 et

1286 2581 1427 2625 singulis,
1452 2592 1562 2615 eorum
1587 2586 1711 2615 tenores
1734 2583 1951 2626 praesentibus
1967 2593 2026 2628 pro

1321 2700 1331 2726 1
1350 2699 1421 2735 Lege
1436 2680 1525 2735 potius
1537 2699 1655 2728 extendi
1669 2699 1711 2729 vel
1724 2708 1754 2728 se
1766 2700 1918 2730 extendere
1929 2700 2023 2737 (netu).

2207 0 2279 216 ἒ

2041 295 2092 322 An.
2108 294 2137 322 C.
2156 295 2225 325 16¹!
2235 270 2277 339 ὸ*

2040 1286 2068 1308 aa
2077 1259 2224 1317 ,ῧὲἫῖ
2235 1279 2237 1281 ’

2039 1317 2152 1335 sai-iarum.

2068 1789 2189 1812 mausum.
2226 1790 2230 1797 '

2052 2333 2169 2365 Dei-ogatio
2175 2324 2237 2359 eon->¹

2040 2364 2161 2384 irai-iorum.

2228 2506 2265 2771 ξ
