2293 3231
261 240 309 267 An.
327 238 355 267 C.
379 238 442 268 ¹621

299 1156 368 1181 Atqu·
383 1153 447 1175 otiam

263 1181 394 1203 confirmata

491 229 557 265 506
1044 239 1224 264 surranum
1248 239 1402 264 nomam«
1990 240 2042 268 An.
2062 239 2092 268 c.
2105 240 2172 270 ¹021

458 298 536 334 pore
560 288 743 323 existentem
768 287 884 321 deferri
908 288 1022 327 facere,
1047 296 1084 320 ac
1108 296 1202 330 quas-

460 352 595 386 cumque
610 340 753 381 rebelles,
768 346 798 373 et
812 339 996 384 praemissis
1011 349 1075 373 non
1092 348 1204 384 paren-

460 400 516 434 tes,
534 404 592 438 per
615 403 764 427 censuras
785 397 814 427 et
830 403 948 437 poenas
964 393 1203 433 ecclesiasticas,

460 447 581 490 aliaque
607 451 785 490 opportuna
808 446 887 479 iuris
911 451 942 479 et
964 445 1037 479 sacti
1053 445 1203 486 remedia,

461 500 671 544 appellatione
696 500 889 544 postposita,
915 509 1128 543 compescere,
1153 500 1201 532 le-

460 553 641 597 gitimisque
677 562 772 596 super
809 552 858 585 his
891 552 1043 586 habendis
1073 552 1205 585 servatis

460 606 673 650 processibus,
687 606 867 647 sententias,
876 616 1026 640 censuras
1042 611 1072 639 et
1088 616 1205 650 poenas

461 659 543 703 ipsas
567 669 740 702 aggravare
765 665 795 692 et
818 669 1044 703 reaggravare,
1074 658 1204 692 interdi-

460 717 546 745 ctum
561 712 809 746 ecclesiasticum
826 723 998 757 apponere,
1015 722 1062 753 ac,
1082 712 1108 745 si
1125 722 1205 757 opus

460 770 553 806 esset,
571 765 723 798 auxilium
740 765 863 799 brachii
879 765 1030 799 secularis
1047 765 1204 806 invocare,

459 828 517 852 nec
546 828 610 852 non
634 819 741 852 omnia
764 824 794 852 et
819 819 942 862 singula
968 819 999 852 in
1022 818 1206 863 praemissis

459 877 490 904 et
515 872 598 904 circa
624 881 660 905 ea
684 871 920 916 quomodolibet
953 872 1129 905 necessaria
1161 872 1204 904 sa-

461 934 531 958 cere
557 930 587 958 et
611 925 722 968 exequi
751 925 849 959 libere
880 929 911 959 et
938 925 1022 958 licite
1041 929 1146 969 posset
1176 931 1207 958 et

461 978 600 1023 valeret]
625 978 664 1011 ad
692 979 781 1013 Sedis
811 979 1008 1023 Apostolicae
1032 978 1207 1023 beneplaci-

461 1036 528 1064 tum
553 1031 687 1066 subiecit
707 1037 737 1066 et
757 1033 932 1077 supposuit,
950 1038 1044 1077 prout
1060 1033 1091 1066 in
1109 1032 1206 1076 ipsius

463 1084 551 1119 Pauli
568 1086 822 1130 praedecessoris
846 1087 876 1119 in
902 1086 996 1119 simili
1015 1087 1117 1120 forma
1137 1086 1207 1119 Bre-

462 1137 509 1171 vis
533 1139 592 1171 sub
614 1139 664 1172 die
681 1149 748 1173 xvn
773 1139 882 1184 aprilis
906 1140 1044 1173 nncxw'
1070 1139 1206 1183 desuper

463 1192 618 1236 expeditis
637 1193 750 1227 litteris
767 1193 892 1238 plenius
908 1193 1086 1227 continetur
1096 1194 1116 1226 ².

507 1247 523 1290 5
546 1246 575 1280 2.
601 1248 645 1280 Ac
669 1247 797 1280 demum
826 1258 883 1292 pro
911 1254 1000 1292 parte
1029 1248 1206 1281 charissimi

462 1301 494 1334 in
518 1300 641 1335 Christo
654 1301 711 1334 filii
728 1302 828 1335 nostri
846 1302 993 1335 Ludorici
1010 1303 1205 1336 Francorum

462 1355 546 1398 regis
567 1356 819 1390 christianissimi
839 1356 941 1389 cidem
966 1357 1062 1390 Paulo
1079 1356 1207 1400 praede-

462 1410 580 1442 cessori
605 1410 758 1454 exposito,
780 1410 865 1454 quod
881 1411 983 1444 dictus
1000 1412 1110 1444 Petrus
1127 1411 1207 1454 regi-

462 1463 539 1496 mini
571 1469 599 1496 et
626 1463 781 1506 gubernio
813 1464 996 1497 monialium
1025 1465 1205 1509 primodicti

462 1516 588 1550 Ordinis
609 1528 680 1550 cum
706 1518 805 1551 multo
825 1517 950 1551 illarum
971 1518 1127 1562 spirituali
1146 1508 1225 1555 frti-l

463 1574 514 1605 ctu
538 1581 573 1604 ac
594 1571 847 1605 christifidelium
873 1572 1091 1605 aedificatione
1117 1582 1206 1605 vaca-

414 1655 419 1657 ,
463 1631 567 1664 verat,
593 1624 675 1657 idem
701 1625 816 1658 Paulus
847 1624 1083 1669 praedecessor,
1110 1631 1206 1666 motu,

306 2077 450 2099 nectamamt-

265 2105 304 2126 bm
319 2107 388 2126 tamen
408 2111 450 2126 rno-

264 2132 355 2152 nuatum:
376 2134 396 2152 el.
411 2132 452 2153 Or-

266 2158 320 2178 alni<
329 2159 451 2180 tlh-mema-

266 2190 311 2205 rnm
335 2186 450 2211 superiori-

266 2211 311 2235 bus,

463 1678 604 1718 scientia,
624 1678 860 1719 deliberatione,
877 1689 912 1712 ac
937 1679 1127 1723 apostolicae
1151 1690 1208 1724 po-

464 1731 583 1764 testatis
607 1732 801 1776 plenitudine
826 1732 966 1776 paribus,
986 1733 1106 1766 litteras
1123 1744 1209 1778 prae-

464 1784 579 1825 dictas,
604 1795 640 1818 ac
664 1785 770 1818 omnia
800 1792 830 1818 et
861 1786 986 1829 singula
1014 1786 1047 1818 in
1070 1786 1115 1819 eis
1138 1796 1210 1820 con-

464 1843 566 1879 tenta,
591 1839 650 1871 sub
683 1838 778 1872 certis
809 1839 904 1872 modo
937 1845 967 1872 et
998 1840 1100 1872 forma
1135 1845 1208 1873 tunc

464 1892 634 1936 expressis,
645 1892 832 1936 approbavit
848 1898 878 1926 et
892 1893 1101 1933 confirmavit,
1115 1899 1207 1937 prout

464 1946 496 1979 in
521 1946 590 1979 aliis
615 1946 756 1979 eiusdem
783 1946 870 1979 Pauli
900 1947 1153 1990 praedecessoris
1177 1948 1208 1980 in

465 1998 576 2033 eadem
602 1999 703 2032 forma
728 1999 835 2033 Brevis
860 2000 918 2033 sub
949 2000 998 2033 die
1024 2011 1078 2034 xiv
1103 2001 1208 2033 martii

465 2062 576 2087 »mcxx
601 2053 736 2097 desuper
760 2053 913 2098 expeditis
942 2054 1054 2087 litteris
1083 2055 1208 2098 plenius

466 2107 611 2141 similiter
631 2106 837 2141 continetur³.

509 2162 524 2205 g
548 2160 577 2195 3.
596 2162 672 2196 Cum
689 2166 805 2202 autem,
821 2162 901 2195 sicut
918 2163 1109 2206 accepimus,
1127 2162 1208 2195 idem

466 2216 579 2249 Paulus
607 2216 851 2261 praedecessor,
876 2227 932 2260 per
963 2227 1035 2249 eum
1065 2216 1209 2250 similiter

464 2275 604 2314 accepto,
625 2269 709 2314 quod
726 2268 793 2302 eius
810 2269 932 2303 litterae
948 2269 1128 2314 praedictae
1146 2280 1207 2303 non

465 2323 567 2356 solum
591 2333 609 2355 a
633 2322 794 2363 fratribus,
812 2328 839 2355 et
858 2323 898 2355 ab
920 2323 1067 2356 omnibus
1092 2323 1209 2357 monia-

464 2376 546 2409 libus
571 2376 770 2410 Discalceatis
789 2377 864 2410 dicti
881 2376 1007 2410 Ordinis
1024 2387 1086 2410 non
1104 2377 1209 2410 obser-

465 2435 563 2470 vatae,
584 2429 638 2462 sed
662 2429 812 2463 nonnulla
836 2429 940 2474 potius
965 2436 1075 2463 contra
1099 2440 1207 2463 earum

466 2488 591 2516 tenores
625 2487 772 2517 attentata
805 2484 947 2523 fuerant;
979 2488 1007 2518 et
1040 2490 1208 2528 propterea

501 2564 514 2590 1
535 2563 654 2591 Erronee
669 2563 734 2591 edit.
751 2563 819 2591 Main
835 2564 900 2600 legit
916 2564 1045 2598 171401.
1063 2565 1111 2598 τ.).

502 2608 518 2633 2
535 2608 589 2635 llae
605 2609 708 2636 litterae
725 2609 799 2636 Pauli
812 2610 834 2636 V
849 2609 947 2637 desunt
960 2616 997 2641 (n.
1014 2610 1063 2643 11).

503 2654 518 2678 3
534 2652 571 2680 Ne
587 2653 653 2682 istae
668 2654 777 2690 quidem
791 2654 818 2682 in
828 2654 963 2684 Bullario
978 2655 1105 2690 leguntur
1116 2656 1204 2690 (mr).

1235 286 1338 320 dictus
1360 286 1476 320 Paulus
1499 287 1538 320 de
1562 288 1617 329 iis,
1641 298 1723 332 quac
1747 299 1765 322 a
1788 288 1979 323 monialibus

1235 339 1274 373 ad
1299 349 1390 373 suum
1416 339 1556 373 favorem
1580 340 1810 384 allegabantur,
1833 351 1892 376 nec
1915 351 1980 376 non

1236 392 1275 426 de
1299 393 1473 437 praetensis
1495 393 1680 427 eorumdem
1700 394 1833 428 fratrum
1857 393 1981 429 iuribus

1237 445 1443 485 informatus,
1469 445 1549 479 sicut
1573 446 1612 479 ab
1636 456 1745 479 earum
1774 451 1982 490 procuratore

1237 498 1398 542 exposita,
1423 503 1454 531 et
1477 509 1585 532 coram
1615 499 1738 532 dilectis
1766 499 1840 533 filiis
1863 500 1982 534 nostris

1237 550 1266 584 S,
1282 551 1315 584 R.
1331 551 1363 584 E.
1381 550 1606 593 cardinalibus,
1619 552 1735 596 quibus
1746 552 1915 596 negocium
1931 563 1984 586 au-

1237 603 1386 637 diendum
1412 609 1443 637 et
1467 604 1526 637 sibi
1547 604 1751 638 referundum
1769 605 1982 647 commiserat,

1237 657 1372 691 deducta
1401 658 1530 692 suerunt
1559 662 1590 693 et
1618 658 1676 692 sibi
1711 659 1827 700 relata,
1855 659 1981 693 easdem

1237 711 1357 746 litteras
1380 711 1475 745 modo
1499 716 1529 745 et
1558 711 1661 746 forma
1685 712 1895 758 infrascriptis
1919 713 1979 747 ob-

1238 764 1392 798 servanda
1412 764 1612 806 decreverat;

1283 818 1298 862 ἓ
1320 818 1350 851 4.
1377 819 1504 860 Verum,
1521 818 1761 863 superveniente
1781 819 1866 853 illius
1882 820 1981 862 obitu,
2022 836 2048 856 ιςι
2066 835 2127 857 emit
2146 841 2180 857 ιιι-

1239 871 1360 904 litterae
1373 871 1510 917 desuper
1527 872 1690 916 expeditae
1707 882 1770 906 non
1786 872 1901 906 fuerint
1915 884 1920 906 :
2011 862 2140 910 itss‘ii'iffi‘a'·
2153 867 2182 910 3*-

1284 926 1299 969 g
1315 925 1345 959 5.
1362 926 1436 968 sos,
1457 926 1511 970 qui
1524 925 1658 959 subinde
1674 925 1780 959 divina
1797 925 1981 971 disponente
1995 915 2181 970 {afflasti-7

1239 978 1405 1013 clementia
1437 979 1475 1012 ad
1504 979 1620 1013 summi
1644 979 1836 1024 apostolatus
1860 980 1981 1024 apicem
1996 968 2086 990 mmm*
2149 1021 2153 1025 ,

1239 1033 1392 1077 assumpti
1417 1043 1535 1074 sumus,
1552 1033 1692 1067 volentes
1708 1032 1833 1067 easdem
1850 1033 1981 1075 litteras,
1995 1021 2180 1075 „wigii-‘3333

1239 1092 1266 1120 et
1289 1087 1321 1119 in
1341 1086 1385 1120 eis
1409 1090 1555 1121 contenta
1577 1097 1806 1131 quaecumque,
1821 1092 1886 1120 tam
1905 1097 1924 1120 a
1939 1087 1982 1120 di·
1996 1078 2053 1125 ῗῗέἷῗι
2068 1077 2126 1097 '⁸¹⁸'
2143 1074 2181 1097 Μ’

1239 1140 1297 1173 ctis
1321 1140 1488 1179 fratribus,
1513 1150 1608 1185 quam
1632 1140 1670 1174 ab
1695 1140 1842 1174 omnibus
1865 1141 1983 1175 monia-

1240 1192 1321 1225 libus
1353 1193 1553 1227 Discalceatis
1588 1194 1770 1227 huiusmodi
1801 1193 1840 1227 de
1876 1199 1982 1228 cetero

1240 1246 1463 1280 inviolabiliter
1476 1247 1648 1288 observari,
1659 1247 1905 1292 earumdemque
1918 1258 1984 1281 mo-

1239 1300 1370 1333 nialium
1406 1301 1504 1345 quieti
1533 1308 1562 1334 et
1597 1302 1709 1343 statui,
1734 1307 1887 1346 quantum
1910 1313 1983 1336 cum

1240 1354 1373 1387 Domino
1390 1365 1570 1398 possumus,
1588 1356 1765 1397 consulere,
1782 1355 1820 1389 de
1837 1356 1985 1390 omnibus

1240 1412 1269 1440 et
1294 1408 1426 1450 singulis
1456 1409 1639 1452 praemissis
1668 1419 1763 1452 supra
1788 1409 1930 1453 allegatis
1953 1415 1984 1443 et

1241 1462 1414 1505 praetensis
1439 1462 1594 1499 similiter,
1619 1468 1650 1495 ut
1676 1463 1865 1506 praefertur,
1889 1464 1985 1498 insor-

1241 1516 1325 1555 mati,
1345 1526 1403 1549 nec
1427 1526 1490 1550 non
1509 1516 1665 1550 dictarum
1690 1517 1867 1551 litterarum
1882 1518 1983 1552 verio-

1240 1580 1291 1602 res
1315 1574 1345 1604 et
1369 1576 1450 1603 totos
1475 1576 1616 1612 tenores,
1641 1571 1771 1615 perinde
1795 1581 1831 1604 ac
1855 1571 1880 1604 si
1905 1572 1984 1606 inse·

1241 1630 1398 1664 rerentur‚
1412 1625 1632 1668 praesentibus
1643 1635 1703 1669 pro
1722 1625 1878 1669 expressis
1896 1630 1927 1659 et.
1944 1626 1984 1659 ad

1241 1678 1374 1711 verbum
1399 1678 1526 1711 insertis
1550 1679 1716 1719 habenteS‚
1741 1684 1829 1712 motu
1852 1679 1985 1724 proprio

1241 1737 1269 1764 et
1290 1743 1327 1765 ex
1352 1735 1438 1765 certa
1461 1742 1496 1765 ac
1514 1734 1602 1766 mera
1625 1733 1755 1766 scientia
1781 1738 1811 1766 et
1834 1733 1986 1767 delibera-

1242 1785 1325 1819 tione
1346 1785 1473 1826 nostris‚
1487 1786 1588 1830 deque
1613 1786 1806 1830 apostolicae
1821 1787 1986 1831 potestatis

1241 1839 1434 1884 plenitudine
1455 1840 1575 1873 litteras
1598 1839 1795 1883 praedictas,
1820 1850 1858 1874 ac
1880 1841 1986 1874 omnia

1242 1898 1271 1925 ct
1295 1893 1419 1936 singula
1443 1893 1475 1925 in
1499 1893 1544 1926 cis
1567 1898 1730 1934 contenta,
1756 1898 1865 1927 tenore
1893 1904 1984 1938 prae-

1242 1946 1387 1986 sentium,
1405 1945 1499 1980 etiam
1524 1946 1737 1990 approbamus
1761 1952 1792 1980 et
1815 1946 1984 1981 confirma-

1242 2010 1322 2038 mus,
1348 1999 1473 2043 illisque
1497 1999 1644 2033 omnibus
1661 2005 1692 2032 et
1709 2000 1840 2043 singulis
1858 2000 1985 2034 inviola-

1242 2052 1313 2085 bilis
1324 2053 1515 2097 apostolicae
1529 2053 1686 2087 firmitatis
1699 2053 1797 2087 robur
1807 2053 1982 2088 adiicimus.

1286 2108 1301 2149 ,ξ
1332 2106 1360 2139 G.
1394 2106 1575 2140 Mandantes
1605 2107 1837 2151 p1·opterea=in
1869 2107 1984 2142 virtute
2012 2118 2182 2168 *ltacgt-pm,-

1242 2165 1366 2193 sanctae
1390 2160 1588 2194 obedientiae
1609 2161 1768 2201 fratribus,
1781 2172 1817 2195 ac
1835 2161 1984 2196 omnibus
1998 2147 2051 2174 ⁰¹⁹³
2063 2151 2076 2168 ⁰
2092 2151 2181 2168 servm.

1241 2219 1268 2247 ct
1296 2214 1428 2257 singulis
1452 2214 1636 2255 abbatissis,
1662 2225 1718 2248 seu
1749 2215 1929 2259 priorissis,
1953 2220 1986 2250 et

1242 2268 1431 2301 monialibus
1456 2267 1656 2301 Discalceatis
1679 2267 1804 2302 Ordinis
1819 2268 1983 2313 praedicti,

1242 2321 1373 2365 aliisque
1397 2321 1552 2366 personis,
1569 2321 1796 2365 cuiuscumque
1813 2320 1984 2364 dignitatis,

1243 2381 1350 2412 status,
1367 2375 1483 2417 gradus
1504 2380 1533 2410 et
1557 2375 1746 2410 conditionis
1770 2375 1985 2418 existentibus,

1242 2440 1276 2462 ac
1302 2429 1412 2473 quavis
1436 2429 1623 2463 auctoritate
1638 2434 1669 2462 et
1686 2433 1837 2473 potestate
1853 2429 1986 2474 fungen-

1243 2483 1336 2523 tihus,
1353 2493 1391 2516 nc
1408 2493 1465 2528 per
1481 2493 1524 2524 se,
1540 2482 1588 2516 vel
1606 2482 1713 2523 alium,
1729 2492 1785 2515 seu
1800 2482 1890 2523 alios,
1906 2483 1986 2517 dire-

1241 2543 1289 2570 cte
1315 2537 1362 2570 vel
1387 2537 1555 2578 indirecte,
1579 2547 1616 2570 ex
1648 2546 1846 2581 quacumque
1871 2539 1983 2579 causa,

1242 2591 1332 2624 titulo
1361 2595 1414 2624 aut
1443 2589 1585 2634 quaesito
1617 2589 1724 2623 colore
1757 2590 1805 2623 rel
1837 2590 1982 2634 ingenio,

1240 2649 1350 2678 contra
1374 2643 1550 2678 litterarum
1574 2642 1807 2687 praedictarum
1824 2643 1983 2678 continen-
