2293 3231
94 330 143 359 Λιι.
159 329 188 358 C.
209 328 278 358 1622

33 1260 37 1263 .
111 1239 196 1263 Eam-ici
210 1239 276 1262 Bour-

34 1280 47 1294 ›‚
90 1266 133 1289 bon
150 1272 188 1294 pro
201 1266 276 1288 eadem

21 1291 23 1300 '
34 1295 47 1299 ''
91 1299 114 1316 re
128 1298 211 1321 procos.

31 1326 50 1338 t.

58 1582 59 1585 Ἴ
165 1557 278 1584 Gregorius

46 1583 50 1607 1
67 1591 69 1593 ·
91 1584 152 1612 Papa
165 1585 241 1606 nuncio
256 1589 279 1605 a·

44 1612 68 1641 2,
91 1611 195 1638 postolieo
211 1611 278 1640 sacul-

19 1641 23 1666 ξ
46 1641 65 1666 ιζ,
91 1639 158 1659 tatem
203 1637 279 1658 tribuit

36 1676 42 1684 t
61 1667 68 1686 “.
91 1664 205 1691 praedicta
233 1669 278 1684 mo-

16 1707 18 1712 *
41 1686 51 1727 ἕ
66 1688 73 1704 Δ·
91 1690 279 1744 tart-fratta·

38 1733 71 1789 Κῧ
93 1743 174 1765 mendi:

3 1803 70 1859 *stl-

2 1855 69 1934 .

897 330 1073 355 unnoomus
1097 331 1138 355 xv
1163 331 1210 354 pr.

290 377 424 411 siasticis
450 377 489 410 ad
513 387 684 420 congruam
707 388 816 412 eorum
838 379 1050 412 sustentatio-'

290 440 361 464 nem
379 430 570 464 sufficienter
590 432 751 475 provisum
769 432 873 473 suerit,
891 433 1030 473 solvere,

291 488 321 516 et
337 483 368 516 in
388 483 538 517 aedificiis
562 484 775 526 ecclesiarum,
798 496 833 518 ac
850 485 985 528 collegii,
1003 489 1032 519 ct

291 537 470 579 domorum,
485 548 521 570 ac
540 538 767 572 habitationum
786 539 1030 583 praedictorum,

290 599 413 624 necnon
433 590 606 624 redditibus
621 592 732 624 annuis
749 592 780 624 in
802 592 878 625 locis
895 602 1032 625 commo-

290 642 338 676 dis
363 644 570 687 acquirendis,
588 646 688 678 multo
703 646 854 679 maiorem
879 646 1031 689 quantita-

290 702 364 737 tem,
389 708 482 740 quam
503 698 589 731 valor
614 699 792 731 reddituum
818 704 847 731 et
872 699 1028 732 bonorum

289 750 555 784 monasteriorum
568 757 598 784 et
610 753 769 796 prioratus
782 752 961 786 huiusmodi
976 753 1031 785 im-

290 808 411 847 portet,
437 804 620 848 impendere
645 810 675 838 et
699 816 855 850 exponere
880 806 1028 845 intendat,

293 854 465 888 dummodo
486 855 533 888 ius
550 861 733 900 patronatus
758 861 787 889 et
811 856 1028 900 praesentandi

291 917 443 951 personas
467 908 594 942 idoneas
619 909 656 942 ad
681 910 881 942 canonicatus
898 915 927 942 et
943 920 1030 953 prae-

288 960 406 994 bendas
430 962 474 995 sic
498 963 663 1005 erigendas
687 963 883 1004 huiusmodi,
907 974 1028 996 necnon

290 1014 450 1058 prioratus
467 1020 498 1048 et
514 1016 708 1059 parochiales
731 1016 887 1056 ecclesias,
908 1016 1029 1059 aliaque

289 1066 442 1100 beneficia
465 1078 482 1100 a
506 1068 596 1101 dictis
619 1069 818 1101 monasteriis
846 1069 1025 1112 dependen-

291 1120 343 1161 tia,
369 1120 426 1154 sibi
451 1121 561 1161 valide,
585 1126 620 1154 ut
643 1121 740 1163 infra,
761 1132 817 1165 per
840 1132 898 1155 nos
923 1132 1030 1154 conce-

290 1173 382 1207 datur
407 1180 436 1207 et
459 1180 653 1208 reservetur:

335 1227 392 1270 §2
410 1227 511 1266 Quare
528 1238 586 1271 pro
603 1232 691 1272 parte
709 1228 783 1260 dicti
798 1228 923 1261 Henrici
941 1228 1029 1260 ducis

290 1284 320 1312 et
343 1280 496 1324 principis
519 1281 611 1313 nobis
629 1281 687 1313 suit
700 1281 862 1314 humiliter
878 1282 1031 1326 supplica-

290 1336 374 1374 tum,
403 1338 555 1376 quatenus
579 1335 768 1367 monasteria
801 1340 830 1367 et
853 1334 1029 1378 prioratum

291 1386 509 1420 huiusmodisu
522 1387 681 1431 pprimere
699 1393 728 1420 ct
738 1388 931 1430 extinguere,
945 1388 1031 1421 alias-

293 1450 355 1483 que
370 1440 403 1473 in
419 1440 601 1484 praemissis
617 1446 793 1484 opportune
808 1441 975 1488 providere
993 1441 1030 1474 de

291 1492 484 1535 benignitate
503 1493 675 1537 apostolica
694 1493 914 1536 dignaremur:

338 1546 353 1590 ἓ
376 1545 405 1579 3.
431 1547 493 1579 Nos
517 1547 613 1589 igitur
634 1547 699 1590 (qui
724 1546 841 1579 dudum
868 1548 949 1579 inter
973 1548 1031 1579 alia

293 1599 460 1640 voluimus,
485 1600 569 1644 quod
592 1603 732 1643 petentes
755 1600 908 1633 beneficia
932 1601 1031 1633 eccle-

294 1652 418 1686 siastica
438 1653 506 1686 aliis
538 1653 621 1686 uniri
644 1656 826 1686 tenerentur
855 1654 1031 1697 exprimere

293 1716 403 1739 verum
424 1716 562 1739 annuum
587 1706 726 1739 valorem
751 1707 923 1739 secundum
949 1718 1032 1740 com-

293 1770 421 1793 munem
438 1759 688 1793 aestimationem
702 1760 795 1792 etiam
810 1760 964 1800 beneficii,
981 1760 1031 1792 eui

292 1812 376 1846 aliud
400 1813 482 1846 uniri
506 1818 684 1856 peteretur,
708 1813 847 1856 alioquin
871 1813 946 1846 unio
970 1824 1031 1846 non

293 1866 426 1907 valeret,
455 1871 483 1899 et
516 1866 598 1899 idem
630 1866 789 1899 observari
819 1866 976 1899 voluimus
1000 1866 1031 1898 in

292 1920 455 1963 quibusvis
479 1919 764 1963 suppressionibus,
781 1920 940 1963 perpetuis
961 1930 1032 1953 con-

293 1973 487 2006 cessionibus
519 1977 549 2006 et
573 1973 904 2006 dismembrationibus
928 1978 958 2005 et
981 1983 1032 2016 ap-

293 2025 525 2069 plicationibus,
539 2027 633 2059 etiam
646 2027 684 2059 de
701 2027 951 2071 quibuscumque
968 2027 1031 2059 sru-

294 2078 395 2112 ctihus
412 2083 442 2113 et
460 2080 551 2112 bonis
568 2080 800 2124 ecclesiasticis)
819 2080 937 2113 dictum
954 2081 1032 2112 Heu·
1047 2097 1049 2104 ‹

295 2131 396 2164 ricum
420 2132 531 2166 ducem
563 2138 594 2166 et
624 2134 799 2177 principem
829 2144 846 2166 a
870 2134 1031 2177 quibusvis

295 2186 635 2227 excommunicationis,
653 2187 865 2230 suspensionis
890 2193 919 2219 et
940 2187 1033 2220 inter-

295 2238 396 2280 dicti,
428 2239 558 2283 aliisque
595 2240 811 2274 ecclesiasticis
847 2240 1005 2273 sententiis
1024 2267 1031 2280 ,

296 2292 436 2325 censuris
454 2296 483 2326 et
499 2292 618 2336 poenis,
636 2303 653 2325 a
670 2293 737 2326 iure
762 2293 809 2326 vel
829 2294 868 2325 ab
894 2293 1031 2332 homine,

295 2346 404 2390 quavis
418 2346 581 2379 occasione
597 2347 646 2378 vel
663 2349 755 2379 causa
775 2347 855 2386 latis,
873 2347 898 2378 si
920 2346 1032 2389 quibus

295 2399 490 2443 quomolibet
514 2399 680 2432 innodatus
698 2400 810 2440 existit,
831 2400 867 2432 ad
886 2399 1031 2433 effectum

294 2452 506 2496 praesentium
531 2453 796 2496 consequendum,
820 2453 931 2485 harum
953 2453 1032 2486 serie

295 2505 491 2538 absolventes
515 2510 547 2538 et
570 2506 747 2538 absolutum
770 2506 837 2539 sore
861 2511 1032 2545 censentes,

294 2568 418 2592 necnon
434 2569 544 2591 verum
561 2563 590 2591 et
606 2558 751 2592 ultimum
769 2558 1031 2591 monasteriorum

296 2615 327 2643 et
347 2612 506 2655 prioratus
525 2611 759 2656 praedictorum
785 2611 953 2644 vacationis
969 2622 1034 2644 mo-

296 2664 390 2706 dum,
413 2665 535 2698 etiamsi
567 2675 604 2698 ex
635 2665 688 2698 illo
720 2665 848 2708 quaevis
877 2664 1033 2707 generalis

297 2718 468 2752 reservatio
492 2718 586 2752 etiam
610 2719 642 2751 in
667 2729 802 2762 corpore
826 2718 903 2751 iuris
927 2718 1032 2751 clausa

1066 379 1205 419 resultet,
1225 388 1282 411 nec
1307 388 1368 411 non
1393 378 1548 411 bonorum
1569 383 1599 411 et
1623 377 1801 411 reddituum

1065 441 1338 475 quorumcumque
1355 431 1511 464 dictorum
1536 431 1801 464 monasteriorum

1065 490 1095 517 et
1111 484 1267 528 prioratus
1285 484 1476 525 situationes,
1498 484 1647 525 confines,
1664 483 1804 518 denomi-

1064 537 1222 578 nationes,
1248 537 1427 581 qualitatcs‚
1453 548 1607 581 verosque
1629 542 1659 569 et
1683 547 1802 570 annuos

1065 592 1185 624 valores
1200 592 1418 635 praesentibus
1441 602 1499 635 pro
1517 592 1673 636 expressis
1690 591 1803 625 haben-

1064 649 1119 685 tes,
1144 645 1323 678 huiusmodi
1349 645 1628 689 supplicationibus
1653 645 1801 686 inclinati,

1063 697 1245 731 discretioni
1259 704 1327 731 tuae
1341 699 1576 742 perapostolica
1591 698 1706 742 scripta
1718 708 1802 730 man-

1063 752 1183 793 damus,
1207 758 1370 796 quatenus,
1392 752 1508 785 vocatis
1525 752 1577 796 qui
1598 752 1713 786 fuerint
1729 763 1801 785 evo-

1063 805 1164 846 candi,
1182 810 1244 838 tam
1263 806 1325 846 illa,
1343 816 1436 849 quam
1458 806 1554 839 sancti
1573 806 1699 839 Gildasii
1718 805 1800 846 Vidz,

1063 859 1152 891 cuius
1176 859 1213 891 ad
1238 859 1483 903 quadringentos
1512 865 1542 892 et
1565 859 1801 903 quinquaginta,

1063 922 1184 945 necnon
1200 912 1424 955 Burgidolense
1440 913 1639 953 monasteria,
1660 912 1748 946 cuius
1763 912 1801 946 ad

1063 970 1196 1008 quatuor
1220 966 1305 998 mille
1330 966 1466 999 florenos
1495 966 1562 999 auri
1587 966 1617 998 in
1642 966 1730 999 libris
1756 976 1803 999 ca-

1063 1029 1169 1051 merae
1195 1019 1385 1063 apostolicae
1411 1020 1504 1053 taxati
1529 1020 1749 1064 reperiuntur,
1773 1023 1804 1053 et

1062 1071 1235 1114 prioratum
1271 1072 1469 1113 huiusmodi,
1495 1073 1584 1106 cuius
1616 1073 1802 1116 vigintiqua-

1062 1129 1143 1164 tuor,
1160 1135 1281 1158 necnon
1301 1125 1325 1157 si
1346 1127 1420 1168 qua¹
1438 1126 1497 1159 sint
1521 1126 1623 1159 officia
1646 1126 1800 1160 dictorum

1064 1177 1326 1210 monasteriorum
1344 1179 1532 1219 claustralia,
1545 1190 1679 1223 quorum
1701 1180 1803 1222 singu-

1064 1230 1165 1263 lorum
1188 1235 1217 1265 et
1231 1232 1290 1263 illis
1307 1232 1411 1264 forsan
1424 1233 1597 1276 respective
1609 1243 1802 1266 annexorum

1063 1282 1193 1321 fructus,
1215 1282 1354 1315 redditus
1372 1289 1399 1315 ct
1417 1288 1586 1326 proventus
1611 1284 1745 1316 aliorum
1763 1283 1804 1316 vi-

1064 1333 1141 1376 ginti
1166 1339 1299 1377 quatuor
1323 1335 1507 1368 ducatorum
1534 1336 1672 1380 parium,
1698 1347 1804 1370 secun-

1064 1386 1138 1419 dum
1152 1398 1352 1421 communem
1377 1389 1639 1431 aestimationem,
1663 1390 1803 1424 valorem

1065 1450 1202 1473 annuum
1227 1451 1289 1474 nou
1314 1442 1476 1482 excedunt,
1502 1453 1572 1475 cum
1593 1443 1731 1486 primum
1752 1443 1803 1475 illa

1066 1493 1240 1535 (quatenus
1265 1494 1373 1526 eadem
1402 1495 1450 1527 vel
1479 1506 1590 1528 eorum
1614 1495 1741 1538 aliquod
1765 1495 1803 1528 ad

1065 1556 1213 1588 praesens
1237 1557 1300 1579 non
1325 1548 1454 1591 vacent)
1478 1558 1535 1590 per
1565 1558 1698 1587 cessum,
1713 1553 1743 1581 et
1767 1558 1804 1581 ex

1066 1601 1159 1631 causa
1191 1600 1450 1643 permutationis,
1486 1606 1516 1633 et
1546 1601 1577 1633 in
1607 1601 1724 1634 nostris
1756 1602 1803 1634 vel

1066 1662 1283 1685 successorum
1296 1659 1478 1686 nostrorum
1496 1654 1710 1687 Romanorum
1728 1654 1804 1687 Pon-

1065 1705 1183 1738 tificum
1200 1717 1258 1749 pro
1278 1711 1419 1750 tempore
1436 1706 1634 1740 existentium
1659 1707 1803 1741 manibus

1065 1759 1162 1792 sactae
1186 1759 1233 1791 vel
1266 1759 1442 1800 faciendae,
1467 1770 1521 1793 seu
1545 1760 1726 1801 decessum,
1751 1766 1805 1794 aut

1065 1812 1208 1856 quamvis
1227 1806 1323 1845 ‘aliam
1350 1813 1565 1846 dimissionem
1589 1814 1638 1846 vel
1661 1814 1804 1848 amissio-

1066 1875 1136 1898 nem
1161 1876 1393 1909 quamcumque
1417 1866 1469 1899 illa
1500 1866 1539 1898 ad
1569 1877 1699 1910 presens
1727 1867 1804 1900 obti-

1065 1918 1216 1958 nentium,
1234 1919 1281 1951 vel
1308 1919 1382 1951 alias
1395 1918 1557 1962 quibusvis
1581 1919 1683 1952 modis
1696 1919 1802 1963 (etiam

1065 1971 1147 2014 apud
1171 1971 1284 2004 dictam
1310 1971 1432 2011 Sedem,
1450 1973 1497 2004 vel
1515 1972 1607 2004 etiam
1633 1973 1718 2005 iuxta
1734 1982 1803 2006 con-

1066 2025 1193 2057 cordata
1203 2025 1362 2068 praedicta
1372 2025 1491 2058 dudum
1505 2026 1586 2058 inter
1595 2025 1706 2059 Sedem
1722 2036 1803 2058 eam—

1065 2079 1136 2111 dem
1156 2089 1191 2111 ac
1212 2079 1357 2111 eumdem
1375 2079 1576 2112 Franciscum
1593 2089 1701 2122 regem
1717 2079 1802 2117 inita,

1066 2132 1113 2163 vel
1128 2131 1187 2163 alia
1203 2131 1366 2175 privilegia
1387 2137 1415 2164 et
1430 2132 1548 2164 indulta
1565 2133 1735 2175 apostolica
1748 2133 1803 2165 ha-

1066 2189 1173 2217 ctenus
1191 2195 1339 2218 concessa
1355 2190 1386 2218 et
1413 2185 1619 2229 imposterum
1634 2186 1804 2219 conceden-

1066 2238 1114 2279 da,
1131 2249 1186 2271 seu
1203 2239 1362 2281 graduatis
1382 2239 1466 2272 iuxta
1486 2240 1593 2272 eadem
1615 2239 1803 2272 concordata

1066 2291 1188 2335 affecta)
1217 2292 1310 2324 simul
1334 2292 1383 2324 vel
1407 2292 1581 2325 successive
1605 2303 1716 2325 vacare
1733 2303 1804 2325 con-

1066 2345 1172 2387 tigerit
1197 2344 1275 2387 (seu
1305 2345 1350 2377 si²
1374 2351 1436 2377 tam
1468 2345 1546 2386 illis,
1573 2356 1668 2388 quam
1702 2345 1803 2378 officia

1066 2397 1226 2440 praedicta
1250 2397 1335 2438 aliis,
1359 2403 1413 2430 aut
1441 2408 1551 2431 eorum
1581 2398 1729 2441 aliquod,
1754 2398 1804 2431 vel

1066 2451 1169 2493 aliqua
1193 2455 1274 2490 actu,
1290 2455 1323 2484 ut
1342 2451 1529 2494 praefertur,
1552 2451 1620 2483 aliis
1643 2451 1804 2495 quibusvis

1068 2503 1178 2543 modis,
1192 2509 1222 2536 et
1239 2515 1274 2536 ex
1295 2514 1568 2547 quorumcumque
1581 2505 1733 2548 personis,
1749 2516 1804 2538 seu

1067 2567 1125 2599 per
1141 2556 1254 2589 liberas
1267 2557 1424 2589 cessiones
1437 2557 1475 2589 de
1490 2557 1581 2589 dictis
1595 2558 1804 2594 monasteriis,

1067 2621 1240 2654 eorumque
1270 2611 1424 2653 regimine
1455 2616 1484 2643 et
1516 2611 1804 2648 administratione,

1105 2683 1113 2707 t
1133 2682 1202 2709 Edit.
1219 2681 1298 2708 Main.
1312 2681 1377 2715 legit
1389 2682 1416 2709 si
1430 2690 1504 2717 quae
1519 2682 1557 2717 (n.
1571 2683 1619 2717 r.)⁴

1101 2726 1118 2752 2
1133 2725 1234 2761 Nempe
1248 2734 1297 2754 seu
1312 2726 1428 2754 etiamsi
1441 2726 1480 2761 (n.
1491 2727 1539 2757 τ.).

1704 320 1764 354 771
1815 330 1864 357 An.
1879 329 1906 357 c.
1929 330 1996 358 που
