2293 3231
94 295 142 321 An.
160 293 273 322 &16¹3

941 295 1058 319 PAULUS
1083 295 1101 318 V
1127 295 1173 318 1¹1².

290 351 439 385 praesens
455 341 617 384 possident
633 342 676 375 uti
693 342 912 386 emphyteutae
926 342 1030 375 dilecti

290 393 346 425 filii
371 393 521 426 haeredes
540 393 700 437 quondam
721 393 874 437 Baptistae
891 394 1030 438 Capponi

291 446 330 478 ad
354 446 478 479 tertiam
503 447 749 489 generationem,
780 452 810 479 et
834 447 893 479 alia
922 447 1030 489 viginti

291 509 389 532 11111111]
407 504 494 532 scuta
511 509 613 532 annua
636 510 673 532 ex
698 500 852 532 fructibus
877 499 973 531 triuni
991 500 1032 531 lo-

292 561 403 584 corum
428 551 539 584 Montis
555 551 705 591 sanitatis,
725 562 761 583 ac
777 551 873 584 alium
893 561 1030 584 annuum

292 613 443 637 canonem
465 609 627 637 scutorum
647 604 783 637 duorum
801 608 830 636 et
848 603 1031 637 bononeno-

293 666 364 689 rum
378 656 626 700 vigintiquinque
636 656 817 699 impositum
828 667 922 700 super
937 656 1032 690 domo

293 719 393 753 prope
421 709 584 742 ecclesiam
609 715 639 741 et
663 709 722 742 sub
746 709 912 752 campanili
938 710 1033 742 eccle-

293 762 357 795 siae
371 762 469 795 saneti
487 762 572 795 Pauli
590 763 628 796 de
645 763 780 796 Arenula
796 764 940 806 possessa
957 773 974 795 a
990 763 1033 795 di-

292 815 374 848 lecto
399 815 493 848 etiam
518 816 583 850 filio
599 816 718 849 Thoma
746 816 865 856 Thetio,
883 826 917 848 ac
935 816 1031 848 alium

293 878 445 901 canonem
470 878 610 902 annuum
635 873 798 901 scutorum
815 868 921 908 trium,
938 868 1033 901 bono—

293 931 448 954 nenorum
460 921 720 964 trigintaseptem,
738 921 920 964 impositum
939 931 1032 964 super

293 973 354 1006 alia
380 973 474 1007 domo
498 984 597 1017 prope
620 973 735 1007 dictam
752 973 916 1007 ecclesiam
935 974 1032 1006 sancti

294 1026 381 1059 Pauli
405 1026 444 1059 de
468 1027 621 1067 Arenula‚
650 1037 686 1059 ac
710 1026 785 1059 olim
811 1026 868 1058 sub
892 1025 1034 1069 proprie-

294 1084 356 1112 tate
379 1079 462 1112 illius
487 1079 646 1120 existenti,
672 1079 766 1112 modo
791 1080 933 1122 possessa
957 1089 975 1111 a
991 1078 1033 1111 di-

294 1132 375 1165 lecto
392 1132 536 1164 similiter
552 1131 617 1164 filio
644 1131 782 1164 Fabritio
811 1131 849 1163 de
875 1131 1032 1174 Specules,

293 1195 415 1218 necnon
452 1185 690 1228 responsionem
724 1184 861 1217 duorum
884 1184 1032 1217 barilium

294 1237 389 1270 musti
420 1237 551 1280 singulis
585 1237 675 1270 annis
710 1237 846 1270 debitam
871 1247 888 1269 a
912 1237 1033 1269 dilectis

294 1291 386 1324 etiam
405 1290 478 1323 filiis
501 1290 690 1323 haeredibus
710 1290 869 1334 quondam
887 1284 1034 1334 Gasparis

294 1344 413 1378 Maroffi
437 1354 496 1388 pro
520 1354 637 1376 canone
655 1344 762 1376 vineae
784 1344 822 1376 ab
847 1344 891 1376 eis
916 1355 1035 1387 posses-

294 1407 356 1438 sae,
381 1402 412 1430 et
435 1396 553 1440 positae
577 1401 664 1429 extra
687 1401 811 1440 portam
836 1397 933 1429 sancti
959 1398 1035 1430 Lau-

294 1450 386 1484 rentii
404 1454 489 1483 extra
506 1450 629 1482 maenia
642 1444 751 1489 'di-his;
768 1460 847 1492 quae
864 1450 931 1483 loca
950 1461 1035 1483 mon—

295 1502 384 1543 tium,
402 1512 547 1543 canones,
563 1507 593 1535 et
616 1502 837 1545 responsiones
854 1502 929 1535 olim
947 1506 1034 1537 erant

295 1556 436 1590 redditus
461 1555 561 1588 dictae
590 1555 740 1588 ecelesiae
763 1555 861 1588 sancti
885 1556 971 1588 Pauli
996 1557 1033 1589 de

294 1609 432 1642 Arenula
463 1609 524 1640 iam
560 1618 761 1652 suppressae:
787 1618 908 1641 necnon
940 1609 1032 1643 etiam

294 1663 416 1695 fructus
439 1662 575 1695 duorum
593 1661 737 1695 locorum
754 1662 864 1695 Montis
881 1662 965 1705 pacis
982 1673 1035 1695 an-

295 1726 386 1756 nuos,
403 1715 546 1749 videlicet
561 1720 649 1748 scuta
669 1715 777 1748 decem
794 1720 824 1748 et
852 1715 1034 1749 bononenos

295 1769 532 1813 quinquaginta,
556 1778 592 1801 ac
621 1778 715 1801 unam
740 1768 870 1802 domum
901 1769 1033 1802 vicinam

296 1822 446 1856 ecclesiae
470 1822 568 1856 sancti
592 1822 711 1856 Nicolai
736 1822 775 1855 de
795 1822 916 1856 Molinis
941 1823 1033 1856 etiam

295 1874 517 1920 nuncupatae¹,
541 1887 613 1909 cum
638 1876 738 1909 tribus
758 1876 927 1920 apothecis,
955 1888 1034 1920 quae

295 1929 449 1974 possideri
473 1930 615 1963 solebant
639 1940 697 1973 pro
714 1929 847 1962 indiviso
871 1940 887 1962 a
911 1935 1034 1963 rectore

295 1982 396 2016 dictae
432 1983 583 2016 ecclesiae
622 1982 719 2015 sancti
751 1982 870 2016 Nicolai
906 1987 936 2015 et
967 1993 1036 2026 eap-

295 2036 418 2079 pellano
438 2040 562 2068 sanctae
578 2035 762 2069 Catharinae
786 2041 983 2079 nuncupatae
1004 2036 1034 2068 in

296 2088 405 2122 eadem
427 2088 558 2121 ecclesia
574 2087 726 2122 existens²
742 2088 956 2132 responsionis
976 2100 1034 2133 pro

297 2142 364 2174 rata
382 2140 514 2174 rectoris
536 2141 634 2184 ipsius
659 2141 808 2174 ecclesiae
831 2141 929 2174 sancti
946 2141 1035 2176 Nico-

296 2195 336 2227 lai
361 2194 487 2227 circiter
511 2198 597 2227 scuta
628 2194 853 2237 quadraginta,
873 2198 1034 2238 praeterea

296 2259 391 2282 unam
408 2249 553 2282 stantiam
581 2259 636 2281 seu
653 2249 879 2281 habitationem
902 2249 1034 2282 vicinam

296 2301 405 2335 domui
428 2301 533 2334 dilecti
557 2301 613 2334 sitii
637 2301 791 2335 Dominici
815 2301 852 2334 de
869 2301 1034 2335 Cavaleriis

296 2354 380 2398 apud
402 2354 595 2393 Caesarium,
624 2365 703 2397 quae
727 2354 763 2387 ad
788 2365 881 2386 usum
913 2354 1034 2398 reposi-

298 2406 391 2440 tionis
416 2417 530 2440 currus
554 2412 584 2440 et
607 2407 709 2439 senilis
733 2417 800 2440 esse
825 2407 913 2447 solet,
930 2417 965 2439 ac
993 2407 1035 2440 10-

297 2460 427 2493 cabatur
444 2460 540 2493 scutis
564 2460 673 2502 viginti
697 2465 846 2503 quatuor;
863 2470 942 2503 quae
966 2460 1034 2493 loca

297 2513 449 2546 Montium
474 2518 504 2545 et
527 2512 641 2546 domus
665 2513 741 2547 olim
775 2513 972 2556 pertinebant
996 2513 1034 2545 ad

1066 341 1151 374 linis:
1166 342 1406 375 necnonomnes
1421 340 1560 374 redditus
1574 340 1801 384 parochialium

1065 395 1269 427 ecclesiarum
1294 399 1473 427 sanctorum
1500 393 1651 425 Valentini
1681 403 1735 424 seu
1753 393 1802 425 Sc-

1065 447 1195 479 bastiani
1209 447 1289 490 apud
1311 448 1443 490 plateam
1462 446 1680 479 lllattheiorum
1695 450 1721 477 01
1737 455 1803 477 san-

1065 505 1132 532 ctae
1154 500 1267 532 Mariae
1285 500 1321 532 de
1339 499 1502 533 tjacaberis
1520 498 1665 531 similiter
1688 507 1803 530 nuncu-

1065 551 1227 594 patarum¹
1254 552 1284 584 in
1310 552 1391 585 dicta
1408 551 1536 594 regione
1562 551 1713 584 Arenulae
1734 560 1804 593 sup-

1065 615 1256 647 pressarum,
1282 616 1353 637 cum
1379 606 1516 648 primum
1543 605 1628 648 ipsae
1653 603 1804 636 ecclesiae

1065 667 1121 700 per
1138 656 1258 690 obitum
1284 657 1407 689 illarum
1433 663 1591 690 rectorum
1610 656 1802 689 vacaverint:

1066 709 1200 752 denique
1236 710 1377 743 redditus
1412 711 1601 753 parochialis
1637 709 1804 743 eccclesiae

1066 767 1191 794 sanctae
1216 762 1385 802 Barbarae,
1406 763 1499 795 0113111
1517 772 1714 806 suppressae,
1732 772 1803 794 01111]

1066 815 1217 858 primum,
1243 819 1276 848 ut
1300 816 1497 859 praefertur,
1523 815 1688 855 vacaverit,
1711 814 1805 847 dedu-

1066 868 1124 900 ctis
1148 873 1253 900 tamen
1286 878 1320 900 ex
1354 868 1443 901 dictis
1476 868 1649 900 redditibus
1680 872 1804 900 sanctae

1066 921 1221 953 Barbarae
1246 926 1372 953 eentum
1408 921 1502 954 scutis
1531 921 1723 964 applicandis
1746 931 1804 964 pro

1067 974 1194 1007 servitio
1225 975 1385 1018 cappellae
1414 974 1609 1008 musicorum
1634 974 1734 1007 dictae
1758 984 1806 1007 ec—

1066 1027 1179 1060 clcsiae
1204 1027 1301 1060 sancti
1326 1027 1499 1070 Laurentii)
1524 1027 1692 1071 applicavit
1710 1031 1740 1059 et
1756 1037 1806 1069 ap—

1066 1080 1230 1123 probarit,
1257 1080 1297 1112 ita
1323 1080 1407 1125 quod
1431 1081 1540 1113 liceret
1565 1079 1682 1112 eisdem
1708 1089 1806 1112 sacer-

1066 1132 1191 1166 dotibus
1212 1133 1340 1176 propria
1357 1133 1542 1166 auctoritate
1555 1142 1668 1176 capere
1682 1142 1805 1176 posses-

1067 1185 1187 1218 sionem
1204 1186 1346 1218 omnium
1363 1186 1598 1229 praedictorum
1615 1185 1805 1223 reddituum,

1066 1243 1130 1270 tam
1156 1243 1229 1270 tunc
1253 1238 1471 1277 decursorum,
1488 1249 1582 1282 quam
1608 1238 1639 1270 in
1662 1238 1805 1270 futurum

1067 1291 1350 1330 decurrendorum,
1375 1301 1410 1323 ac
1436 1291 1494 1323 sub
1519 1291 1729 1334 applicatione
1753 1291 1807 1322 hu-

1068 1344 1203 1377 iusmodi
1221 1345 1536 1388 comprehensorum;
1551 1354 1585 1377 ac
1600 1344 1693 1377 etiam
1706 1344 1806 1388 dispo-

1068 1398 1129 1431 suit
1152 1398 1330 1442 praedictos
1365 1398 1506 1431 redditus
1542 1398 1806 1431 administrandos

1068 1456 1098 1484 et
1122 1451 1344 1495 expendendos
1369 1462 1436 1484 csse
1461 1452 1556 1485 modo
1584 1457 1614 1484 et
1639 1453 1740 1485 forma
1768 1452 1806 1485 ab

1068 1505 1135 1548 ipso
1152 1505 1329 1538 Alexandro
1347 1505 1496 1537 cardinali
1510 1505 1762 1548 praescribenda,
1776 1505 1807 1538 in

1068 1557 1233 1592 utilitatem
1256 1562 1359 1591 tamen
1376 1558 1532 1591 dictorum
1550 1557 1760 1598 sacerdotum,
1778 1563 1805 1591 et

1068 1620 1131 1643 non
1155 1610 1248 1650 alias;
1274 1611 1328 1654 qui
1354 1615 1387 1643 ut
1411 1611 1609 1644 commodius
1626 1611 1689 1644 Deo
1707 1611 1738 1643 in
1763 1622 1809 1643 ec-

1068 1664 1162 1696 clesia
1181 1664 1279 1696 sancti
1291 1664 1450 1697 Laurentii
1464 1663 1645 1697 huiusmodi
1662 1664 1693 1696 in
1713 1663 1808 1697 admi-

1068 1717 1252 1750 nistratione
1277 1722 1549 1750 sacramentorum
1576 1723 1606 1750 et
1626 1717 1693 1749 aliis
1718 1728 1807 1750 exer-

1068 1770 1148 1803 citiis
1164 1770 1378 1813 spiritualibus
1396 1770 1548 1803 inservire
1564 1775 1700 1814 possent,
1714 1771 1807 1803 etiam

1068 1824 1145 1857 duas
1169 1824 1282 1857 domus
1307 1823 1399 1856 simul
1424 1824 1544 1857 iunctas
1570 1834 1668 1868 prope
1693 1823 1808 1857 dietant

1068 1877 1233 1910 ecclesiam
1258 1877 1355 1910 sancti
1380 1877 1559 1917 Laurentii,
1585 1887 1679 1909 unam
1705 1877 1807 1910 eidem

1069 1930 1307 1972 congregationi
1330 1941 1387 1973 per
1412 1930 1557 1962 dilectam
1578 1930 1609 1963 in
1629 1930 1752 1964 Christo
1776 1930 1809 1963 fi-

1069 1982 1142 2015 liam
1153 1982 1299 2016 Ceciliain
1309 1983 1544 2016 Tramezzinum
1555 1983 1727 2016 Romanam
1740 1993 1808 2026 per-

1068 2040 1162 2079 petuo
1186 2036 1343 2073 donatam.
1365 2041 1394 2068 et
1413 2036 1543 2068 alteram
1565 2036 1602 2068 ab
1620 2036 1808 2069 haeredibus

1068 2089 1226 2132 quondam
1252 2089 1374 2122 loannis
1399 2085 1557 2132 Baptistae’
1577 2089 1615 2121 de
1632 2089 1808 2122 Buvabellis

1068 2152 1085 2174 a
1109 2142 1193 2175 dicto
1217 2142 1393 2175 Alexandro
1426 2142 1574 2175 cardinali
1606 2142 1714 2185 rigore
1738 2143 1809 2175 alia-

1068 2205 1140 2227 rum
1164 2200 1345 2228 nostrarum
1363 2195 1509 2228 similiter
1533 2195 1564 2227 in
1583 2196 1684 2228 soi-ma
1702 2195 1807 2228 Brevis

1069 2248 1126 2280 sub
1158 2248 1208 2280 die
1240 2258 1282 2280 vn
1319 2248 1423 2280 martii
1456 2258 1552 2281 MDCXt
1588 2249 1806 2292 expeditarum

1068 2300 1243 2333 litterarum
1257 2300 1277 2341 ⁹,
1301 2305 1335 2333 nt
1359 2301 1549 2344 accepimus,
1574 2306 1724 2344 emptam,
1748 2311 1807 2343 pro

1069 2353 1208 2396 ipsorum
1235 2353 1433 2386 sacerdotum
1470 2353 1662 2385 habitatione
1689 2358 1719 2385 et
1746 2363 1806 2385 usu

1068 2405 1253 2446 destinavit,
1278 2409 1307 2439 et
1330 2406 1426 2445 alias,
1452 2411 1545 2448 prout
1574 2405 1604 2437 in
1628 2405 1806 2448 patentibus
1849 2431 1852 2434 .

1067 2459 1179 2491 litteris
1203 2459 1343 2492 eiusdem
1370 2459 1535 2491 Alexandri
1564 2458 1730 2491 cardinalis
1757 2459 1809 2491 dc-

1068 2522 1162 2555 super
1186 2512 1338 2554 expeditis
1363 2512 1455 2544 latius
1480 2512 1593 2545 dicitur
1609 2512 1772 2545 contineri.

1706 283 1770 316 '215
1815 293 1865 318 An.
1886 290 1998 318 121613

298 2565 440 2599 eamdem
465 2566 628 2598 ecclesiam
653 2566 750 2599 sancti
775 2566 892 2598 Nicolai
918 2566 955 2598 de
976 2566 1036 2598 Mo-
1113 2566 1128 2607 g*
1152 2565 1181 2597 2.
1207 2564 1282 2597 Cum
1300 2570 1415 2605 31110111,
1430 2565 1506 2597 sicut
1526 2565 1634 2597 eadem
1652 2566 1806 2609 expositio
1821 2600 1832 2620 p
1847 2568 1922 2594 anue
1936 2567 2006 2589 ⁰m¹³⁵³

1836 2595 1929 2615 ontifieia
1935 2596 2007 2615 aueto-

1106 2637 1116 2662 1
1134 2636 1232 2663 Iterum
1248 2635 1311 2662 edit.
1328 2635 1407 2662 1113111.
1425 2635 1488 2670 legit
1504 2639 1691 2671 nuncupatur
1708 2637 1744 2672 (R.
1756 2638 1804 2671 T.).
1821 2621 1957 2668 {igssgssifem
1969 2626 2006 2641 ’θ’

1105 2680 1120 2706 2
1136 2679 1220 2707 Etiam
1236 2678 1286 2708 hae
1301 2679 1406 2708 litterae
1422 2680 1530 2707 desunt.

335 2637 346 2662 1
364 2636 511 2671 Perperam
519 2635 583 2663 edit.
593 2635 670 2663 Main.
679 2636 745 2671 legit.
752 2639 939 2671 nuncupatur
947 2636 1033 2671 (nm).

332 2679 350 2706 2
363 2678 522 2708 Mendosum
536 2680 626 2709 locum
642 2681 752 2717 corrigit
766 2681 823 2718 ipse
842 2681 926 2709 lector
941 2682 980 2715 (a.
997 2683 1034 2715 T).

23 2643 32 2697 s-—y
22 2506 30 2633 ---·---‹
26 2496 28 2499 .
24 2482 29 2488 =
20 2213 31 2461 ‘qn-am
