2293 3231
79 287 126 317 An.
148 287 177 316 C.
194 286 262 315 1622

118 348 263 375 ‘transumptis

79 378 138 400 erodi
153 377 217 398 iubet.

107 1466 245 1488 Prooemium.

107 1892 186 1913 Paulus
195 1892 213 1912 V
229 1891 264 1912 de-

81 1921 161 1940 cretum
198 1918 265 1939 edidit

81 1945 139 1972 quod
155 1945 191 1966 hic
212 1945 265 1965 Pon-

80 1972 131 1992 tifex
157 1971 266 1997 ampliavit

81 1998 102 2018 in
112 1997 264 2018 Constitutione

81 2024 226 2050 praecedenti.

110 2157 231 2180 Concessio,
240 2157 266 2177 de

83 2189 126 2210 qua
136 2184 157 2205 in
171 2184 257 2206 rubrica

881 286 1057 312 GREGORIUS
1081 286 1124 311 XV
1147 287 1195 311 PP-

321 334 336 378 g
360 334 389 368 7.
414 334 565 368 Volumus
597 334 722 376 autem',
748 339 782 368 ut
805 336 1014 379 praesentium

277 387 482 431 transumptis
498 388 590 421 etiam
608 388 780 432 impressis,
798 388 1016 422 mannnotarii

275 440 395 484 publici
412 441 607 484 subscriptis,
633 447 662 474 et
679 441 783 483 sigillo
808 451 960 485 personae
986 440 1015 473 in

275 494 426 537 dignitate
450 495 660 528 ecclesiastica
675 495 860 528 constitutae
878 494 1016 534 munitis,

275 547 384 581 eadem
404 559 535 592 prorsus
551 548 628 581 fides
644 547 759 592 ubique
773 552 834 582 tam
853 548 885 580 in
901 547 1016 581 iudicio

275 611 369 644 quarn
386 606 473 634 extra
490 601 687 642 adhibeatur,
704 611 783 644 quae
797 601 912 634 eisdem
930 611 1017 645 prae-

274 653 413 686 sentibus
436 653 640 687 adhiberetur
654 681 662 695 ‚
683 654 709 687 si
737 655 839 688 sorent
861 654 1017 687 exhibitae

274 706 322 739 vel
345 712 497 740 ostensae.

318 760 430 794 Datum
456 761 572 793 Romae
586 787 594 801 ,
618 761 702 804 apud
727 764 864 794 sanctam
887 760 1015 794 Mariam

274 813 434 854 Maiorem,
459 813 517 846 sub
543 814 659 847 annulo
685 814 862 855 piscatoris,
884 814 934 847 die
961 823 1016 847 xix

275 866 341 900 iulii
357 877 501 909 nncxxn,
520 867 722 911 pontificatus
738 867 838 901 nostri
856 877 938 900 anno
955 877 985 900 11.

311 928 369 958 Dat.
385 929 429 957 die
443 929 476 956 1⁹
491 929 549 957 iulii
566 930 643 963 1622,
659 929 755 965 pontif.
772 937 816 957 an.
831 935 860 956 11.

605 1063 692 1096 LXX.

277 1132 441 1166 Concessio
471 1132 631 1175 fratribus
664 1131 801 1166 Ordinis
832 1131 1012 1166 Praedica-

319 1185 426 1214 torum
453 1181 491 1213 de
519 1181 658 1213 materici
683 1179 907 1224 Conceptionz's
931 1181 1014 1214 Bea-

320 1230 464 1263 tissimae
492 1229 638 1272 Virqinis
661 1229 788 1262 Mariae
819 1230 904 1262 inter
927 1239 958 1262 se
982 1230 1016 1262 in

316 1278 458 1322 privatis
475 1277 644 1322 colloquiis
668 1277 857 1311 disserendi.

483 1348 641 1383 Gregorius
659 1349 738 1383 Papa
752 1348 808 1382 XV,

418 1394 455 1421 ad
474 1393 607 1421 futuram
626 1393 672 1420 rei
692 1393 863 1420 memoriam

321 1455 433 1488 Eximii
459 1459 551 1498 atque
575 1455 749 1498 singulares
773 1455 914 1496 fructus,
938 1465 1018 1498 quos

278 1508 383 1541 dilecti
406 1508 462 1541 filii
479 1508 591 1540 fratres
614 1507 739 1541 Ordinis
763 1507 1017 1541 Praedicatorum

277 1562 309 1595 in
328 1562 473 1595 militanti
498 1562 654 1602 Ecclesia,
680 1562 769 1595 cuius
793 1561 950 1604 regimini,
976 1561 1019 1594 di-

276 1615 348 1648 vina
373 1615 559 1659 disponente
587 1615 769 1655 clementia,
792 1615 1018 1659 praesidemus,

276 1669 457 1709 attulerunt,
478 1673 508 1701 et
526 1668 558 1701 in
582 1668 648 1701 dies
672 1668 817 1708 afferunt,
839 1679 1021 1712 promeren-

277 1727 349 1763 tur,
373 1726 409 1755 ut
432 1722 560 1755 eosdem
584 1722 697 1754 fratres
721 1721 909 1765 specialibus
938 1722 1020 1755 savo-

277 1776 366 1809 ribus
391 1780 421 1809 et
445 1775 570 1819 gratiis,
597 1778 748 1819 quantum
778 1786 851 1808 cum
885 1775 1019 1808 Domino

277 1839 455 1872 possumus,
480 1829 613 1861 libenter
636 1838 876 1872 prosequamur.

323 1882 338 1926 ἓ
362 1881 392 1915 8.
409 1882 492 1915 Alias
508 1882 663 1926 siquidem
679 1882 777 1915 felicis
793 1882 1020 1916 recordationis

279 1934 392 1968 Paulus
405 1936 488 1979 Papa
499 1936 523 1968 V
536 1935 761 1979 praedecessor
773 1940 890 1968 noster.
904 1934 1020 1980 (Omit-

282 1988 363 2021 titur
377 1989 547 2022 residuum
563 1988 682 2021 decreti
699 1989 809 2029 huius,
826 1989 908 2032 quia
925 1989 1021 2022 habes

281 2051 380 2084 supra
408 2042 461 2075 cit.
489 2042 526 2074 in
560 2046 638 2075 nota
665 2042 708 2075 ad
742 2043 911 2076 rubricam
940 2043 1021 2077 Con-

280 2094 347 2128 stit.
370 2105 452 2135 LxVI,
473 2106 550 2139 paq.
573 2095 661 2139 711).

325 2148 340 2191 ἓ
363 2147 415 2181 «to.
440 2148 529 2181 Nunc
552 2152 657 2182 autern
674 2159 733 2182 nos
749 2148 892 2182 eiusdem
909 2149 1021 2181 fratres

281 2200 405 2234 Ordinis
418 2200 684 2243 Praedicatorum‚
701 2213 780 2245 quos
796 2202 829 2234 in
849 2202 1022 2234 visceribus

281 2254 421 2296 gerimus
441 2253 612 2294 charitatis,
636 2254 822 2297 specialibus
846 2253 1021 2287 savoribus¹

282 2312 312 2339 et
328 2307 436 2350 gratiis
453 2307 601 2350 prosequi
618 2307 767 2347 volentes,
787 2312 817 2340 et
833 2317 943 2339 eorum
959 2307 1022 2339 sin-

281 2361 408 2403 gulares
432 2370 583 2404 personas
607 2370 624 2392 a
648 2359 811 2403 quibusvis
835 2370 1020 2393 excommu-

280 2415 447 2449 nicationis
471 2420 501 2448 et
524 2415 693 2456 interdicti,
720 2415 851 2459 aliisque
876 2415 1023 2448 ecclesia÷

281 2468 367 2501 sticis
386 2468 559 2509 sententiis,
576 2468 718 2501 censuris
735 2473 765 2501 et
779 2468 900 2512 poeniS,
918 2478 935 2500 a
953 2468 1023 2501 iure

281 2522 330 2554 vel
346 2521 386 2554 ab
403 2521 541 2562 homine,
557 2521 666 2565 quavis
683 2522 847 2555 occasione
864 2521 912 2553 vel
928 2522 1023 2554 causa

282 2574 363 2616 latis,
387 2575 414 2608 si
441 2575 556 2619 quibus
587 2575 825 2619 quomodolibet
855 2574 1023 2607 innodatae

283 2629 438 2670 existunt,
462 2629 501 2662 ad
525 2629 671 2663 effectum
694 2628 906 2673 praesentium
931 2628 1023 2662 dum-

319 2692 332 2718 1
349 2689 419 2719 Edit.
434 2691 513 2720 Maia.
529 2691 593 2727 legit
607 2692 749 2727 fructibus
763 2692 801 2727 (n.
818 2692 867 2726 Τ.).

1695 277 1756 310 717
1804 287 1851 313 An.
1873 287 1899 313 c
1920 287 1986 314 ¹622

1050 340 1133 368 taxat
1157 334 1420 378 consequendum,
1445 334 1556 366 barum
1583 333 1663 366 serie
1689 335 1789 367 absol-

1050 392 1167 428 ventes,
1187 392 1217 420 et
1237 387 1396 420 absolutas
1420 387 1486 420 sore
1510 392 1682 427 censentes,
1702 394 1789 420 motu

1051 441 1182 485 proprio
1207 446 1237 473 et
1260 452 1295 473 ex
1327 443 1412 473 certa
1445 439 1573 473 scicntia
1598 452 1633 473 ac
1666 443 1788 473 matura

1050 495 1275 528 deliberatione
1299 494 1424 534 nostris,
1449 494 1595 527 omnibus
1613 499 1641 525 et
1659 494 1789 537 singulis

1050 548 1123 581 dicti
1148 548 1271 582 Ordinis
1296 548 1549 581 praedicatorum
1571 548 1729 588 fratribus,
1757 553 1787 579 ut

1050 602 1088 634 de
1100 607 1205 635 cetero
1220 602 1250 634 in
1264 602 1518 645 quibuscumque
1535 601 1664 644 privatis
1679 612 1788 634 eorum

1050 655 1225 697 colloquiis,
1248 665 1303 687 seu
1328 655 1538 692 conserentiis,
1557 655 1637 687 inter
1655 665 1686 687 se
1704 655 1790 687 dum-

1050 713 1143 748 taxat,
1160 714 1190 741 et
1209 718 1271 741 non
1292 708 1373 741 inter
1390 708 1476 747 alios,
1498 714 1546 740 aut
1566 719 1637 740 cuni
1659 708 1737 748 aliis,
1752 708 1789 739 do

1051 761 1182 794 materia
1202 761 1341 794 eiusdem
1361 761 1578 804 Conceptionis
1605 762 1714 793 Beatac
1732 761 1790 793 Ma-

1050 814 1115 846 riae
1132 814 1268 856 Virginis
1293 814 1448 847 disserere
1465 819 1495 846 ct
1512 819 1656 853 tractare,
1671 814 1788 857 absque

1050 867 1114 900 ullo
1138 877 1312 910 poenarum
1337 866 1368 898 in
1392 866 1482 899 dictis
1507 866 1641 899 decretis
1666 870 1790 900 conten-

1051 922 1152 952 tarum
1178 919 1316 960 incursu,
1335 919 1434 951 libere
1456 924 1486 951 et
1510 919 1591 952 licite
1616 919 1736 962 possint
1761 925 1786 950 et

1050 972 1181 1013 valeant,
1193 972 1365 1016 apostolica
1378 972 1691 1012 auct01·itate,ten0re
1705 983 1791 1016 prae-

1050 1025 1195 1066 sentium,
1218 1026 1376 1059 licentiam
1401 1026 1601 1059 concedimus
1626 1031 1655 1058 et
1680 1026 1791 1069 impar-

1050 1078 1155 1111 timur.

1094 1132 1109 1173 ,ξ
1133 1132 1184 1164 ll.
1210 1133 1435 1173 Decernentes,
1459 1133 1570 1166 fratres
1594 1133 1749 1176 praefatos
1774 1144 1789 1165 a
1831 1145 1988 1176 etnam-„011

1050 1196 1209 1228 quoquam
1226 1186 1334 1229 quavis
1348 1186 1533 1219 anctoritate
1547 1186 1683 1230 desuper
1698 1187 1791 1219 mole·
1806 1171 1987 1218 Ξὲἒῖζῖωιῖωω

1051 1238 1136 1279 stari,
1153 1239 1333 1282 perturbari
1358 1240 1405 1271 vel
1431 1239 1597 1282 inquietari
1614 1240 1790 1272 nullatenus

1050 1301 1143 1335 posse
1167 1297 1220 1324 aut
1244 1292 1373 1332 debe1·e;
1399 1292 1519 1335 sicque,
1542 1297 1571 1326 et
1595 1304 1657 1325 non
1682 1293 1790 1333 aliter,

1051 1355 1108 1388 per
1124 1355 1339 1388 quoscumque
1358 1345 1475 1378 iudices
1500 1346 1678 1379 ordinarios
1695 1352 1725 1379 et
1742 1346 1792 1378 do-

1051 1398 1181 1440 legatos,
1196 1397 1289 1430 etiam
1310 1408 1476 1431 causarum
1496 1399 1601 1442 palatii
1626 1400 1791 1442 apostolici

1050 1450 1220 1492 auditores,
1245 1451 1361 1495 ubique
1385 1452 1516 1484 iudicari
1541 1457 1571 1484 et
1594 1452 1717 1485 definiri
1742 1453 1794 1485 de-

1050 1503 1135 1544 bere,
1160 1515 1196 1537 ac
1219 1505 1345 1537 irritum
1371 1510 1401 1538 et
1420 1505 1512 1539 inane
1533 1506 1559 1538 si
1584 1517 1673 1539 secus
1699 1517 1792 1550 super

1052 1556 1100 1589 his
1124 1567 1141 1590 a
1161 1568 1330 1601 quoquam,
1355 1559 1464 1602 quavis
1484 1560 1678 1599 auctoritate,
1697 1560 1793 1593 scien-

1052 1615 1099 1643 ter
1115 1611 1163 1643 vel
1187 1611 1380 1654 ignoranter,
1406 1612 1572 1654 contigerit
1596 1614 1751 1647 attentari.

1097 1664 1111 1705 ,ξ
1136 1663 1187 1696 1⁶2.
1206 1665 1273 1698 Non
1287 1665 1482 1698 obstantibus
1496 1666 1627 1708 singulis
1644 1667 1792 1710 praemis-
1853 1674 1990 1711 Quibuzqum.

1053 1717 1104 1757 sis,
1129 1727 1165 1750 ac
1189 1718 1464 1752 constitutionibus
1489 1724 1519 1751 et
1543 1719 1792 1753 ordinationibus
1807 1702 1990 1748 {impuriorem-

1052 1772 1254 1815 apostolicis,
1279 1773 1454 1816 ceterisque
1479 1774 1644 1807 contrariis
1669 1774 1794 1817 quihus-

1053 1835 1196 1869 cumque.

1097 1879 1209 1912 Datum
1234 1879 1365 1919 Romae,
1390 1880 1471 1923 apud
1496 1885 1634 1913 sanctam
1665 1881 1791 1913 Mariam

1053 1933 1213 1973 Maiorem,
1231 1933 1288 1965 sub
1305 1934 1420 1966 annulo
1439 1934 1614 1973 piscatoris,
1628 1934 1678 1966 die
1695 1944 1794 1967 xxviii

1054 1986 1120 2018 iulii
1146 1996 1287 2027 inncxxn,
1311 1986 1512 2030 pontificatus
1536 1987 1634 2021 nostri
1659 1998 1741 2020 anno
1763 1998 1793 2020 n,

1090 2049 1148 2076 Dat.
1165 2049 1209 2076 die
1224 2049 1258 2076 28
1274 2049 1331 2076 iulii
1348 2049 1425 2083 1622,
1442 2049 1538 2084 pontif.
1555 2057 1625 2076 anno
1645 2056 1671 2076 11.

1376 2193 1475 2226 LXXI.

1057 2263 1149 2303 Quod
1166 2265 1202 2297 in
1219 2265 1583 2297 ecccommum‘cavtiouem
1603 2269 1631 2297 e!
1645 2275 1794 2297 censuras

1099 2318 1328 2351 ecclesiasticas
1353 2328 1419 2350 non
1443 2319 1626 2358 incurrant,
1643 2318 1702 2361 qui
1724 2319 1794 2361 fru-

1099 2375 1208 2403 menta
1238 2375 1266 2404 et
1301 2371 1388 2403 alias
1422 2371 1610 2403 huiusmodi
1645 2381 1795 2403 emmona(²

1099 2424 1215 2466 species
1253 2428 1344 2456 extra
1374 2423 1505 2456 Statum
1532 2424 1791 2456 Ecclesiasticum

1099 2477 1194 2509 certis
1218 2477 1254 2509 in
1278 2477 1405 2509 casibus
1425 2477 1603 2509 extrahunt
1618 2476 1636 2509 ¹.

1094 2557 1103 2582 1
1122 2556 1220 2583 Contra
1234 2556 1388 2583 huiusmodi
1411 2556 1546 2583 frumenta
1561 2556 1732 2584 extrahentes
1748 2565 1795 2583 ex-

1056 2604 1113 2627 tant
1131 2601 1275 2627 nonnullae
1290 2600 1524 2636 praedecessorem
1542 2601 1697 2628 Pontificum
1722 2601 1795 2635 leges

1056 2653 1125 2681 quae
1141 2649 1319 2673 recensentur
1343 2647 1368 2672 in
1392 2647 1482 2673 Const.
1499 2652 1554 2672 xx11
1579 2646 1652 2672 Pauli
1671 2647 1694 2673 V
1711 2647 1794 2685 {nter
1832 2670 1836 2672 .

1039 2691 1041 2716 l
1057 2690 1094 2725 (in
1109 2690 1137 2717 h.
1154 2699 1182 2717 n.
1199 2690 1264 2718 edit.
1280 2697 1339 2717 xxiv
1355 2689 1381 2718 in
1396 2694 1460 2718 tom.
1478 2697 1514 2726 in,
1531 2699 1591 2727 pag.
1605 2691 1678 2725 260).
