2293 3231
108 305 156 333 An.
175 305 203 332 C.
224 305 290 333 tete

931 305 1049 330 PAVLVS
1074 306 1093 329 V
1118 306 1164 329 FP.

308 354 352 386 vel
380 353 516 394 tractari,
534 353 703 397 impediam
729 354 788 386 lior
815 365 873 397 pro
898 365 998 397 posse,
1016 361 1062 390 rt¹

305 407 514 450 quantocitius
538 411 649 451 potero
673 407 837 439 commode
863 397 1062 449 signio-abo*

306 459 407 492 eidem
426 460 557 493 Domino
571 466 690 498 nostro,
708 461 754 492 γε’-1
773 460 860 492 alteri
880 472 935 503 per
951 471 1044 503 quem
1061 461 1062 471 ¹

306 512 344 544 ad
370 513 468 556 ipsius
493 513 633 547 notitiam
661 514 773 557 poterit
800 513 974 557 p‹·1·vs·nii·‹,=:
1003 524 1046 544 re-

307 567 395 607 gulas
426 570 605 600 sanctorum
636 572 773 610 patrum,
799 567 940 604 decreta,
966 566 1046 598 ordi-

307 620 458 660 nationes,
484 620 661 659 sententias,
686 619 922 662 dispositiones,
948 617 1063 650 rese1*-'

308 673 457 712 vationes,
470 673 665 716 provisiones
678 678 706 705 et
719 673 863 705 mandata
877 672 1046 716 apostoliea

308 725 380 758 totis
404 725 523 758 viribus
543 726 728 762 observabo,
747 731 774 757 rt
793 725 903 757 faciam
924 725 962 757 ab
979 724 1047 756 aliis

307 779 486 811 observari:
519 779 715 818 haereticos,
747 778 983 817 schismaticos,
1017 782 1044 809 et

306 832 440 865 rebelles
464 832 596 865 Domino
622 837 729 864 nostro
757 836 784 863 et
811 830 1046 863 suecessoribus

308 885 454 929 praefatis
485 896 543 929 pro
576 895 666 929 posse
697 894 870 928 persequar
894 887 921 917 et
947 883 1046 927 impu-

305 939 423 980 gnabo:
450 943 576 971 vocatus
601 938 639 970 ad
664 937 816 982 synodum
836 937 969 976 veniam,
987 936 1063 968 111511

306 991 508 1035 praepeditus
524 992 612 1024 fuero
630 991 779 1023 canonica
799 989 1044 1034 praepeditione:

304 1044 518 1087 apostolorum
543 1043 651 1076 limina
683 1043 815 1086 singulis
840 1041 1045 1085 quatrienniis

304 1097 514 1140 personaliter
539 1102 567 1129 et
593 1107 651 1140 per
669 1106 717 1128 me
735 1096 837 1139 ipsum
856 1095 999 1135 visitabo,
1016 1100 1045 1127 et
1061 1087 1063 1099 ’

305 1150 437 1183 Domino
457 1153 565 1183 nostro
594 1154 623 1183 et
647 1149 881 1182 successoribus
898 1148 1063 1192 praefatis

305 1203 459 1236 rationein
485 1203 613 1236 reddam
639 1203 677 1236 de
709 1208 774 1236 toto
800 1213 871 1236 meo
896 1202 1045 1246 pastorali

303 1257 418 1297 officio,
444 1262 471 1289 01
499 1257 536 1290 de
558 1257 652 1289 rebus
676 1257 821 1290 omnibus
843 1256 881 1288 ad
898 1266 984 1288 meae
998 1266 1063 1288 ec-=

304 1310 416 1343 clesiae
441 1315 577 1349 statum,
604 1310 641 1342 ad
667 1310 741 1342 cleri
768 1314 794 1342 et
822 1309 931 1353 populi
957 1309 1047 1341 disci-

304 1363 486 1406 sciplinam,
503 1363 678 1395 animarum
703 1363 848 1406 denique,
865 1373 944 1405 quae
959 1372 1045 1394 meae

304 1416 375 1449 tidei
401 1416 537 1449 creditae
560 1420 641 1456 511111,
666 1416 795 1448 salutem
820 1415 931 1459 quovis
952 1414 1063 1460 modo]

304 1469 543 1512 pertinentibus,
559 1474 589 1501 et,
606 1469 742 1501 vicissim
760 1468 903 1501 mandata
921 1474 1046 1511 aposto·
1062 1492 1063 1498 ,

300 1521 362 1554 lica
386 1522 525 1565 praefata
550 1521 711 1554 humiliter
728 1521 889 1564 recipiam,
907 1526 936 1554 et
952 1531 1045 1564 quam
1062 1540 1063 1566 1

304 1574 542 1617 diligentissime
566 1584 703 1617 exequar
713 1585 720 1613 3
746 1574 829 1617 quod
855 1574 879 1606 si
905 1574 1045 1616 legitimo

1726 296 1783 328 t'Iu

1079 359 1105 385 01
1132 354 1155 385 si
1182 354 1218 385 ad
1245 353 1380 396 aliquam
1405 354 1622 387 alienationem
1647 356 1816 395 devenero,

1078 417 1194 449 poenas
1219 407 1248 438 iu
1271 407 1404 450 quadam
1429 418 1525 452 super
1552 409 1611 441 hoc
1641 409 1721 442 edita
1746 420 1818 442 con-

1079 459 1235 493 stitutione
1250 465 1409 494 contentas
1422 472 1459 493 eo
1473 461 1540 504 ipso
1558 462 1719 495 incurrere
1737 463 1816 495 volo:

1079 512 1122 544 sic
1147 523 1195 544 me
1222 513 1301 545 Deus
1326 514 1463 554 aditum,
1489 520 1517 549 et
1543 517 1617 548 haer
1642 521 1747 550 saneta
1764 517 1817 549 Dei

1062 565 1063 571 ¹
1080 565 1254 607 Evangelia.

1120 618 1231 652 Datum
1261 620 1378 652 Itomae
1408 622 1491 664 apud
1520 622 1548 654 S.
1576 623 1711 656 Marcum
1737 633 1818 656 anno

1062 673 1303 721 incarnationis
1333 674 1510 708 Dominieae
1536 686 1659 715 nocxn,
1684 687 1740 710 xnt
1765 678 1818 710 tza-

1080 727 1186 759 lendas
1211 727 1287 767 iulii,
1313 728 1512 770 pontificatus
1535 731 1632 764 nostri
1654 741 1735 764 anno
1753 742 1816 765 vm.

1116 788 1173 815 Dat.
1195 789 1238 816 die
1262 790 1291 816 19
1312 790 1379 817 iunii
1401 792 1479 826 1612,
1500 794 1595 827 pontis.
1613 802 1656 820 an.
1675 801 1728 821 rut.

1396 934 1501 966 CCXV.

1081 1000 1291 1042 Confirmatio
1310 1003 1503 1037 venditionis
1523 1008 1623 1039 castri
1653 1008 1821 1042 Vallisclu-

1122 1063 1175 1085 sae
1189 1054 1224 1086 in
1238 1056 1391 1088 eonn'tatu
1415 1057 1611 1101 Venayssino
1623 1061 1731 1103 favore
1749 1063 1821 1096 Clo-

1123 1116 1177 1138 rae
1197 1107 1234 1139 de
1251 1111 1426 1143 Pernsiis'.

1320 1183 1430 1210 Paulus
1452 1184 1530 1218 Papa
1550 1186 1581 1217 V,

1204 1235 1240 1262 ad
1259 1239 1435 1270 perpetuam
1454 1238 1499 1264 rei
1519 1238 1700 1266 memoriam.

1124 1306 1303 1339 llumilibns
1316 1307 1441 1350 piorum
1459 1308 1721 1349 clu-istifidetium,
1735 1321 1822 1354 prae-

1062 1355 1063 1406 }
1080 1359 1187 1392 sertim
1212 1359 1303 1392 nobis
1320 1365 1347 1392 et
1366 1361 1525 1393 Romanae
1543 1362 1697 1395 Ecclesiae
1716 1363 1822 1396 11111110-

1079 1413 1160 1446 diate
1172 1413 1396 1453 subiectorum,
1407 1415 1486 1447 votis
1500 1415 1632 1449 libenter
1644 1418 1821 1455 annuimus,

1079 1476 1195 1509 eosque
1212 1467 1372 1499 favoribus
1389 1469 1612 1511 prosequimur
1627 1471 1822 1514 opportunis,

1080 1524 1173 1562 prout
1201 1519 1232 1551 in
1257 1519 1388 1553 Domino
1417 1521 1628 1564 conspicimus
1655 1523 1823 1557 salubriter

1062 1571 1063 1577 ¹
1080 1572 1236 1615 expedire.

301 1627 528 1671 impedimento
545 1627 689 1660 detentus
711 1627 809 1664 suero,
827 1627 963 1670 praefata
982 1637 1047 1658 0111-
1062 1651 1064 1675 1

303 1680 354 1713 nia
385 1680 564 1724 adimplebo
596 1691 652 1723 per
684 1685 804 1713 certum
834 1680 982 1712 nuncium
1008 1680 1064 1712 ad>

1125 1626 1139 1669 ξ
1169 1626 1192 1658 l.
1219 1626 1338 1669 Exponi
1356 1627 1510 1670 siquidem
1526 1629 1616 1661 nobis
1634 1639 1734 1673 nuper
1751 1630 1821 1662 fecit

1080 1678 1192 1711 dilecta
1224 1679 1253 1711 in
1276 1679 1398 1712 Christo
1424 1680 1487 1713 tilia
1511 1681 1599 1715 Clara
1623 1682 1661 1715 de
1686 1683 1821 1716 Perusiis

300 1734 363 1767 hoc
381 1733 517 1777 speciale.
535 1734 714 1766 mandatum
736 1734 902 1765 habentem
920 1733 957 1765 de
978 1743 1046 1775 gre·
1062 1729 1063 1769 f
1081 1732 1195 1764 mulier
1219 1732 1310 1765 vidua
1335 1734 1558 1767 avenionensis
1582 1736 1667 1778 quod
1692 1736 1759 1779 ipsa
1784 1736 1821 1769 de

304 1787 367 1820 mio
392 1787 518 1830 capituli
543 1787 621 1826 mei,
646 1793 698 1820 aut
722 1787 816 1819 alium
842 1787 872 1818 111
897 1787 1045 1829 dignitate
1062 1785 1064 1824 1
1080 1796 1161 1818 anno
1190 1792 1327 1825 MDCVIII,
1358 1792 1386 1818 et
1418 1787 1468 1819 die
1496 1798 1527 1820 1v
1557 1789 1673 1821 mensis
1702 1790 1820 1827 martii,

304 1840 515 1874 ecclesiastica
540 1841 760 1880 constitutum,
778 1851 833 1872 seu
849 1840 925 1872 alias
941 1850 1047 1883 perso·
1062 1863 1064 1869 ,
1081 1842 1218 1872 castrum
1240 1839 1360 1872 fimdale
1381 1840 1581 1874 Vallisclusae
1604 1842 1822 1875 Cavallicensis

303 1899 409 1927 natum
434 1894 619 1934 habentem,
645 1900 706 1934 aut,
731 1894 780 1927 1115
805 1893 882 1926 1111111
902 1893 1046 1926 deficien-
1062 1888 1064 1932 1
1081 1891 1232 1925 dioecesis
1263 1893 1294 1925 in
1325 1893 1474 1926 con‘iitatu
1507 1899 1616 1927 nostro
1634 1896 1822 1939 Venayssino

300 1947 397 1987 tibus,
430 1958 486 1991 per
511 1948 729 1981 dioecesanum
756 1947 973 1986 sacerdotem,
1005 1953 1045 1987 et,
1062 1942 1064 1991 1
1081 1956 1152 1978 011111
1179 1946 1403 1986 iurisdictione,
1428 1947 1550 1979 iuribus
1575 1952 1605 1981 et
1627 1949 1822 1991 pertinentiis

304 2001 389 2034 clero
402 2000 565 2035 deficiente
579 2001 717 2041 omnino,
730 2011 787 2044 per
800 2000 937 2044 aliquem
950 2000 1045 2032 alium
1062 1992 1064 2067 ἰ
1081 1999 1144 2031 suis
1165 1999 1318 2032 universis
1332 2010 1349 2031 a
1362 2000 1474 2032 dilecta
1492 2001 1636 2033 similiter
1652 2001 1683 2033 in
1700 2002 1822 2035 Christo

304 2053 521 2097 presbyterum
538 2064 593 2086 seu
610 2054 782 2086 secularem
806 2057 961 2096 spectatae
977 2064 1047 2096 pro-
1080 2052 1143 2084 filia
1170 2052 1349 2095 Magdalena
1366 2053 1404 2085 de
1421 2052 1535 2095 Sagnet
1555 2059 1583 2086 et
1600 2054 1729 2095 Causan,
1750 2059 1822 2088 tune

304 2105 409 2138 bitatis
441 2111 468 2137 et
501 2106 671 2148 religionis,
700 2106 738 2138 de
766 2106 954 2149 supradictis
983 2116 1047 2138 om—
1081 2105 1146 2138 utili
1167 2105 1296 2138 domino
1321 2106 1461 2138 eiusdem
1487 2107 1589 2147 castri,
1615 2108 1717 2150 pretio
1743 2107 1823 2140 inter

303 2159 398 2192 nibus
433 2159 523 2202 plene
557 2160 762 2192 instructum:
794 2160 832 2192 de
865 2160 1045 2193 huiusmodi
1061 2189 1064 2210 t
1081 2169 1132 2191 eas
1148 2164 1302 2191 convento
1326 2159 1478 2192 tredecim
1503 2160 1646 2200 millium,
1665 2166 1824 2193 sexcento-

304 2217 410 2245 autem
432 2212 657 2256 impedimento
681 2213 801 2245 docebo
819 2224 874 2256 per
891 2214 1046 2256 legitimas
1061 2211 1063 2225 ¹
1081 2222 1162 2251 rum,
1187 2217 1215 2244 et
1241 2213 1400 2255 sexaginta
1425 2224 1477 2245 sex
1503 2219 1675 2253 scutorum,
1700 2218 1729 2247 et
1753 2215 1825 2246 soli—

306 2265 517 2308 probationes,
529 2266 566 2298 ad
581 2271 704 2298 sanctae
720 2267 876 2299 Romanae
888 2267 1045 2300 Ecclesiae

306 2319 497 2352 cardinalem
514 2325 741 2363 proponentem
759 2319 789 2351 111
803 2320 1045 2362 congregatione

304 2373 385 2405 sacri
408 2373 537 2406 Concilii
554 2373 726 2405 Tridentini
750 2383 807 2416 per
830 2372 1044 2415 supradictum

304 2425 454 2458 nuncium
478 2425 745 2459 transmittendas:
769 2425 983 2468 possessiones
1008 2426 1045 2458 ad

303 2489 445 2512 mensam
469 2489 572 2512 meam
596 2479 787 2524 pertinentes
810 2489 872 2511 non
896 2479 1045 2518 vendam,

304 2542 406 2575 neque
422 2532 560 2572 donabo,
578 2542 679 2576 neque
697 2532 929 2575 impignorabo,
946 2542 1046 2575 neque

305 2584 344 2618 de
367 2595 448 2618 novo
474 2585 649 2625 infeudabo,
671 2586 717 2618 vel
742 2586 846 2629 aliquo
865 2585 958 2618 modo
975 2585 1047 2618 alie-

304 2637 398 2678 nabo,
422 2637 515 2670 etiam
540 2648 611 2671 cnm
635 2648 790 2671 consensu
807 2638 934 2681 capituli
951 2638 1046 2670 eccle-

305 2690 369 2724 siae
394 2702 490 2732 meae,
515 2692 690 2726 inconsulto
715 2692 854 2725 Bouiano
879 2692 1064 2733 Pontitice„¹

1080 2264 1193 2297 dorum
1219 2265 1440 2308 quadraginta,
1465 2266 1503 2297 ad
1528 2266 1680 2299 rationem
1706 2266 1824 2298 solido-

1081 2328 1150 2349 rum
1176 2318 1336 2360 sexaginta
1361 2318 1486 2351 illarum
1510 2319 1647 2361 partium
1672 2329 1730 2362 pro
1750 2330 1825 2362 quo-

1081 2371 1157 2403 libet
1189 2377 1277 2404 scuto
1306 2371 1507 2412 huiusmodi,
1532 2383 1592 2415 pro
1619 2383 1672 2411 se,
1696 2372 1823 2416 suisque

1081 2423 1279 2464 haeredibus,
1305 2428 1333 2457 et
1358 2425 1595 2457 successoribus
1619 2425 1713 2465 emit,
1738 2431 1767 2458 01
1792 2426 1823 2457 111

1081 2476 1289 2509 instrumento
1303 2477 1468 2520 emptionis
1486 2483 1513 2510 et
1532 2478 1719 2511 venditionis
1732 2490 1824 2522 prae-

1080 2529 1179 2563 dictae
1204 2530 1321 2562 dictum
1346 2535 1375 2564 et
1399 2541 1583 2574 expressum
1609 2532 1680 2572 suit,
1705 2532 1822 2566 dictum

1081 2589 1218 2616 castrum
1252 2584 1450 2617 Vallisclusae
1483 2595 1554 2617 cum
1595 2585 1660 2618 eius
1700 2585 1823 2618 iuribus

1831 306 1878 331 An.
1896 306 1922 332 (ἶ.
1948 307 2014 333 161³:

1863 1325 1982 1346 Exordium.

1864 1643 1925 1664 Clara
1941 1643 1966 1664 de
1983 1644 2021 1664 Pe·

1837 1671 1898 1690 rusiis
1935 1670 2020 1690 seudum

1838 1696 1975 1717 Vatlisclusae
2000 1703 2020 1717 u-

1836 1724 1873 1743 mit
1896 1730 1908 1743 a
1932 1723 2020 1749 Magda-

1838 1750 1884 1770 teua
1893 1750 1918 1770 de
1931 1750 2019 1776 Sagaer.

1080 2642 1110 2669 et
1133 2637 1328 2680 pertinentiis
1357 2648 1424 2670 esse
1454 2639 1511 2670 sub
1539 2638 1658 2672 directo
1683 2639 1823 2672 dominio
1866 2679 1871 2682 .

1116 2703 1125 2728 1
1150 2700 1187 2728 Ex
1208 2700 1315 2736 Regest.
1334 2701 1360 2728 in
1380 2701 1480 2729 Secret-
1501 2701 1578 2729 Brev.
