2293 3231
254 284 298 309 tn*
317 283 343 308 (ἶ,
369 282 430 310 1621
480 274 544 306 ‘ism'

452 333 510 364 sim
531 342 546 363 a
574 331 692 375 populo
709 340 767 373 pro
786 327 1191 376 Cappuccinishabeantur

451 390 478 416 ct
507 388 707 427 reputentur,
732 392 767 414 ac
794 381 852 413 illis
884 385 1044 423 tamquam
1076 379 1190 413 talibus

451 437 668 479 elceuiosynae
682 439 711 466 ct
724 433 897 466 oblationes
911 432 1114 475 elai-giantur,
1128 441 1191 465 non

453 490 518 521 sinc
533 487 716 520 eorumdem
730 486 1012 530 Cappuccinorum,
1025 485 1079 529 qui
1093 487 1130 518 ea
1144 495 1192 518 ra-

453 543 535 575 tione
559 541 764 584 eleemosynis
785 539 975 580 huiusmodi,
992 539 1031 572 ab
1046 539 1115 572 aliis
1134 549 1192 572 suo

451 596 578 629 nominc
608 594 805 638 intei·ceptiS‚
837 593 979 627 frustrati
1011 597 1191 633 remanent,

454 648 647 693 praeiudicio
661 653 690 680 ct
704 647 916 688 incommodo,
926 646 981 680 sed
994 646 1087 679 etiam
1105 645 1193 689 gravi

453 702 553 735 dictae
569 701 668 745 plebis
687 700 861 734 offensione
880 705 910 733 et
932 699 1090 740 scandalo,
1107 699 1193 739 dum,

453 765 532 798 quos
549 754 732 798 disciplinae
749 753 887 797 regulari
901 753 1044 797 ipsorum
1060 752 1194 785 fratrum

454 809 725 853 Cappuceinorum
743 808 936 851 mancipatos
953 806 1062 847 credit,
1078 805 1124 839 eis
1144 815 1196 850 pe-

455 862 622 895 cuniarum
647 872 739 895 usum
767 871 804 894 ac
835 871 941 894 rerum
967 859 1194 894 commercium

456 915 593 959 permitti
626 914 774 948 intuetur.
804 914 957 954 Quocirca
980 923 1058 955 nos,
1081 912 1195 946 rationi

456 979 630 1003 consonum
645 978 713 1002 csse
729 968 798 1010 rati,
816 973 860 1008 ut,
877 967 932 1012 qui
949 967 980 1000 in
997 966 1196 1000 observantia

457 1023 536 1056 vitae
561 1022 717 1066 regularis
732 1021 906 1055 uniformes
922 1030 986 1054 non
1003 1025 1084 1061 sunt,
1101 1019 1196 1053 iidem

455 1076 551 1109 ctiam
576 1075 700 1110 babitus
724 1075 881 1120 delatione
904 1074 1147 1118 distinguantur,
1165 1073 1197 1106 in

456 1129 636 1174 praemissis
647 1129 686 1162 ad
699 1128 858 1162 evitandas
871 1128 1072 1162 confusiones
1085 1133 1116 1160 et
1128 1137 1198 1161 con-

460 1182 623 1223 tentiones,
640 1192 731 1226 quae,
754 1182 814 1215 nisi
839 1181 965 1215 habitus
988 1181 1136 1225 utrinque
1155 1181 1199 1214 di-

459 1236 648 1279 stinguatur,
662 1235 740 1269 oriri
757 1240 894 1280 possent,
906 1234 1073 1279 providere
1090 1234 1198 1268 volen-

457 1295 520 1330 tes,
544 1300 580 1322 ac
604 1289 743 1332 singulas
773 1289 892 1321 litteras
918 1287 1198 1332 praedecessorum

457 1342 638 1376 huiusmodi
655 1348 685 1375 ct
701 1342 733 1375 in
750 1342 794 1375 cis
814 1345 958 1376 contenta
973 1344 1199 1385 {quaecumque

457 1407 515 1442 pro
539 1396 697 1440 expressis
728 1395 896 1436 habentes,
920 1400 951 1429 et
974 1395 1089 1428 harum
1117 1394 1199 1428 serie

458 1450 669 1495 approbantes
693 1455 723 1483 ct
747 1450 980 1490 confirmanth
997 1453 1090 1492 atque
1105 1448 1198 1481 etiam

460 1505 655 1544 innovantes,
665 1508 752 1537 motu
766 1503 897 1547 proprio
911 1508 991 1536 etex
1004 1503 1091 1535 certa
1104 1501 1202 1535 scicn-

460 1558 503 1591 tia
529 1559 637 1591 nostra
660 1556 825 1589 statuimus
850 1560 879 1590 ct
903 1555 1098 1595 ordinamus,
1116 1553 1201 1597 quod

459 1622 496 1645 ex
510 1621 593 1644 nunc
605 1611 644 1644 de
657 1615 763 1643 cetero
779 1609 942 1654 perpetuis
959 1608 1073 1642 futuris
1083 1613 1202 1652 tempo-

462 1665 548 1697 ribus
572 1663 751 1697 huiusmodi
776 1663 892 1696 fratres
915 1661 1060 1695 Tertiarii
1083 1671 1202 1694 nuncu—

461 1718 523 1762 pati
541 1717 616 1751 dicti
641 1716 766 1750 Ordinis
790 1717 923 1750 fratrum
948 1715 1104 1748 Minorum
1127 1714 1203 1748 Con-

462 1771 652 1806 ventualium
673 1771 704 1803 in
722 1780 820 1813 regno
837 1769 962 1803 Siciliae
976 1769 1156 1809 existentes,
1173 1773 1203 1802 et

461 1825 519 1858 sul)
543 1824 721 1858 obedientia
737 1829 767 1857 et
787 1825 863 1856 cura
888 1822 962 1857 dicti
982 1821 1091 1856 vicarii
1107 1831 1202 1865 gene-

462 1878 519 1911 rali
537 1877 807 1922 Cappuccinorum
825 1886 884 1920 pro
901 1881 1045 1919 tempore
1068 1874 1203 1908 existen-

464 1932 501 1965 tis
525 1942 587 1965 non
611 1935 851 1975 permanentes,
876 1929 915 1962 ad
939 1929 1037 1962 instar
1067 1928 1203 1962 aliorum

464 1986 596 2019 fratrum
621 1983 762 2017 ciusdem
786 1982 912 2017 Ordinis
939 1982 1095 2015 Minorum
1119 1981 1201 2015 Con-

465 2038 656 2071 ventualium
675 2037 790 2070 ibidem
814 2035 1007 2079 degentium,
1024 2045 1088 2068 non
1103 2035 1204 2069 solum

465 2090 673 2135 cappuccium
698 2089 879 2131 rotundum,
896 2093 931 2122 ut
946 2088 1134 2132 praefertur,
1152 2087 1205 2120 sed

466 2145 560 2178 etiam
580 2143 723 2177 habitum
748 2141 888 2175 eiusdem
914 2141 1040 2181 coloris
1056 2140 1145 2174 cuius
1160 2143 1207 2174 est

467 2198 591 2231 babitus
612 2197 769 2230 dictorum
796 2196 930 2228 fratrum
947 2193 1206 2228 Conventualium

467 2251 625 2294 (videlicet
645 2249 811 2283 Berrettini
831 2248 1014 2292 nuncupati)
1032 2252 1066 2280 ut
1084 2251 1208 2291 propte-

469 2316 522 2338 rea
534 2316 551 2337 a
568 2303 773 2348 Cappuccinis
801 2301 952 2335 fratribus
979 2300 1069 2334 facile
1088 2300 1207 2333 discer-

468 2363 593 2399 nantur,
610 2357 732 2390 deferre
745 2356 879 2389 debcant
895 2360 925 2388 et
942 2353 1208 2393 teneantu1-;alio-

469 2412 554 2455 quin,
572 2412 598 2444 si
614 2421 704 2445 sccus
718 2410 858 2450 fecerint,
875 2414 946 2453 post
960 2418 1014 2442 sex
1029 2417 1154 2441 menses
1169 2407 1208 2440 ab

472 2465 664 2498 intimatione
680 2463 904 2508 praesentium,
922 2472 1040 2506 poenas
1055 2461 1208 2496 Constitu-

472 2518 591 2550 tionum
603 2517 688 2550 Pauli
702 2522 731 2550 et
741 2517 786 2550 Pii
799 2516 1034 2561 praedictorum
1047 2515 1210 2548 incurrant

471 2580 508 2602 eo
534 2570 610 2613 ipso.
636 2570 861 2610 Decc1·nentcS‚
885 2574 1066 2613 praesentes
1090 2568 1210 2600 litteras

472 2623 510 2655 dc
527 2623 738 2666 subreptionis
755 2623 801 2655 vel
827 2622 1023 2666 obreptionis
1046 2621 1121 2656 vitio
1134 2649 1142 2664 ,
1159 2626 1212 2654 aut

473 2676 652 2710 intentionis
676 2682 801 2710 nostrae
827 2676 875 2709 vel
899 2675 960 2709 alio
984 2666 1135 2720 quopiam
1163 2674 1213 2708 de-

1027 279 1205 304 numanum
1231 279 1384 303 ROMANUM

1223 327 1314 367 fectu,
1327 327 1420 360 ctiam
1437 336 1474 359 cx
1491 336 1529 359 eo
1544 326 1629 369 quod
1646 326 1797 360 interesse
1814 326 1964 359 babentes

1224 379 1323 412 vocati
1347 389 1409 412 non
1442 379 1575 419 fuerint,
1599 388 1654 411 seu
1677 388 1878 422 quocumque
1902 379 1964 412 alio

1223 437 1396 476 praetextu,
1414 432 1535 472 notari,
1560 431 1759 475 impugnari,
1784 431 1963 472 invalidari,

1224 486 1406 529 retractari,
1430 489 1484 520 aut
1506 485 1539 518 in
1563 485 1612 518 ius
1636 484 1684 518 vel
1715 485 1964 518 controversiam

1226 539 1386 581 revocari,
1410 548 1465 572 seu
1489 538 1640 572 adversus
1663 547 1716 571 eas
1739 537 1965 582 quodcumque

1226 593 1315 633 iuris,
1328 592 1448 636 gratiae
1464 592 1513 625 vel
1525 591 1598 625 facti
1614 591 1790 625 remedium
1804 591 1966 636 impetrari

1226 645 1313 679 nullo
1330 655 1480 690 umquam
1498 650 1642 689 tempore
1661 654 1770 689 posse;
1787 644 1895 689 sicque
1910 654 1967 689 per

1227 709 1445 743 quoscumque
1469 698 1587 732 iudices
1611 697 1790 732 ordinarios
1813 698 1861 731 vet
1886 697 1968 731 delc-

1227 756 1336 794 gatos‚
1359 750 1454 784 etiam
1485 760 1651 784 causarum
1674 750 1780 794 palatii
1804 750 1968 794 apostolici

1228 804 1400 845 auditores,
1417 813 1452 837 ac
1473 808 1598 837 sanctae
1622 803 1780 836 Romanae
1811 802 1969 836 Ecclesiae

1229 857 1402 891 cardinales
1423 856 1569 900 (sublata
1593 856 1638 889 eis
1658 860 1688 889 et
1712 865 1822 889 eorum
1843 854 1970 888 cuilibet

1229 911 1338 956 quavis
1367 910 1457 944 aliter
1492 909 1650 943 iudicandi
1685 914 1715 942 et
1742 908 1969 953 interpretandi

1230 965 1374 998 facultate
1398 968 1429 998 et
1451 963 1663 1007 auctoritate)
1687 962 1820 996 iudicari
1844 968 1875 996 et
1898 962 1972 996 defi-

1229 1018 1290 1052 niri
1315 1018 1441 1059 debere,
1465 1017 1591 1051 irritum
1615 1026 1742 1061 quoque
1765 1021 1796 1050 et
1819 1016 1920 1057 inane,
1945 1016 1971 1050 si

1231 1082 1321 1106 secus
1345 1081 1440 1116 super
1464 1071 1514 1104 his
1537 1081 1555 1103 a
1579 1080 1756 1115 quoquam,
1781 1069 1892 1114 quavis
1917 1079 1972 1103 au-

1231 1125 1392 1166 ctoritate,
1416 1125 1552 1158 scienter
1575 1124 1623 1157 vel
1648 1123 1848 1167 ignoranter,
1872 1123 1973 1157 conti·

1231 1179 1313 1223 gerit
1335 1178 1492 1212 attentari.
1517 1177 1554 1211 Et
1577 1177 1783 1211 nihilominus
1807 1175 1972 1217 universis,

1232 1238 1262 1266 ct
1278 1232 1410 1275 singulis
1426 1231 1500 1266 dieti
1517 1231 1607 1274 regni
1624 1231 1769 1265 locorum
1789 1229 1973 1271 Ordinariis,

1232 1286 1264 1319 in
1288 1296 1425 1330 quorum
1459 1284 1656 1319 dioecesibus
1684 1284 1798 1317 fratres
1829 1284 1973 1318 Tcrtiarii

1232 1340 1357 1374 Ordinis
1389 1339 1546 1373 Minorum
1574 1338 1833 1373 conventualium
1863 1338 1973 1372 huius-

1233 1393 1318 1426 modi
1335 1402 1395 1437 pro
1412 1396 1554 1436 tempore
1573 1391 1699 1434 degent,
1716 1400 1775 1435 per
1793 1396 1975 1435 praesentes

1234 1445 1461 1480 committimus
1478 1449 1508 1478 et
1525 1444 1722 1485 mandamus,
1734 1449 1769 1477 ut
1792 1454 1850 1488 per
1866 1454 1909 1485 se,
1926 1444 1975 1478 vel

1233 1500 1340 1541 alium,
1365 1509 1420 1533 seu
1440 1499 1528 1540 alios,
1553 1504 1735 1543 praesentes
1758 1498 1878 1533 litteras
1898 1502 1929 1533 et
1943 1498 1975 1532 in

1234 1554 1279 1588 eis
1304 1558 1449 1588 contenta
1472 1562 1702 1597 quaecumque,
1718 1551 1773 1585 ubi
1797 1557 1827 1585 et
1850 1551 1976 1597 quando

1235 1617 1315 1651 opus
1333 1606 1437 1647 fuerit,
1454 1616 1490 1640 ac
1507 1605 1632 1650 quoties
1648 1616 1708 1650 pro
1727 1610 1818 1650 parte
1836 1605 1977 1650 Cappuc·

1235 1661 1380 1694 cinerum
1404 1660 1651 1704 praedictorum,
1667 1659 1716 1693 vel
1732 1659 1879 1700 aliorum,
1896 1668 1976 1703 quo-

1235 1723 1307 1746 rum
1323 1713 1477 1754 intererit,
1494 1712 1610 1747 fuerint
1626 1712 1780 1756 requisiti,
1793 1711 1978 1746 solemniter

1236 1767 1442 1811 publicantes,
1461 1766 1576 1800 faciant
1593 1766 1780 1800 auctoritate
1802 1766 1912 1800 nostra
1931 1765 1979 1798 lit-

1236 1826 1338 1862 teras,
1363 1825 1393 1854 et
1417 1820 1448 1853 in
1472 1820 1518 1854 eis
1542 1825 1687 1853 contenta
1711 1819 1913 1860 huiusmodi,
1937 1819 1978 1852 ab

1236 1874 1383 1908 omnibus
1399 1873 1438 1906 ad
1454 1883 1534 1917 quos
1551 1878 1670 1917 spectat
1689 1879 1720 1907 et
1735 1872 1887 1917 spectabit
1903 1882 1979 1916 quo-

1238 1927 1410 1962 modolibet
1423 1927 1620 1967 infuturum,
1637 1926 1760 1960 sublato
1776 1935 1977 1970 quocumque

1237 1980 1445 2026 exemptionis
1469 1980 1645 2025 privilegio,
1670 1979 1892 2013 inviolabiliter
1915 1979 1976 2013 ob-

1237 2034 1374 2075 servari3
1391 2033 1640 2068 contradictores
1653 2033 1810 2077 quoslibet
1823 2038 1854 2066 et
1879 2032 1981 2067 rebel-

1238 2089 1283 2121 les
1310 2098 1366 2132 per
1399 2086 1597 2132 praedictas,
1619 2086 1758 2130 aliasque
1789 2085 1958 2120 sententias
1972 2112 1980 2126 ‚

1239 2151 1389 2175 censuras
1408 2145 1439 2174 et
1462 2149 1590 2184 poenaS,
1606 2139 1730 2183 aliaque
1753 2139 1831 2172 iuris
1851 2143 1881 2172 et
1908 2139 1979 2174 facti

1239 2195 1390 2236 remedia,
1413 2193 1623 2239 appellatione
1646 2193 1830 2238 postposita,
1856 2203 1979 2237 compe-

1240 2248 1366 2289 scendo,
1391 2257 1437 2289 ac,
1461 2246 1610 2290 legitimis
1635 2256 1730 2291 super
1753 2246 1802 2279 his
1825 2245 1980 2279 habendis

1241 2301 1371 2335 servatis
1388 2300 1601 2345 processibus,
1619 2299 1702 2344 ipsas
1719 2298 1899 2339 sententias,
1911 2307 1982 2331 cen-

1241 2364 1330 2388 suras
1346 2359 1376 2388 et
1392 2363 1510 2398 poenas
1532 2352 1626 2387 etiam
1649 2351 1769 2386 iteratis
1792 2350 1913 2385 vicibus
1931 2360 1983 2394 ag-

1241 2407 1412 2451 gravando,
1437 2407 1581 2440 invocato
1605 2405 1698 2439 etiam
1715 2404 1755 2437 ad
1771 2404 1841 2445 hoc,
1858 2404 1884 2437 si
1901 2413 1982 2447 opus

1241 2461 1346 2502 fuerit,
1370 2460 1486 2494 auxilio
1509 2458 1631 2493 brachii
1654 2457 1814 2492 secularis.
1837 2457 1906 2490 Non
1930 2456 1984 2490 ob-

1243 2514 1396 2550 stantibus
1419 2513 1618 2558 praemissis,
1642 2521 1678 2545 ac
1701 2510 1899 2555 apostolicis,
1926 2520 1985 2543 nec

1243 2577 1306 2602 non
1323 2568 1355 2601 in
1370 2565 1617 2612 provincialibus
1640 2569 1670 2598 et
1689 2563 1890 2609 synodalibus
1913 2573 1986 2597 con—

1244 2621 1325 2655 ciliis
1357 2620 1468 2660 editis,
1499 2617 1686 2663 specialibus
1709 2617 1757 2650 vel
1782 2616 1984 2661 generalibus

1245 2672 1521 2710 constitutionibus
1544 2675 1575 2706 et
1589 2670 1849 2713 ordinationibus,
1863 2679 1986 2705 necnon

1977 278 2024 304 An.
2041 276 2069 304 C.
2092 276 2157 305 1621
