2293 3231
75 296 128 323 Αῐι.
145 293 260 321 01612

920 290 1040 317 PAULUS
1064 291 1084 316 V
1109 291 1156 316 1³1³.

315 340 366 375 29.
393 340 453 374 Pro
477 340 688 374 instrumento
713 340 925 382 remissoriae,
943 341 1009 374 iulii

273 394 449 428 duodecim.

315 447 368 481 30.
393 448 454 481 Pro
477 447 560 481 notis
585 448 812 481 sententiarum
837 447 1012 481 diffinitiva-

272 511 343 534 rum
354 511 433 545 quae
447 500 478 534 in
495 501 620 545 scriptis
632 501 847 546 proferuntur,
863 501 894 533 in
907 500 1011 544 prima

271 554 428 595 instantia,
443 559 530 588 scuta
545 559 692 599 quatuor,
705 554 784 588 idest
800 554 867 587 iulii
882 554 1013 598 quadra-

272 607 368 650 ginta;

316 660 368 694 34.
395 661 428 694 in
445 661 582 695 secunda
607 661 765 702 instantia,
782 661 849 694 iulii
874 660 1012 704 triginta;

317 713 369 748 32.
395 715 428 748 In
447 715 539 748 tertia
556 716 714 756 instantia,
735 715 801 748 iulii
818 714 938 758 viginti.

316 767 368 801 33.
394 768 455 802 Pro
479 770 554 802 nota
579 769 790 802 absolutoriae
814 768 852 801 ab
869 768 1014 801 observa-

273 821 358 855 tione
374 821 492 863 iudicii,
510 822 576 856 iulii
594 822 785 867 quindecim.

317 875 369 908 34.
396 875 456 909 Pro
470 877 544 909 nota
560 875 827 916 interlocutoriae,
843 875 910 908 iulii
927 875 1015 919 quin-

273 928 385 961 decim.

317 982 369 1016 35.
394 983 454 1016 Pro
467 984 542 1016 nota
559 982 796 1023 declaratoriae,
814 982 881 1015 iulii
901 987 982 1016 octo.

317 1034 370 1069 36.
396 1035 456 1068 Pro
482 1035 629 1068 mandato
652 1036 692 1068 de
715 1035 921 1080 exequendo,
947 1035 1014 1068 iulii

273 1087 463 1132 quindecim.

318 1140 370 1175 37.
396 1142 456 1175 Pro
480 1146 654 1185 sequestro,
672 1141 738 1174 iulii
756 1141 947 1185 quindecim.

317 1194 369 1228 38.
395 1195 456 1229 Pro
480 1195 630 1240 sportulis
647 1195 798 1236 iudicum,
815 1206 874 1240 pro
895 1199 1015 1228 senten-

274 1249 327 1282 tiis
344 1249 514 1282 definitivis
531 1249 563 1282 in
580 1249 706 1293 scriptis
727 1249 926 1293 proferendis
951 1259 1015 1282 non

274 1302 357 1335 ultra
374 1302 415 1343 id,
432 1302 516 1346 quod
540 1303 572 1335 in
597 1303 666 1336 aliis
681 1302 787 1336 curiae
804 1302 1015 1335 tribunalibus

276 1356 445 1389 ordinariis
459 1356 534 1390 olim
548 1356 580 1389 a¹
595 1357 692 1389 felicis
709 1356 937 1390 recordationis
960 1356 1015 1390 Pio

275 1409 358 1454 Papa
375 1409 412 1443 IV
428 1414 459 1443 et
482 1420 584 1454 nuper
608 1420 625 1442 a
642 1409 845 1443 Sanctissimo
864 1409 1017 1454 praescri-

275 1468 364 1507 ptum
388 1468 418 1496 et
442 1464 624 1497 innovatum
661 1468 707 1496 est
732 1463 790 1496 sub
818 1463 945 1496 rubrica
971 1463 1017 1497 De

276 1516 433 1560 sportulis
441 1515 467 1556 ⁹;

320 1569 372 1603 39.
397 1570 431 1603 ln
447 1571 561 1603 ceteris
576 1571 663 1611 actis,
684 1570 861 1614 scripturis,
878 1576 909 1604 et
927 1580 1018 1615 expe-

276 1623 447 1657 ditionibus
472 1624 698 1668 infrascriptis,
723 1624 787 1657 sive
820 1634 932 1657 causae
956 1624 1018 1657 sint

277 1676 456 1710 ordinariae
472 1677 537 1710 sive
553 1677 790 1711 commissariae
804 1705 810 1719 ,
828 1678 968 1711 solvatur
984 1682 1016 1710 ut

278 1730 371 1771 infra,
387 1730 547 1764 videlicet:

321 1783 373 1816 40.
400 1784 460 1817 Pro
485 1784 782 1828 compulsorialibus
806 1784 1017 1827 generalibus,

278 1837 343 1870 sive
360 1837 558 1881 specialibus,
575 1838 642 1870 iulii
662 1837 840 1871 duodecim.

322 1891 374 1924 41.
400 1891 461 1924 Pro
487 1892 591 1935 palmo
615 1891 711 1925 rotuli
728 1891 939 1933 remissoriae,
964 1892 1017 1936 qui

279 1944 320 1977 sit
336 1945 491 1978 linearum
509 1945 649 1988 triginta,
665 1950 696 1978 et
708 1945 866 1990 quaelibet
879 1946 963 1978 linea
979 1945 1018 1978 sit

278 1998 469 2042 syllabarum
489 1999 598 2032 decem
615 2004 646 2032 ct
662 2004 743 2039 octo,
761 1999 827 2032 iulii
844 2004 918 2032 tres.

322 2051 374 2085 42.
401 2052 462 2085 Pro
478 2052 689 2086 instrumento
704 2053 768 2085 litis
784 2052 970 2096 pendentiae
987 2053 1018 2086 in

280 2105 379 2145 curia,
395 2105 554 2138 bononeni
570 2106 930 2150 quadragintaquinque.

324 2157 376 2191 43.
403 2159 463 2192 Pro
489 2159 655 2193 interdicto
679 2160 816 2204 speciali,
840 2159 907 2193 iulii
931 2160 1020 2204 quin-

281 2210 394 2245 decim.

325 2265 377 2298 44.
403 2265 464 2299 Pro
483 2266 693 2300 instrumento
710 2266 911 2299 relaxationis
927 2266 1021 2299 inter-

282 2318 367 2360 dicti,
387 2318 453 2352 iulii
470 2318 660 2363 quindecim.

326 2372 379 2405 45.
404 2372 464 2405 Pro
487 2371 788 2416 exequutorialibus,
809 2371 875 2405 iulii
893 2371 1021 2415 triginta

283 2436 347 2459 sex.

328 2478 380 2512 46.
406 2479 466 2513 Pro
475 2479 622 2513 mandato
634 2479 673 2512 de
690 2478 889 2512 immittendo
906 2478 938 2512 in
954 2489 1023 2523 pos-

283 2532 458 2566 sessionem
491 2532 600 2575 vigore
628 2532 804 2565 litterarum
841 2532 1024 2576 apostolica-

285 2595 368 2628 rum,
385 2596 441 2619 seu
457 2586 575 2628 Brevis,
590 2586 658 2619 iulii
675 2586 793 2619 decem.

323 2657 334 2683 1
355 2657 455 2693 Praep.
474 2665 493 2684 a
512 2665 562 2685 nos
582 2657 709 2685 addimus
728 2665 760 2684 ex
779 2656 897 2684 Cherub.
918 2657 957 2692 (n.
974 2658 1022 2690 72).

321 2701 339 2729 2
357 2702 443 2734 Quam
464 2702 524 2730 vide
542 2708 624 2738 supra
644 2701 677 2730 ad
696 2710 757 2739 pag.
778 2701 822 2730 80.

1088 339 1139 373 47.
1165 339 1226 372 Pro
1250 337 1466 379 absolutione,
1490 337 1554 371 sive
1578 336 1784 371 absolutionis

1045 393 1268 427 commissione
1285 403 1343 437 pro
1363 402 1437 433 uno,
1455 391 1521 425 iulii
1535 401 1660 431 novem;

1089 446 1140 479 48.
1165 446 1226 479 Pro
1249 446 1372 479 duobus
1398 445 1460 479 litis
1485 445 1695 486 consortibus,
1718 444 1785 477 iulii

1045 498 1295 543 quatuordecim

1089 552 1141 585 49.
1166 552 1227 585 ΡιὈ
1251 551 1352 585 tribus
1380 552 1443 585 litis
1473 550 1694 592 consortibus,
1719 550 1786 583 iulii

1046 604 1155 638 decern
1172 610 1202 638 et
1218 610 1300 645 octo;

1090 658 1141 692 50.
1168 659 1228 692 Pro
1253 663 1390 703 quatuor
1406 658 1469 691 litis
1487 657 1698 699 consortibus,
1718 657 1786 691 iulii

1046 712 1156 755 viginti
1177 717 1251 752 tres;

1091 766 1142 800 51.
1170 766 1255 800 Ultra
1279 771 1415 810 quatuor
1438 771 1652 810 quotcumque
1676 765 1788 799 addan-

1047 825 1098 853 tur
1115 830 1267 864 personae
1284 820 1347 853 litis
1362 825 1535 860 consortes,
1545 820 1622 853 nihil
1637 824 1789 863 augeatur

1046 874 1184 918 pretium
1201 874 1419 918 expeditionis,

1092 927 1142 961 52.
1168 928 1229 960 Pro
1253 927 1411 972 capitulo,
1436 927 1589 970 collegio,
1621 926 1790 960 oenfrater-

1047 981 1153 1022 nitate,
1167 986 1221 1014 aut
1234 980 1448 1021 universitate,
1464 980 1530 1013 iulii
1550 980 1788 1024 quinquaginta.

1093 1034 1144 1068 53.
1170 1035 1230 1068 Pro
1256 1035 1466 1068 instrumento
1486 1033 1702 1074 absolutionis,
1722 1034 1789 1067 iulii

1047 1088 1224 1122 duodecim.

1092 1141 1143 1175 54.
1168 1141 1229 1174 Pro
1246 1141 1380 1174 decretis
1397 1150 1414 1173 a
1427 1140 1529 1173 iudice
1542 1150 1606 1173 non
1620 1150 1656 1173 ex
1673 1140 1791 1184 scripto

1047 1195 1189 1240 prolatis,
1206 1195 1301 1228 etiam
1318 1194 1381 1227 vim
1398 1194 1575 1227 definitivae
1592 1193 1790 1235 habentibus,

1048 1249 1138 1282 nihil.

1093 1302 1144 1336 55.
1169 1303 1231 1336 Pro
1246 1303 1320 1336 nota
1336 1301 1533 1341 eorumdem,
1548 1300 1636 1334 nihil.

1093 1355 1145 1389 56.
1171 1356 1232 1389 Pro
1256 1355 1405 1399 sportulis
1422 1354 1618 1395 eorumdem,
1635 1354 1723 1387 nihil.

1094 1409 1145 1442 57.
1170 1409 1231 1442 Pro
1255 1408 1391 1452 simplici
1421 1408 1501 1449 fide,
1526 1408 1621 1441 etiam
1650 1407 1791 1451 plurium

1049 1467 1204 1503 actorum,
1221 1462 1289 1495 iulii
1305 1462 1378 1495 duo.

1095 1516 1146 1549 58.
1171 1516 1232 1549 Pro
1246 1515 1389 1548 examine
1407 1515 1533 1548 testium
1551 1525 1624 1548 cum
1649 1514 1791 1547 articulis

1050 1574 1081 1602 et
1098 1570 1351 1613 interrogatoriis
1371 1569 1403 1602 in
1419 1571 1513 1602 causa
1527 1568 1762 1609 aestimationis,
1775 1578 1793 1600 a

1051 1623 1280 1667 quinquaginta
1297 1623 1393 1656 scutis
1408 1633 1503 1667 supra
1519 1632 1618 1666 usque
1632 1621 1670 1655 ad
1687 1632 1793 1666 quam-

1051 1687 1188 1721 cumque
1206 1686 1374 1717 summam,
1388 1676 1413 1709 si
1426 1675 1549 1708 articuli
1564 1685 1628 1708 non
1642 1674 1793 1708 excedant

1051 1740 1221 1763 numerum
1246 1729 1508 1773 vigintiquinque,
1533 1734 1563 1762 et
1587 1728 1795 1772 interrogato-

1051 1784 1098 1816 ria
1121 1794 1290 1817 numerum
1314 1783 1445 1826 triginta
1467 1782 1618 1827 quinque,
1642 1782 1674 1815 in
1699 1782 1793 1815 domo

1052 1838 1099 1870 vel
1120 1837 1224 1871 officio
1240 1837 1365 1877 notarii,
1383 1836 1450 1869 iulii
1467 1841 1616 1880 quatuor;

1096 1890 1146 1924 59.
1172 1891 1266 1924 Extra
1283 1891 1432 1931 officium,
1450 1900 1513 1923 non
1529 1890 1612 1923 ultra
1629 1889 1771 1933 duplum;

1096 1943 1147 1977 60.
1173 1945 1207 1977 In
1231 1946 1326 1977 causa
1349 1943 1587 1984 aestimationis,
1612 1953 1629 1975 a
1645 1943 1795 1987 quinqua-

1052 1997 1139 2041 ginta
1163 1998 1260 2031 scutis
1279 1998 1377 2038 infra,
1402 1997 1439 2030 ad
1469 1996 1625 2030 rationem
1651 1996 1717 2029 iulii
1742 2006 1796 2028 un-

1052 2051 1155 2084 decim
1173 2062 1231 2096 pro
1245 2056 1345 2092 scuto,
1365 2051 1505 2085 solvatur
1522 2056 1643 2084 tantum
1668 2060 1727 2094 pro
1752 2050 1795 2082 di-

1052 2104 1160 2144 midio,

1097 2158 1149 2191 61.
1174 2158 1263 2198 Quod
1276 2158 1301 2191 si
1318 2158 1443 2191 articuli
1457 2157 1609 2191 excedant
1625 2166 1793 2189 numerum

1053 2211 1322 2256 vigintiquinque,
1348 2216 1378 2244 et
1403 2210 1645 2254 interrogatoria
1667 2210 1795 2252 triginta

1053 2265 1203 2309 quinque,
1217 2266 1357 2298 solvatur
1373 2275 1496 2298 merces
1512 2264 1647 2305 notario,
1664 2263 1795 2296 arbitrio

1054 2318 1176 2351 iudicis.

1099 2372 1150 2405 62.
1176 2372 1237 2406 Pro
1262 2371 1473 2405 instrumento
1498 2371 1679 2412 sententiae,
1697 2370 1722 2403 si
1747 2381 1798 2404 cx-

1055 2425 1209 2466 trahatur,
1228 2425 1296 2458 iulii
1314 2424 1505 2469 quindecim.

1096 2475 1152 2511 63.
1176 2478 1238 2511 Pro
1255 2478 1465 2511 instrumento
1483 2477 1719 2519 decim-moriae,
1733 2487 1796 2511 non

1055 2537 1161 2565 tamen
1177 2533 1287 2576 vigore
1310 2533 1510 2577 obligationis
1529 2533 1561 2566 in
1578 2534 1679 2567 forma
1697 2543 1797 2567 came-

1056 2596 1120 2627 rae,
1136 2586 1202 2618 iulii
1219 2585 1396 2620 duodecim.

1099 2638 1153 2673 64.
1178 2639 1240 2673 Pro
1262 2638 1395 2673 brachio
1411 2639 1545 2673 seculari
1571 2640 1611 2674 ob
1635 2650 1699 2673 non
1716 2640 1796 2684 pari-
1828 2679 1832 2681 Δ

1058 2692 1175 2727 tionem
1199 2693 1372 2735 monitorii,
1396 2699 1449 2727 aut
1472 2694 1651 2728 litterarum
1675 2698 1796 2738 aposto-

1684 279 1748 313 123
1796 290 1843 315 An.
1860 289 1889 316 c,
1914 289 1980 316 πονε
