<?xml version="1.0" encoding="UTF-8"?>
<!DOCTYPE html PUBLIC "-//W3C//DTD XHTML 1.0 Transitional//EN"
    "http://www.w3.org/TR/xhtml1/DTD/xhtml1-transitional.dtd">
<html xmlns="http://www.w3.org/1999/xhtml" xml:lang="en" lang="en">
 <head>
  <title>
</title>
<meta http-equiv="Content-Type" content="text/html;charset=utf-8" />
  <meta name='ocr-system' content='tesseract 3.04.00' />
  <meta name='ocr-capabilities' content='ocr_page ocr_carea ocr_par ocr_line ocrx_word'/>
</head>
<body>
  <div class='ocr_page' id='page_1' title='image "./bullarumdiplomat12cath_0701.png"; bbox 0 0 2293 3231; ppageno 0'>
   <div class='ocr_carea' id='block_1_1' title="bbox 0 0 25 3231">
    <p class='ocr_par' dir='ltr' id='par_1_1' title="bbox 0 0 25 3231">
     <span class='ocr_line' id='line_1_1' title="bbox 0 0 25 3231; baseline 0 0"><span class='ocrx_word' id='word_1_1' title='bbox 0 0 25 3231; x_wconf 95' lang='lat' dir='ltr'> </span> 
     </span>
    </p>
   </div>
   <div class='ocr_carea' id='block_1_2' title="bbox 85 273 268 302">
    <p class='ocr_par' dir='ltr' id='par_1_2' title="bbox 85 273 268 302">
     <span class='ocr_line' id='line_1_2' title="bbox 85 273 268 302; baseline -0.005 0"><span class='ocrx_word' id='word_1_2' title='bbox 85 274 134 302; x_wconf 77' lang='lat' dir='ltr'>An.</span> <span class='ocrx_word' id='word_1_3' title='bbox 156 275 184 301; x_wconf 80' lang='lat' dir='ltr'>C.</span> <span class='ocrx_word' id='word_1_4' title='bbox 202 273 268 301; x_wconf 74' lang='lat'>1622</span> 
     </span>
    </p>
   </div>
   <div class='ocr_carea' id='block_1_3' title="bbox 79 1447 263 1497">
    <p class='ocr_par' dir='ltr' id='par_1_3' title="bbox 79 1447 263 1497">
     <span class='ocr_line' id='line_1_3' title="bbox 119 1447 263 1470; baseline 0 -1"><span class='ocrx_word' id='word_1_5' title='bbox 119 1447 177 1470; x_wconf 73' lang='lat' dir='ltr'>Hora</span> <span class='ocrx_word' id='word_1_6' title='bbox 205 1448 263 1469; x_wconf 80' lang='lat' dir='ltr'>clau-</span> 
     </span>
     <span class='ocr_line' id='line_1_4' title="bbox 79 1473 263 1497; baseline 0 -1"><span class='ocrx_word' id='word_1_7' title='bbox 79 1473 142 1496; x_wconf 74' lang='lat' dir='ltr'>dendi</span> <span class='ocrx_word' id='word_1_8' title='bbox 155 1476 263 1497; x_wconf 70' lang='lat' dir='ltr'>conclave,</span> 
     </span>
    </p>
   </div>
   <div class='ocr_carea' id='block_1_4' title="bbox 96 2075 259 2108">
    <p class='ocr_par' dir='ltr' id='par_1_4' title="bbox 96 2075 259 2108">
     <span class='ocr_line' id='line_1_5' title="bbox 96 2075 259 2108; baseline 0 -1"><span class='ocrx_word' id='word_1_9' title='bbox 96 2075 259 2108; x_wconf 60' lang='lat' dir='ltr'>&#39;conclavtstae</span> 
     </span>
    </p>
   </div>
   <div class='ocr_carea' id='block_1_5' title="bbox 282 272 1199 367">
    <p class='ocr_par' dir='ltr' id='par_1_5' title="bbox 282 272 1199 367">
     <span class='ocr_line' id='line_1_6' title="bbox 894 272 1199 297; baseline -0.007 0"><span class='ocrx_word' id='word_1_10' title='bbox 894 272 1069 297; x_wconf 69' lang='lat' dir='ltr'>caesonius</span> <span class='ocrx_word' id='word_1_11' title='bbox 1090 272 1131 296; x_wconf 77' lang='lat' dir='ltr'>xv</span> <span class='ocrx_word' id='word_1_12' title='bbox 1153 272 1199 296; x_wconf 84' lang='lat' dir='ltr'>PP.</span> 
     </span>
     <span class='ocr_line' id='line_1_7' title="bbox 282 321 1039 367; baseline -0.003 -12"><span class='ocrx_word' id='word_1_13' title='bbox 282 331 354 355; x_wconf 88' lang='lat' dir='ltr'>cum</span> <span class='ocrx_word' id='word_1_14' title='bbox 369 321 434 355; x_wconf 89' lang='lat' dir='ltr'>suis</span> <span class='ocrx_word' id='word_1_15' title='bbox 447 322 555 365; x_wconf 83' lang='lat' dir='ltr'>cappis</span> <span class='ocrx_word' id='word_1_16' title='bbox 574 321 733 354; x_wconf 75' lang='lat' dir='ltr'>violaceis:</span> <span class='ocrx_word' id='word_1_17' title='bbox 754 331 880 354; x_wconf 83' lang='lat' dir='ltr'>crucem</span> <span class='ocrx_word' id='word_1_18' title='bbox 899 331 1039 367; x_wconf 61' lang='lat' dir='ltr'>pracce-⁴</span> 
     </span>
    </p>
   </div>
   <div class='ocr_carea' id='block_1_6' title="bbox 279 373 1021 1211">
    <p class='ocr_par' dir='ltr' id='par_1_6' title="bbox 279 373 1021 1211">
     <span class='ocr_line' id='line_1_8' title="bbox 281 373 1020 414; baseline -0.001 -7"><span class='ocrx_word' id='word_1_19' title='bbox 281 374 359 407; x_wconf 88' lang='lat' dir='ltr'>dunt</span> <span class='ocrx_word' id='word_1_20' title='bbox 371 374 539 407; x_wconf 81' lang='lat' dir='ltr'>familiares</span> <span class='ocrx_word' id='word_1_21' title='bbox 563 373 779 414; x_wconf 78' lang='lat' dir='ltr'>cardinalium,</span> <span class='ocrx_word' id='word_1_22' title='bbox 797 378 826 406; x_wconf 88' lang='lat' dir='ltr'>et</span> <span class='ocrx_word' id='word_1_23' title='bbox 843 374 1020 407; x_wconf 79' lang='lat' dir='ltr'>immediate</span> 
     </span>
     <span class='ocr_line' id='line_1_9' title="bbox 282 427 1020 472; baseline -0.003 -11"><span class='ocrx_word' id='word_1_24' title='bbox 282 433 424 461; x_wconf 86' lang='lat' dir='ltr'>cantores</span> <span class='ocrx_word' id='word_1_25' title='bbox 448 428 600 472; x_wconf 71' lang='lat' dir='ltr'>hymnum</span> <span class='ocrx_word' id='word_1_26' title='bbox 634 428 711 460; x_wconf 74' lang='lat' dir='ltr'>Veni</span> <span class='ocrx_word' id='word_1_27' title='bbox 730 428 860 461; x_wconf 75' lang='lat' dir='ltr'><em>Creator</em></span> <span class='ocrx_word' id='word_1_28' title='bbox 876 427 1020 470; x_wconf 71' lang='lat' dir='ltr'>Spiritus</span> 
     </span>
     <span class='ocr_line' id='line_1_10' title="bbox 283 469 1021 524; baseline -0.001 -11"><span class='ocrx_word' id='word_1_29' title='bbox 283 485 460 521; x_wconf 77' lang='lat' dir='ltr'>cantantes3</span> <span class='ocrx_word' id='word_1_30' title='bbox 474 485 544 524; x_wconf 86' lang='lat' dir='ltr'>post</span> <span class='ocrx_word' id='word_1_31' title='bbox 556 480 729 513; x_wconf 75' lang='lat' dir='ltr'>cardinales</span> <span class='ocrx_word' id='word_1_32' title='bbox 748 469 922 523; x_wconf 79' lang='lat' dir='ltr'>sequuntur</span> <span class='ocrx_word' id='word_1_33' title='bbox 934 490 1021 523; x_wconf 89' lang='lat' dir='ltr'>prae-</span> 
     </span>
     <span class='ocr_line' id='line_1_11' title="bbox 284 533 1019 577; baseline -0.003 -10"><span class='ocrx_word' id='word_1_34' title='bbox 284 534 347 575; x_wconf 86' lang='lat' dir='ltr'>lati,</span> <span class='ocrx_word' id='word_1_35' title='bbox 367 538 459 577; x_wconf 88' lang='lat' dir='ltr'>atque</span> <span class='ocrx_word' id='word_1_36' title='bbox 484 534 524 567; x_wconf 89' lang='lat' dir='ltr'>ita</span> <span class='ocrx_word' id='word_1_37' title='bbox 549 534 822 577; x_wconf 73' lang='lat' dir='ltr'>processionaliter</span> <span class='ocrx_word' id='word_1_38' title='bbox 847 533 1019 577; x_wconf 85' lang='lat' dir='ltr'>proceden-</span> 
     </span>
     <span class='ocr_line' id='line_1_12' title="bbox 283 586 1020 629; baseline -0.004 -8"><span class='ocrx_word' id='word_1_39' title='bbox 283 591 337 627; x_wconf 92' lang='lat' dir='ltr'>tes,</span> <span class='ocrx_word' id='word_1_40' title='bbox 355 586 501 620; x_wconf 86' lang='lat' dir='ltr'>conclave</span> <span class='ocrx_word' id='word_1_41' title='bbox 515 586 744 628; x_wconf 80' lang='lat' dir='ltr'>ingrediuntur,</span> <span class='ocrx_word' id='word_1_42' title='bbox 762 592 788 618; x_wconf 90' lang='lat' dir='ltr'>ct</span> <span class='ocrx_word' id='word_1_43' title='bbox 808 597 879 619; x_wconf 88' lang='lat' dir='ltr'>cum</span> <span class='ocrx_word' id='word_1_44' title='bbox 899 586 937 618; x_wconf 85' lang='lat' dir='ltr'>ad</span> <span class='ocrx_word' id='word_1_45' title='bbox 953 596 1020 629; x_wconf 87' lang='lat' dir='ltr'>cap-</span> 
     </span>
     <span class='ocr_line' id='line_1_13' title="bbox 281 639 1020 684; baseline -0.003 -11"><span class='ocrx_word' id='word_1_46' title='bbox 281 640 398 684; x_wconf 82' lang='lat' dir='ltr'>pellam</span> <span class='ocrx_word' id='word_1_47' title='bbox 418 639 629 683; x_wconf 77' lang='lat' dir='ltr'>pervenerint,</span> <span class='ocrx_word' id='word_1_48' title='bbox 654 639 859 672; x_wconf 82' lang='lat' dir='ltr'>cardinalium</span> <span class='ocrx_word' id='word_1_49' title='bbox 884 639 1020 672; x_wconf 84' lang='lat' dir='ltr'>decanus</span> 
     </span>
     <span class='ocr_line' id='line_1_14' title="bbox 281 692 1020 736; baseline -0.001 -11"><span class='ocrx_word' id='word_1_50' title='bbox 281 692 364 736; x_wconf 88' lang='lat' dir='ltr'>apud</span> <span class='ocrx_word' id='word_1_51' title='bbox 388 693 486 725; x_wconf 88' lang='lat' dir='ltr'>altare</span> <span class='ocrx_word' id='word_1_52' title='bbox 509 692 585 725; x_wconf 86' lang='lat' dir='ltr'>dicit</span> <span class='ocrx_word' id='word_1_53' title='bbox 619 692 795 725; x_wconf 90' lang='lat' dir='ltr'>orationem</span> <span class='ocrx_word' id='word_1_54' title='bbox 827 692 933 732; x_wconf 78' lang='lat' dir='ltr'>Deus,</span> <span class='ocrx_word' id='word_1_55' title='bbox 961 692 1020 735; x_wconf 84' lang='lat' dir='ltr'>qui</span> 
     </span>
     <span class='ocr_line' id='line_1_15' title="bbox 281 744 1019 788; baseline -0.001 -10"><span class='ocrx_word' id='word_1_56' title='bbox 281 745 378 779; x_wconf 79' lang='lat' dir='ltr'>corda</span> <span class='ocrx_word' id='word_1_57' title='bbox 406 745 556 788; x_wconf 78' lang='lat' dir='ltr'>fidelium</span> <span class='ocrx_word' id='word_1_58' title='bbox 572 773 580 785; x_wconf 83' lang='lat'>,</span> <span class='ocrx_word' id='word_1_59' title='bbox 615 755 675 788; x_wconf 87' lang='lat' dir='ltr'>qua</span> <span class='ocrx_word' id='word_1_60' title='bbox 709 744 796 777; x_wconf 78' lang='lat' dir='ltr'>finita</span> <span class='ocrx_word' id='word_1_61' title='bbox 820 745 966 787; x_wconf 78' lang='lat' dir='ltr'>leguntur</span> <span class='ocrx_word' id='word_1_62' title='bbox 990 750 1019 777; x_wconf 85' lang='lat' dir='ltr'>et</span> 
     </span>
     <span class='ocr_line' id='line_1_16' title="bbox 280 798 1018 842; baseline 0 -11"><span class='ocrx_word' id='word_1_63' title='bbox 280 799 424 832; x_wconf 86' lang='lat' dir='ltr'>iurantur</span> <span class='ocrx_word' id='word_1_64' title='bbox 447 809 504 842; x_wconf 92' lang='lat' dir='ltr'>per</span> <span class='ocrx_word' id='word_1_65' title='bbox 528 798 701 832; x_wconf 82' lang='lat' dir='ltr'>cardinales</span> <span class='ocrx_word' id='word_1_66' title='bbox 725 798 962 831; x_wconf 75' lang='lat' dir='ltr'>constitutiones</span> <span class='ocrx_word' id='word_1_67' title='bbox 981 798 1018 831; x_wconf 88' lang='lat' dir='ltr'>de</span> 
     </span>
     <span class='ocr_line' id='line_1_17' title="bbox 281 851 1018 885; baseline -0.001 -1"><span class='ocrx_word' id='word_1_68' title='bbox 281 851 413 885; x_wconf 85' lang='lat' dir='ltr'>Romani</span> <span class='ocrx_word' id='word_1_69' title='bbox 430 851 588 885; x_wconf 85' lang='lat' dir='ltr'>Pontificis</span> <span class='ocrx_word' id='word_1_70' title='bbox 602 851 753 885; x_wconf 82' lang='lat' dir='ltr'>electione</span> <span class='ocrx_word' id='word_1_71' title='bbox 767 856 796 884; x_wconf 88' lang='lat' dir='ltr'>et</span> <span class='ocrx_word' id='word_1_72' title='bbox 809 853 868 884; x_wconf 79' lang='lat' dir='ltr'>una</span> <span class='ocrx_word' id='word_1_73' title='bbox 882 862 955 884; x_wconf 91' lang='lat' dir='ltr'>cum</span> <span class='ocrx_word' id='word_1_74' title='bbox 975 852 1018 884; x_wconf 89' lang='lat' dir='ltr'>eis</span> 
     </span>
     <span class='ocr_line' id='line_1_18' title="bbox 279 904 1019 946; baseline -0.004 -7"><span class='ocrx_word' id='word_1_75' title='bbox 279 904 464 939; x_wconf 89' lang='lat' dir='ltr'>Constitutio</span> <span class='ocrx_word' id='word_1_76' title='bbox 479 904 649 938; x_wconf 78' lang='lat' dir='ltr'>novissima</span> <span class='ocrx_word' id='word_1_77' title='bbox 665 904 808 946; x_wconf 79' lang='lat' dir='ltr'>Gregorii</span> <span class='ocrx_word' id='word_1_78' title='bbox 826 905 885 937; x_wconf 79' lang='lat' dir='ltr'>XV.</span> <span class='ocrx_word' id='word_1_79' title='bbox 904 904 1019 937; x_wconf 87' lang='lat' dir='ltr'>Deinde</span> 
     </span>
     <span class='ocr_line' id='line_1_19' title="bbox 281 957 1019 1002; baseline -0.003 -11"><span class='ocrx_word' id='word_1_80' title='bbox 281 958 476 998; x_wconf 80' lang='lat' dir='ltr'>cardinales,</span> <span class='ocrx_word' id='word_1_81' title='bbox 500 962 571 1002; x_wconf 91' lang='lat' dir='ltr'>post</span> <span class='ocrx_word' id='word_1_82' title='bbox 594 968 772 991; x_wconf 89' lang='lat' dir='ltr'>sermonem</span> <span class='ocrx_word' id='word_1_83' title='bbox 797 957 936 990; x_wconf 87' lang='lat' dir='ltr'>habitum</span> <span class='ocrx_word' id='word_1_84' title='bbox 962 968 1019 1001; x_wconf 89' lang='lat' dir='ltr'>per</span> 
     </span>
     <span class='ocr_line' id='line_1_20' title="bbox 281 1011 1018 1055; baseline -0.003 -10"><span class='ocrx_word' id='word_1_85' title='bbox 281 1012 445 1052; x_wconf 88' lang='lat' dir='ltr'>decanum,</span> <span class='ocrx_word' id='word_1_86' title='bbox 469 1023 532 1055; x_wconf 92' lang='lat' dir='ltr'>quo</span> <span class='ocrx_word' id='word_1_87' title='bbox 557 1022 610 1045; x_wconf 92' lang='lat' dir='ltr'>eos</span> <span class='ocrx_word' id='word_1_88' title='bbox 634 1011 890 1045; x_wconf 84' lang='lat' dir='ltr'>convenientibus</span> <span class='ocrx_word' id='word_1_89' title='bbox 914 1011 1018 1043; x_wconf 74' lang='lat' dir='ltr'>verbis</span> 
     </span>
     <span class='ocr_line' id='line_1_21' title="bbox 279 1065 1019 1108; baseline -0.004 -9"><span class='ocrx_word' id='word_1_90' title='bbox 279 1066 318 1099; x_wconf 88' lang='lat' dir='ltr'>ad</span> <span class='ocrx_word' id='word_1_91' title='bbox 343 1065 503 1099; x_wconf 85' lang='lat' dir='ltr'>electionis</span> <span class='ocrx_word' id='word_1_92' title='bbox 522 1065 684 1108; x_wconf 80' lang='lat' dir='ltr'>negotium</span> <span class='ocrx_word' id='word_1_93' title='bbox 701 1065 759 1096; x_wconf 82' lang='lat' dir='ltr'>rite</span> <span class='ocrx_word' id='word_1_94' title='bbox 777 1069 807 1096; x_wconf 91' lang='lat' dir='ltr'>et</span> <span class='ocrx_word' id='word_1_95' title='bbox 824 1069 908 1097; x_wconf 89' lang='lat' dir='ltr'>recte</span> <span class='ocrx_word' id='word_1_96' title='bbox 931 1074 1019 1107; x_wconf 89' lang='lat' dir='ltr'>pera-</span> 
     </span>
     <span class='ocr_line' id='line_1_22' title="bbox 279 1117 1018 1162; baseline -0.003 -10"><span class='ocrx_word' id='word_1_97' title='bbox 279 1119 417 1162; x_wconf 82' lang='lat' dir='ltr'>gendum</span> <span class='ocrx_word' id='word_1_98' title='bbox 433 1118 587 1158; x_wconf 80' lang='lat' dir='ltr'>hortatur,</span> <span class='ocrx_word' id='word_1_99' title='bbox 601 1117 639 1150; x_wconf 92' lang='lat' dir='ltr'>ad</span> <span class='ocrx_word' id='word_1_100' title='bbox 652 1118 755 1157; x_wconf 87' lang='lat' dir='ltr'>cellas,</span> <span class='ocrx_word' id='word_1_101' title='bbox 770 1122 854 1150; x_wconf 83' lang='lat' dir='ltr'>sorte</span> <span class='ocrx_word' id='word_1_102' title='bbox 871 1117 951 1149; x_wconf 90' lang='lat' dir='ltr'>inter</span> <span class='ocrx_word' id='word_1_103' title='bbox 965 1128 1018 1150; x_wconf 89' lang='lat' dir='ltr'>eos</span> 
     </span>
     <span class='ocr_line' id='line_1_23' title="bbox 279 1171 1016 1211; baseline -0.004 -5"><span class='ocrx_word' id='word_1_104' title='bbox 279 1173 364 1207; x_wconf 85' lang='lat' dir='ltr'>iuxta</span> <span class='ocrx_word' id='word_1_105' title='bbox 398 1171 656 1206; x_wconf 89' lang='lat' dir='ltr'>Constitutionem</span> <span class='ocrx_word' id='word_1_106' title='bbox 681 1171 726 1204; x_wconf 90' lang='lat' dir='ltr'>Pii</span> <span class='ocrx_word' id='word_1_107' title='bbox 751 1171 788 1203; x_wconf 86' lang='lat' dir='ltr'>IV</span> <span class='ocrx_word' id='word_1_108' title='bbox 813 1171 1016 1211; x_wconf 81' lang='lat' dir='ltr'>distributas,</span> 
     </span>
    </p>
   </div>
   <div class='ocr_carea' id='block_1_7' title="bbox 278 1224 1036 1269">
    <p class='ocr_par' dir='ltr' id='par_1_7' title="bbox 278 1224 1036 1269">
     <span class='ocr_line' id='line_1_24' title="bbox 278 1224 1036 1269; baseline -0.003 -10"><span class='ocrx_word' id='word_1_109' title='bbox 278 1226 446 1266; x_wconf 87' lang='lat' dir='ltr'>divertunt,</span> <span class='ocrx_word' id='word_1_110' title='bbox 465 1230 494 1258; x_wconf 90' lang='lat' dir='ltr'>et</span> <span class='ocrx_word' id='word_1_111' title='bbox 510 1228 581 1269; x_wconf 88' lang='lat' dir='ltr'>post</span> <span class='ocrx_word' id='word_1_112' title='bbox 597 1224 763 1268; x_wconf 89' lang='lat' dir='ltr'>prandium</span> <span class='ocrx_word' id='word_1_113' title='bbox 782 1235 891 1257; x_wconf 90' lang='lat' dir='ltr'>omnes</span> <span class='ocrx_word' id='word_1_114' title='bbox 908 1235 1017 1257; x_wconf 89' lang='lat' dir='ltr'>rursus</span> <span class='ocrx_word' id='word_1_115' title='bbox 1034 1259 1036 1268; x_wconf 47' lang='lat'>,</span> 
     </span>
    </p>
   </div>
   <div class='ocr_carea' id='block_1_8' title="bbox 275 1277 1018 1643">
    <p class='ocr_par' dir='ltr' id='par_1_8' title="bbox 278 1277 1017 1420">
     <span class='ocr_line' id='line_1_25' title="bbox 279 1277 1017 1321; baseline -0.004 -9"><span class='ocrx_word' id='word_1_116' title='bbox 279 1278 372 1312; x_wconf 90' lang='lat' dir='ltr'>simul</span> <span class='ocrx_word' id='word_1_117' title='bbox 404 1281 654 1321; x_wconf 80' lang='lat' dir='ltr'>congregantur;</span> <span class='ocrx_word' id='word_1_118' title='bbox 679 1277 828 1310; x_wconf 85' lang='lat' dir='ltr'>officiales</span> <span class='ocrx_word' id='word_1_119' title='bbox 861 1277 1017 1318; x_wconf 80' lang='lat' dir='ltr'>conclavis</span> 
     </span>
     <span class='ocr_line' id='line_1_26' title="bbox 278 1330 1016 1376; baseline -0.003 -11"><span class='ocrx_word' id='word_1_120' title='bbox 278 1337 309 1365; x_wconf 87' lang='lat' dir='ltr'>et</span> <span class='ocrx_word' id='word_1_121' title='bbox 327 1332 380 1365; x_wconf 85' lang='lat' dir='ltr'>alii</span> <span class='ocrx_word' id='word_1_122' title='bbox 396 1336 555 1376; x_wconf 84' lang='lat' dir='ltr'>praestant</span> <span class='ocrx_word' id='word_1_123' title='bbox 572 1341 661 1364; x_wconf 87' lang='lat' dir='ltr'>sacro</span> <span class='ocrx_word' id='word_1_124' title='bbox 683 1330 816 1373; x_wconf 85' lang='lat' dir='ltr'>collegio</span> <span class='ocrx_word' id='word_1_125' title='bbox 841 1331 1016 1364; x_wconf 89' lang='lat' dir='ltr'>iuramenta</span> 
     </span>
     <span class='ocr_line' id='line_1_27' title="bbox 278 1391 436 1420; baseline -0.006 -1"><span class='ocrx_word' id='word_1_126' title='bbox 278 1391 436 1420; x_wconf 83' lang='lat' dir='ltr'>consueta.</span> 
     </span>
    </p>

    <p class='ocr_par' dir='ltr' id='par_1_9' title="bbox 275 1438 1018 1643">
     <span class='ocr_line' id='line_1_28' title="bbox 322 1438 1016 1481; baseline -0.003 -8"><span class='ocrx_word' id='word_1_127' title='bbox 322 1439 500 1474; x_wconf 87' lang='lat' dir='ltr'>Cardinales</span> <span class='ocrx_word' id='word_1_128' title='bbox 517 1443 622 1471; x_wconf 87' lang='lat' dir='ltr'>autem</span> <span class='ocrx_word' id='word_1_129' title='bbox 638 1438 771 1481; x_wconf 81' lang='lat' dir='ltr'>ingressi</span> <span class='ocrx_word' id='word_1_130' title='bbox 788 1439 935 1472; x_wconf 66' lang='lat' dir='ltr'>conclave</span> <span class='ocrx_word' id='word_1_131' title='bbox 954 1449 1016 1471; x_wconf 91' lang='lat' dir='ltr'>non</span> 
     </span>
     <span class='ocr_line' id='line_1_29' title="bbox 277 1492 1018 1536; baseline -0.003 -9"><span class='ocrx_word' id='word_1_132' title='bbox 277 1498 389 1527; x_wconf 85' lang='lat' dir='ltr'>exeant</span> <span class='ocrx_word' id='word_1_133' title='bbox 417 1503 547 1536; x_wconf 87' lang='lat' dir='ltr'>vespere</span> <span class='ocrx_word' id='word_1_134' title='bbox 563 1492 732 1532; x_wconf 77' lang='lat' dir='ltr'>reversuri,</span> <span class='ocrx_word' id='word_1_135' title='bbox 749 1492 803 1525; x_wconf 88' lang='lat' dir='ltr'>sed</span> <span class='ocrx_word' id='word_1_136' title='bbox 820 1492 851 1524; x_wconf 92' lang='lat' dir='ltr'>in</span> <span class='ocrx_word' id='word_1_137' title='bbox 868 1493 936 1536; x_wconf 90' lang='lat' dir='ltr'>ipso</span> <span class='ocrx_word' id='word_1_138' title='bbox 954 1503 1018 1526; x_wconf 92' lang='lat' dir='ltr'>om-</span> 
     </span>
     <span class='ocr_line' id='line_1_30' title="bbox 275 1546 1017 1591; baseline -0.001 -11"><span class='ocrx_word' id='word_1_139' title='bbox 275 1547 351 1580; x_wconf 92' lang='lat' dir='ltr'>nino</span> <span class='ocrx_word' id='word_1_140' title='bbox 364 1549 579 1591; x_wconf 84' lang='lat' dir='ltr'>permaneant.</span> <span class='ocrx_word' id='word_1_141' title='bbox 593 1546 759 1589; x_wconf 81' lang='lat' dir='ltr'>Ipsumque</span> <span class='ocrx_word' id='word_1_142' title='bbox 773 1546 930 1587; x_wconf 72' lang='lat' dir='ltr'>conclave,</span> <span class='ocrx_word' id='word_1_143' title='bbox 947 1551 1017 1589; x_wconf 90' lang='lat' dir='ltr'>post</span> 
     </span>
     <span class='ocr_line' id='line_1_31' title="bbox 276 1598 1016 1643; baseline -0.001 -10"><span class='ocrx_word' id='word_1_144' title='bbox 276 1605 324 1633; x_wconf 89' lang='lat' dir='ltr'>ter</span> <span class='ocrx_word' id='word_1_145' title='bbox 356 1600 443 1633; x_wconf 86' lang='lat' dir='ltr'>iussu</span> <span class='ocrx_word' id='word_1_146' title='bbox 478 1598 644 1632; x_wconf 86' lang='lat' dir='ltr'>cardinalis</span> <span class='ocrx_word' id='word_1_147' title='bbox 675 1599 784 1632; x_wconf 88' lang='lat' dir='ltr'>decani</span> <span class='ocrx_word' id='word_1_148' title='bbox 816 1605 1016 1643; x_wconf 82' lang='lat' dir='ltr'>personatam</span> 
     </span>
    </p>
   </div>
   <div class='ocr_carea' id='block_1_9' title="bbox 275 1652 1034 1752">
    <p class='ocr_par' dir='ltr' id='par_1_10' title="bbox 275 1652 1034 1752">
     <span class='ocr_line' id='line_1_32' title="bbox 276 1652 1034 1697; baseline 0 -11"><span class='ocrx_word' id='word_1_149' title='bbox 276 1653 511 1697; x_wconf 86' lang='lat' dir='ltr'>campanulam,</span> <span class='ocrx_word' id='word_1_150' title='bbox 536 1652 680 1686; x_wconf 71' lang='lat' dir='ltr'>videlicet</span> <span class='ocrx_word' id='word_1_151' title='bbox 708 1652 810 1696; x_wconf 78' lang='lat' dir='ltr'>prima</span> <span class='ocrx_word' id='word_1_152' title='bbox 838 1653 902 1686; x_wconf 79' lang='lat' dir='ltr'>vice</span> <span class='ocrx_word' id='word_1_153' title='bbox 933 1653 1034 1686; x_wconf 40' lang='lat' dir='ltr'>circat</span> 
     </span>
     <span class='ocr_line' id='line_1_33' title="bbox 275 1706 1034 1752; baseline 0 -12"><span class='ocrx_word' id='word_1_154' title='bbox 275 1707 413 1752; x_wconf 85' lang='lat' dir='ltr'>primam</span> <span class='ocrx_word' id='word_1_155' title='bbox 437 1706 549 1739; x_wconf 88' lang='lat' dir='ltr'>horam</span> <span class='ocrx_word' id='word_1_156' title='bbox 575 1706 686 1746; x_wconf 89' lang='lat' dir='ltr'>noctis,</span> <span class='ocrx_word' id='word_1_157' title='bbox 704 1706 840 1740; x_wconf 81' lang='lat' dir='ltr'>secunda</span> <span class='ocrx_word' id='word_1_158' title='bbox 866 1706 947 1740; x_wconf 81' lang='lat' dir='ltr'>circa</span> <span class='ocrx_word' id='word_1_159' title='bbox 973 1718 1034 1740; x_wconf 87' lang='lat' dir='ltr'>se·-</span> 
     </span>
    </p>
   </div>
   <div class='ocr_carea' id='block_1_10' title="bbox 276 1758 1016 1800">
    <p class='ocr_par' dir='ltr' id='par_1_11' title="bbox 276 1758 1016 1800">
     <span class='ocr_line' id='line_1_34' title="bbox 276 1758 1016 1800; baseline 0 -8"><span class='ocrx_word' id='word_1_160' title='bbox 276 1759 421 1800; x_wconf 84' lang='lat' dir='ltr'>cundam,</span> <span class='ocrx_word' id='word_1_161' title='bbox 442 1763 472 1792; x_wconf 87' lang='lat' dir='ltr'>et</span> <span class='ocrx_word' id='word_1_162' title='bbox 496 1758 588 1791; x_wconf 79' lang='lat' dir='ltr'>tertia</span> <span class='ocrx_word' id='word_1_163' title='bbox 613 1758 697 1791; x_wconf 89' lang='lat' dir='ltr'>circa</span> <span class='ocrx_word' id='word_1_164' title='bbox 722 1759 855 1799; x_wconf 85' lang='lat' dir='ltr'>tertiam,</span> <span class='ocrx_word' id='word_1_165' title='bbox 883 1760 1016 1793; x_wconf 76' lang='lat' dir='ltr'>exclusis</span> 
     </span>
    </p>
   </div>
   <div class='ocr_carea' id='block_1_11' title="bbox 275 1809 1033 1854">
    <p class='ocr_par' dir='ltr' id='par_1_12' title="bbox 275 1809 1033 1854">
     <span class='ocr_line' id='line_1_35' title="bbox 275 1809 1033 1854; baseline 0 -11"><span class='ocrx_word' id='word_1_166' title='bbox 275 1810 434 1851; x_wconf 90' lang='lat' dir='ltr'>omnibus,</span> <span class='ocrx_word' id='word_1_167' title='bbox 458 1809 513 1854; x_wconf 89' lang='lat' dir='ltr'>qui</span> <span class='ocrx_word' id='word_1_168' title='bbox 543 1809 575 1842; x_wconf 93' lang='lat' dir='ltr'>in</span> <span class='ocrx_word' id='word_1_169' title='bbox 600 1810 739 1843; x_wconf 76' lang='lat' dir='ltr'>conclavi</span> <span class='ocrx_word' id='word_1_170' title='bbox 762 1820 928 1843; x_wconf 85' lang='lat' dir='ltr'>remanere</span> <span class='ocrx_word' id='word_1_171' title='bbox 953 1821 1033 1844; x_wconf 84' lang='lat' dir='ltr'>non</span> 
     </span>
    </p>
   </div>
   <div class='ocr_carea' id='block_1_12' title="bbox 274 1863 1017 2440">
    <p class='ocr_par' dir='ltr' id='par_1_13' title="bbox 275 1863 1017 2067">
     <span class='ocr_line' id='line_1_36' title="bbox 275 1863 1016 1905; baseline 0.001 -9"><span class='ocrx_word' id='word_1_172' title='bbox 275 1863 400 1905; x_wconf 90' lang='lat' dir='ltr'>debent,</span> <span class='ocrx_word' id='word_1_173' title='bbox 424 1863 507 1896; x_wconf 89' lang='lat' dir='ltr'>intus</span> <span class='ocrx_word' id='word_1_174' title='bbox 531 1868 562 1896; x_wconf 89' lang='lat' dir='ltr'>et</span> <span class='ocrx_word' id='word_1_175' title='bbox 585 1868 674 1896; x_wconf 83' lang='lat' dir='ltr'>extra</span> <span class='ocrx_word' id='word_1_176' title='bbox 697 1863 868 1904; x_wconf 83' lang='lat' dir='ltr'>claudatur,</span> <span class='ocrx_word' id='word_1_177' title='bbox 897 1869 927 1896; x_wconf 89' lang='lat' dir='ltr'>et</span> <span class='ocrx_word' id='word_1_178' title='bbox 958 1865 1016 1897; x_wconf 86' lang='lat' dir='ltr'>cla-</span> 
     </span>
     <span class='ocr_line' id='line_1_37' title="bbox 276 1916 1017 1960; baseline 0.001 -10"><span class='ocrx_word' id='word_1_179' title='bbox 276 1927 330 1950; x_wconf 88' lang='lat' dir='ltr'>ves</span> <span class='ocrx_word' id='word_1_180' title='bbox 353 1917 382 1950; x_wconf 90' lang='lat' dir='ltr'>S.</span> <span class='ocrx_word' id='word_1_181' title='bbox 407 1917 442 1950; x_wconf 91' lang='lat' dir='ltr'>R.</span> <span class='ocrx_word' id='word_1_182' title='bbox 468 1917 500 1950; x_wconf 90' lang='lat' dir='ltr'>E.</span> <span class='ocrx_word' id='word_1_183' title='bbox 520 1916 696 1950; x_wconf 86' lang='lat' dir='ltr'>camerario</span> <span class='ocrx_word' id='word_1_184' title='bbox 715 1927 750 1950; x_wconf 88' lang='lat' dir='ltr'>ac</span> <span class='ocrx_word' id='word_1_185' title='bbox 775 1917 926 1960; x_wconf 81' lang='lat' dir='ltr'>magistro</span> <span class='ocrx_word' id='word_1_186' title='bbox 951 1928 1017 1951; x_wconf 87' lang='lat' dir='ltr'>cae-</span> 
     </span>
     <span class='ocr_line' id='line_1_38' title="bbox 276 1970 1015 2014; baseline 0.003 -12"><span class='ocrx_word' id='word_1_187' title='bbox 276 1970 491 2003; x_wconf 88' lang='lat' dir='ltr'>remoniarum</span> <span class='ocrx_word' id='word_1_188' title='bbox 514 1974 545 2003; x_wconf 86' lang='lat' dir='ltr'>et</span> <span class='ocrx_word' id='word_1_189' title='bbox 567 1970 715 2014; x_wconf 86' lang='lat' dir='ltr'>praelatis</span> <span class='ocrx_word' id='word_1_190' title='bbox 739 1971 922 2004; x_wconf 81' lang='lat' dir='ltr'>custodibus</span> <span class='ocrx_word' id='word_1_191' title='bbox 945 1982 1015 2004; x_wconf 90' lang='lat' dir='ltr'>con-</span> 
     </span>
     <span class='ocr_line' id='line_1_39' title="bbox 276 2022 863 2067; baseline 0.003 -12"><span class='ocrx_word' id='word_1_192' title='bbox 276 2022 372 2056; x_wconf 85' lang='lat' dir='ltr'>clavis</span> <span class='ocrx_word' id='word_1_193' title='bbox 396 2023 481 2056; x_wconf 83' lang='lat' dir='ltr'>iuxta</span> <span class='ocrx_word' id='word_1_194' title='bbox 505 2024 631 2057; x_wconf 85' lang='lat' dir='ltr'>solitum</span> <span class='ocrx_word' id='word_1_195' title='bbox 655 2024 863 2067; x_wconf 80' lang='lat' dir='ltr'>assignentur.</span> 
     </span>
    </p>

    <p class='ocr_par' dir='ltr' id='par_1_14' title="bbox 274 2076 1016 2440">
     <span class='ocr_line' id='line_1_40' title="bbox 318 2076 1016 2118; baseline 0.003 -9"><span class='ocrx_word' id='word_1_196' title='bbox 318 2076 435 2109; x_wconf 88' lang='lat' dir='ltr'>Deinde</span> <span class='ocrx_word' id='word_1_197' title='bbox 452 2077 590 2110; x_wconf 85' lang='lat' dir='ltr'>accensis</span> <span class='ocrx_word' id='word_1_198' title='bbox 610 2077 773 2118; x_wconf 88' lang='lat' dir='ltr'>sanalibus,</span> <span class='ocrx_word' id='word_1_199' title='bbox 795 2083 857 2111; x_wconf 88' lang='lat' dir='ltr'>tres</span> <span class='ocrx_word' id='word_1_200' title='bbox 877 2079 1016 2111; x_wconf 88' lang='lat' dir='ltr'>cardina-</span> 
     </span>
     <span class='ocr_line' id='line_1_41' title="bbox 275 2130 1014 2174; baseline 0.003 -11"><span class='ocrx_word' id='word_1_201' title='bbox 275 2131 320 2164; x_wconf 88' lang='lat' dir='ltr'>les</span> <span class='ocrx_word' id='word_1_202' title='bbox 333 2130 433 2174; x_wconf 89' lang='lat' dir='ltr'>capita</span> <span class='ocrx_word' id='word_1_203' title='bbox 453 2130 600 2163; x_wconf 88' lang='lat' dir='ltr'>ordinum</span> <span class='ocrx_word' id='word_1_204' title='bbox 614 2135 643 2163; x_wconf 88' lang='lat' dir='ltr'>et</span> <span class='ocrx_word' id='word_1_205' title='bbox 656 2131 848 2164; x_wconf 87' lang='lat' dir='ltr'>camerarius</span> <span class='ocrx_word' id='word_1_206' title='bbox 867 2133 929 2164; x_wconf 82' lang='lat' dir='ltr'>una</span> <span class='ocrx_word' id='word_1_207' title='bbox 943 2143 1014 2165; x_wconf 86' lang='lat' dir='ltr'>cum</span> 
     </span>
     <span class='ocr_line' id='line_1_42' title="bbox 275 2183 1014 2226; baseline 0.001 -10"><span class='ocrx_word' id='word_1_208' title='bbox 275 2183 426 2226; x_wconf 83' lang='lat' dir='ltr'>magistro</span> <span class='ocrx_word' id='word_1_209' title='bbox 451 2183 721 2216; x_wconf 87' lang='lat' dir='ltr'>caeremoniarum</span> <span class='ocrx_word' id='word_1_210' title='bbox 745 2184 880 2217; x_wconf 85' lang='lat' dir='ltr'>latebras</span> <span class='ocrx_word' id='word_1_211' title='bbox 905 2189 935 2217; x_wconf 90' lang='lat' dir='ltr'>et</span> <span class='ocrx_word' id='word_1_212' title='bbox 960 2195 1014 2217; x_wconf 90' lang='lat' dir='ltr'>an-</span> 
     </span>
     <span class='ocr_line' id='line_1_43' title="bbox 275 2236 1016 2281; baseline 0.001 -12"><span class='ocrx_word' id='word_1_213' title='bbox 275 2237 365 2279; x_wconf 87' lang='lat' dir='ltr'>gulos</span> <span class='ocrx_word' id='word_1_214' title='bbox 389 2246 498 2269; x_wconf 88' lang='lat' dir='ltr'>omnes</span> <span class='ocrx_word' id='word_1_215' title='bbox 522 2236 677 2269; x_wconf 84' lang='lat' dir='ltr'>conclavis</span> <span class='ocrx_word' id='word_1_216' title='bbox 698 2236 865 2279; x_wconf 78' lang='lat' dir='ltr'>diligenter</span> <span class='ocrx_word' id='word_1_217' title='bbox 889 2238 1016 2281; x_wconf 89' lang='lat' dir='ltr'>perqui-</span> 
     </span>
     <span class='ocr_line' id='line_1_44' title="bbox 274 2289 1013 2334; baseline 0.001 -12"><span class='ocrx_word' id='word_1_218' title='bbox 274 2295 358 2331; x_wconf 88' lang='lat' dir='ltr'>runt,</span> <span class='ocrx_word' id='word_1_219' title='bbox 375 2300 414 2323; x_wconf 89' lang='lat' dir='ltr'>ne</span> <span class='ocrx_word' id='word_1_220' title='bbox 438 2289 508 2334; x_wconf 89' lang='lat' dir='ltr'>quis</span> <span class='ocrx_word' id='word_1_221' title='bbox 532 2300 569 2322; x_wconf 76' lang='lat' dir='ltr'>ex</span> <span class='ocrx_word' id='word_1_222' title='bbox 594 2289 642 2330; x_wconf 84' lang='lat' dir='ltr'>iis,</span> <span class='ocrx_word' id='word_1_223' title='bbox 662 2290 716 2333; x_wconf 90' lang='lat' dir='ltr'>qui</span> <span class='ocrx_word' id='word_1_224' title='bbox 734 2300 802 2323; x_wconf 87' lang='lat' dir='ltr'>esse</span> <span class='ocrx_word' id='word_1_225' title='bbox 822 2290 852 2322; x_wconf 93' lang='lat' dir='ltr'>in</span> <span class='ocrx_word' id='word_1_226' title='bbox 873 2291 1013 2324; x_wconf 85' lang='lat' dir='ltr'>conclavi</span> 
     </span>
     <span class='ocr_line' id='line_1_45' title="bbox 274 2343 1013 2388; baseline 0 -11"><span class='ocrx_word' id='word_1_227' title='bbox 274 2343 493 2388; x_wconf 87' lang='lat' dir='ltr'>prohibentur,</span> <span class='ocrx_word' id='word_1_228' title='bbox 510 2343 594 2376; x_wconf 88' lang='lat' dir='ltr'>intus</span> <span class='ocrx_word' id='word_1_229' title='bbox 611 2343 806 2376; x_wconf 85' lang='lat' dir='ltr'>remanserit.</span> <span class='ocrx_word' id='word_1_230' title='bbox 824 2344 857 2376; x_wconf 92' lang='lat' dir='ltr'>In</span> <span class='ocrx_word' id='word_1_231' title='bbox 874 2345 1013 2377; x_wconf 81' lang='lat' dir='ltr'>conclavi</span> 
     </span>
     <span class='ocr_line' id='line_1_46' title="bbox 274 2397 1016 2440; baseline 0 -10"><span class='ocrx_word' id='word_1_232' title='bbox 274 2402 379 2431; x_wconf 88' lang='lat' dir='ltr'>autem</span> <span class='ocrx_word' id='word_1_233' title='bbox 409 2407 476 2430; x_wconf 87' lang='lat' dir='ltr'>esse</span> <span class='ocrx_word' id='word_1_234' title='bbox 510 2401 639 2440; x_wconf 80' lang='lat' dir='ltr'>possunt</span> <span class='ocrx_word' id='word_1_235' title='bbox 675 2397 846 2430; x_wconf 81' lang='lat' dir='ltr'>familiares</span> <span class='ocrx_word' id='word_1_236' title='bbox 877 2398 1016 2430; x_wconf 88' lang='lat' dir='ltr'>cardina-</span> 
     </span>
    </p>
   </div>
   <div class='ocr_carea' id='block_1_13' title="bbox 273 2450 1031 2492">
    <p class='ocr_par' dir='ltr' id='par_1_15' title="bbox 273 2450 1031 2492">
     <span class='ocr_line' id='line_1_47' title="bbox 273 2450 1031 2492; baseline 0.001 -9"><span class='ocrx_word' id='word_1_237' title='bbox 273 2451 363 2492; x_wconf 91' lang='lat' dir='ltr'>lium,</span> <span class='ocrx_word' id='word_1_238' title='bbox 380 2450 473 2485; x_wconf 89' lang='lat' dir='ltr'>etalii</span> <span class='ocrx_word' id='word_1_239' title='bbox 486 2450 634 2484; x_wconf 87' lang='lat' dir='ltr'>officiales</span> <span class='ocrx_word' id='word_1_240' title='bbox 653 2456 681 2483; x_wconf 85' lang='lat' dir='ltr'>et</span> <span class='ocrx_word' id='word_1_241' title='bbox 700 2451 834 2483; x_wconf 84' lang='lat' dir='ltr'>ministri</span> <span class='ocrx_word' id='word_1_242' title='bbox 848 2452 1013 2492; x_wconf 73' lang='lat' dir='ltr'>conclavis,</span> <span class='ocrx_word' id='word_1_243' title='bbox 1030 2450 1031 2468; x_wconf 62' lang='lat'>³</span> 
     </span>
    </p>
   </div>
   <div class='ocr_carea' id='block_1_14' title="bbox 274 2505 1014 2709">
    <p class='ocr_par' dir='ltr' id='par_1_16' title="bbox 274 2505 1014 2709">
     <span class='ocr_line' id='line_1_48' title="bbox 275 2505 1013 2550; baseline 0 -12"><span class='ocrx_word' id='word_1_244' title='bbox 275 2505 329 2550; x_wconf 91' lang='lat' dir='ltr'>qui</span> <span class='ocrx_word' id='word_1_245' title='bbox 352 2505 385 2538; x_wconf 92' lang='lat' dir='ltr'>in</span> <span class='ocrx_word' id='word_1_246' title='bbox 412 2505 633 2538; x_wconf 87' lang='lat' dir='ltr'>constitutione</span> <span class='ocrx_word' id='word_1_247' title='bbox 657 2505 702 2537; x_wconf 89' lang='lat' dir='ltr'>Pii</span> <span class='ocrx_word' id='word_1_248' title='bbox 727 2505 764 2537; x_wconf 79' lang='lat' dir='ltr'>lv</span> <span class='ocrx_word' id='word_1_249' title='bbox 788 2511 1013 2546; x_wconf 81' lang='lat' dir='ltr'>recensentur,</span> 
     </span>
     <span class='ocr_line' id='line_1_49' title="bbox 274 2558 1014 2602; baseline 0.001 -11"><span class='ocrx_word' id='word_1_250' title='bbox 274 2558 388 2602; x_wconf 86' lang='lat' dir='ltr'>quihus</span> <span class='ocrx_word' id='word_1_251' title='bbox 413 2558 570 2593; x_wconf 88' lang='lat' dir='ltr'>adduntur</span> <span class='ocrx_word' id='word_1_252' title='bbox 593 2559 655 2592; x_wconf 87' lang='lat' dir='ltr'>duo</span> <span class='ocrx_word' id='word_1_253' title='bbox 687 2559 748 2600; x_wconf 83' lang='lat' dir='ltr'>alii,</span> <span class='ocrx_word' id='word_1_254' title='bbox 774 2569 855 2592; x_wconf 90' lang='lat' dir='ltr'>unus</span> <span class='ocrx_word' id='word_1_255' title='bbox 879 2559 1014 2592; x_wconf 75' lang='lat' dir='ltr'>famulus</span> 
     </span>
     <span class='ocr_line' id='line_1_50' title="bbox 274 2612 1013 2656; baseline 0.001 -12"><span class='ocrx_word' id='word_1_256' title='bbox 274 2621 332 2655; x_wconf 86' lang='lat' dir='ltr'>pro</span> <span class='ocrx_word' id='word_1_257' title='bbox 349 2612 507 2655; x_wconf 82' lang='lat' dir='ltr'>magistris</span> <span class='ocrx_word' id='word_1_258' title='bbox 522 2612 806 2653; x_wconf 83' lang='lat' dir='ltr'>caeremoniarum,</span> <span class='ocrx_word' id='word_1_259' title='bbox 820 2617 850 2645; x_wconf 88' lang='lat' dir='ltr'>et</span> <span class='ocrx_word' id='word_1_260' title='bbox 862 2612 941 2645; x_wconf 91' lang='lat' dir='ltr'>alius</span> <span class='ocrx_word' id='word_1_261' title='bbox 954 2623 1013 2656; x_wconf 87' lang='lat' dir='ltr'>pro</span> 
     </span>
     <span class='ocr_line' id='line_1_51' title="bbox 276 2665 1014 2709; baseline 0.004 -12"><span class='ocrx_word' id='word_1_262' title='bbox 276 2665 445 2699; x_wconf 83' lang='lat' dir='ltr'>secretario</span> <span class='ocrx_word' id='word_1_263' title='bbox 462 2666 542 2699; x_wconf 86' lang='lat' dir='ltr'>sacri</span> <span class='ocrx_word' id='word_1_264' title='bbox 566 2665 709 2709; x_wconf 71' lang='lat' dir='ltr'>collegii3</span> <span class='ocrx_word' id='word_1_265' title='bbox 733 2665 791 2700; x_wconf 87' lang='lat' dir='ltr'>hae</span> <span class='ocrx_word' id='word_1_266' title='bbox 817 2671 919 2700; x_wconf 88' lang='lat' dir='ltr'>tamen</span> <span class='ocrx_word' id='word_1_267' title='bbox 944 2676 1014 2700; x_wconf 91' lang='lat' dir='ltr'>con-</span> 
     </span>
    </p>
   </div>
   <div class='ocr_carea' id='block_1_15' title="bbox 1697 260 1760 293">
    <p class='ocr_par' dir='ltr' id='par_1_17' title="bbox 1697 260 1760 293">
     <span class='ocr_line' id='line_1_52' title="bbox 1697 260 1760 293; baseline -0.032 0"><span class='ocrx_word' id='word_1_268' title='bbox 1697 260 1760 293; x_wconf 66' lang='lat'>663</span> 
     </span>
    </p>
   </div>
   <div class='ocr_carea' id='block_1_16' title="bbox 1030 317 1794 2657">
    <p class='ocr_par' dir='ltr' id='par_1_18' title="bbox 1053 317 1794 939">
     <span class='ocr_line' id='line_1_53' title="bbox 1055 317 1792 359; baseline -0.001 -8"><span class='ocrx_word' id='word_1_269' title='bbox 1055 320 1171 353; x_wconf 87' lang='lat' dir='ltr'>ditione</span> <span class='ocrx_word' id='word_1_270' title='bbox 1196 319 1326 357; x_wconf 79' lang='lat' dir='ltr'>adiecta,</span> <span class='ocrx_word' id='word_1_271' title='bbox 1354 325 1381 352; x_wconf 89' lang='lat' dir='ltr'>ut</span> <span class='ocrx_word' id='word_1_272' title='bbox 1412 319 1544 351; x_wconf 81' lang='lat' dir='ltr'>famulus</span> <span class='ocrx_word' id='word_1_273' title='bbox 1570 317 1792 359; x_wconf 66' lang='lat' dir='ltr'>magistrorum</span> 
     </span>
     <span class='ocr_line' id='line_1_54' title="bbox 1055 371 1792 411; baseline -0.003 -6"><span class='ocrx_word' id='word_1_274' title='bbox 1055 374 1324 408; x_wconf 61' lang='lat' dir='ltr'>‹tzicremoniarum</span> <span class='ocrx_word' id='word_1_275' title='bbox 1351 378 1421 406; x_wconf 88' lang='lat' dir='ltr'>actu</span> <span class='ocrx_word' id='word_1_276' title='bbox 1435 373 1486 405; x_wconf 89' lang='lat' dir='ltr'>uni</span> <span class='ocrx_word' id='word_1_277' title='bbox 1502 383 1536 405; x_wconf 82' lang='lat' dir='ltr'>ex</span> <span class='ocrx_word' id='word_1_278' title='bbox 1556 372 1615 404; x_wconf 85' lang='lat' dir='ltr'>illis</span> <span class='ocrx_word' id='word_1_279' title='bbox 1635 371 1792 411; x_wconf 71' lang='lat' dir='ltr'>inserviat,</span> 
     </span>
     <span class='ocr_line' id='line_1_55' title="bbox 1054 425 1794 471; baseline -0.004 -11"><span class='ocrx_word' id='word_1_280' title='bbox 1054 433 1082 460; x_wconf 91' lang='lat' dir='ltr'>et</span> <span class='ocrx_word' id='word_1_281' title='bbox 1101 438 1158 471; x_wconf 87' lang='lat' dir='ltr'>per</span> <span class='ocrx_word' id='word_1_282' title='bbox 1183 438 1235 460; x_wconf 76' lang='lat' dir='ltr'>sex</span> <span class='ocrx_word' id='word_1_283' title='bbox 1262 437 1385 459; x_wconf 84' lang='lat' dir='ltr'>menses</span> <span class='ocrx_word' id='word_1_284' title='bbox 1409 430 1479 460; x_wconf 84' lang='lat' dir='ltr'>ante</span> <span class='ocrx_word' id='word_1_285' title='bbox 1504 425 1597 459; x_wconf 84' lang='lat' dir='ltr'>suerit</span> <span class='ocrx_word' id='word_1_286' title='bbox 1619 425 1684 458; x_wconf 91' lang='lat' dir='ltr'>cius</span> <span class='ocrx_word' id='word_1_287' title='bbox 1699 425 1794 458; x_wconf 86' lang='lat' dir='ltr'>conti-</span> 
     </span>
     <span class='ocr_line' id='line_1_56' title="bbox 1054 478 1793 523; baseline -0.003 -11"><span class='ocrx_word' id='word_1_288' title='bbox 1054 491 1134 514; x_wconf 87' lang='lat' dir='ltr'>nuus</span> <span class='ocrx_word' id='word_1_289' title='bbox 1159 480 1396 519; x_wconf 86' lang='lat' dir='ltr'>commensalis,</span> <span class='ocrx_word' id='word_1_290' title='bbox 1429 489 1508 523; x_wconf 87' lang='lat' dir='ltr'>quae</span> <span class='ocrx_word' id='word_1_291' title='bbox 1532 478 1668 512; x_wconf 88' lang='lat' dir='ltr'>conditio</span> <span class='ocrx_word' id='word_1_292' title='bbox 1694 478 1724 510; x_wconf 89' lang='lat' dir='ltr'>in</span> <span class='ocrx_word' id='word_1_293' title='bbox 1753 478 1793 511; x_wconf 84' lang='lat' dir='ltr'>sa-</span> 
     </span>
     <span class='ocr_line' id='line_1_57' title="bbox 1053 531 1792 575; baseline -0.004 -9"><span class='ocrx_word' id='word_1_294' title='bbox 1053 535 1140 567; x_wconf 91' lang='lat' dir='ltr'>mulo</span> <span class='ocrx_word' id='word_1_295' title='bbox 1154 533 1312 567; x_wconf 78' lang='lat' dir='ltr'>secretarii</span> <span class='ocrx_word' id='word_1_296' title='bbox 1328 533 1472 566; x_wconf 87' lang='lat' dir='ltr'>similiter</span> <span class='ocrx_word' id='word_1_297' title='bbox 1485 533 1636 575; x_wconf 75' lang='lat' dir='ltr'>exigitur:</span> <span class='ocrx_word' id='word_1_298' title='bbox 1652 531 1792 565; x_wconf 88' lang='lat' dir='ltr'>omnium</span> 
     </span>
     <span class='ocr_line' id='line_1_58' title="bbox 1054 586 1793 629; baseline -0.003 -10"><span class='ocrx_word' id='word_1_299' title='bbox 1054 591 1156 619; x_wconf 89' lang='lat' dir='ltr'>autem</span> <span class='ocrx_word' id='word_1_300' title='bbox 1182 587 1314 620; x_wconf 83' lang='lat' dir='ltr'>istorum</span> <span class='ocrx_word' id='word_1_301' title='bbox 1339 586 1600 619; x_wconf 73' lang='lat' dir='ltr'>conclavistarum</span> <span class='ocrx_word' id='word_1_302' title='bbox 1618 590 1688 629; x_wconf 87' lang='lat' dir='ltr'>post</span> <span class='ocrx_word' id='word_1_303' title='bbox 1704 595 1793 628; x_wconf 88' lang='lat' dir='ltr'>pran-</span> 
     </span>
     <span class='ocr_line' id='line_1_59' title="bbox 1054 639 1794 683; baseline -0.001 -11"><span class='ocrx_word' id='word_1_304' title='bbox 1054 640 1140 673; x_wconf 88' lang='lat' dir='ltr'>dium</span> <span class='ocrx_word' id='word_1_305' title='bbox 1159 640 1219 673; x_wconf 89' lang='lat' dir='ltr'>diei</span> <span class='ocrx_word' id='word_1_306' title='bbox 1239 641 1396 683; x_wconf 85' lang='lat' dir='ltr'>sequentis</span> <span class='ocrx_word' id='word_1_307' title='bbox 1413 640 1445 673; x_wconf 81' lang='lat' dir='ltr'>fit</span> <span class='ocrx_word' id='word_1_308' title='bbox 1464 639 1648 682; x_wconf 82' lang='lat' dir='ltr'>recognitio,</span> <span class='ocrx_word' id='word_1_309' title='bbox 1668 649 1707 672; x_wconf 87' lang='lat' dir='ltr'>ne</span> <span class='ocrx_word' id='word_1_310' title='bbox 1724 639 1794 682; x_wconf 84' lang='lat' dir='ltr'>quis</span> 
     </span>
     <span class='ocr_line' id='line_1_60' title="bbox 1054 691 1793 736; baseline -0.001 -12"><span class='ocrx_word' id='word_1_311' title='bbox 1054 692 1134 725; x_wconf 85' lang='lat' dir='ltr'>inter</span> <span class='ocrx_word' id='word_1_312' title='bbox 1160 693 1228 726; x_wconf 90' lang='lat' dir='ltr'>illos</span> <span class='ocrx_word' id='word_1_313' title='bbox 1253 694 1333 725; x_wconf 86' lang='lat' dir='ltr'>sorte</span> <span class='ocrx_word' id='word_1_314' title='bbox 1359 697 1437 726; x_wconf 87' lang='lat' dir='ltr'>essct</span> <span class='ocrx_word' id='word_1_315' title='bbox 1462 703 1497 726; x_wconf 84' lang='lat' dir='ltr'>ex</span> <span class='ocrx_word' id='word_1_316' title='bbox 1525 693 1570 732; x_wconf 86' lang='lat' dir='ltr'>iis,</span> <span class='ocrx_word' id='word_1_317' title='bbox 1591 692 1644 736; x_wconf 90' lang='lat' dir='ltr'>qui</span> <span class='ocrx_word' id='word_1_318' title='bbox 1668 691 1699 724; x_wconf 91' lang='lat' dir='ltr'>in</span> <span class='ocrx_word' id='word_1_319' title='bbox 1724 702 1793 724; x_wconf 92' lang='lat' dir='ltr'>con-</span> 
     </span>
     <span class='ocr_line' id='line_1_61' title="bbox 1054 744 1792 790; baseline 0 -13"><span class='ocrx_word' id='word_1_320' title='bbox 1054 746 1131 778; x_wconf 80' lang='lat' dir='ltr'>clavi</span> <span class='ocrx_word' id='word_1_321' title='bbox 1156 757 1222 779; x_wconf 85' lang='lat' dir='ltr'>esse</span> <span class='ocrx_word' id='word_1_322' title='bbox 1247 757 1310 779; x_wconf 93' lang='lat' dir='ltr'>non</span> <span class='ocrx_word' id='word_1_323' title='bbox 1334 751 1479 790; x_wconf 87' lang='lat' dir='ltr'>possunt,</span> <span class='ocrx_word' id='word_1_324' title='bbox 1504 755 1582 789; x_wconf 89' lang='lat' dir='ltr'>quae</span> <span class='ocrx_word' id='word_1_325' title='bbox 1618 744 1792 787; x_wconf 83' lang='lat' dir='ltr'>recognitio</span> 
     </span>
     <span class='ocr_line' id='line_1_62' title="bbox 1054 799 1792 841; baseline -0.003 -9"><span class='ocrx_word' id='word_1_326' title='bbox 1054 804 1087 832; x_wconf 83' lang='lat' dir='ltr'>ut</span> <span class='ocrx_word' id='word_1_327' title='bbox 1100 800 1215 833; x_wconf 84' lang='lat' dir='ltr'>certius</span> <span class='ocrx_word' id='word_1_328' title='bbox 1228 800 1291 841; x_wconf 85' lang='lat' dir='ltr'>siat,</span> <span class='ocrx_word' id='word_1_329' title='bbox 1305 800 1451 833; x_wconf 90' lang='lat' dir='ltr'>iubentur</span> <span class='ocrx_word' id='word_1_330' title='bbox 1465 799 1670 832; x_wconf 55' lang='lat' dir='ltr'>conciat-istae</span> <span class='ocrx_word' id='word_1_331' title='bbox 1683 808 1792 832; x_wconf 88' lang='lat' dir='ltr'>omnes</span> 
     </span>
     <span class='ocr_line' id='line_1_63' title="bbox 1053 851 1790 896; baseline -0.001 -12"><span class='ocrx_word' id='word_1_332' title='bbox 1053 852 1169 885; x_wconf 84' lang='lat' dir='ltr'>intrare</span> <span class='ocrx_word' id='word_1_333' title='bbox 1199 853 1392 896; x_wconf 84' lang='lat' dir='ltr'>cappellam,</span> <span class='ocrx_word' id='word_1_334' title='bbox 1418 856 1447 886; x_wconf 88' lang='lat' dir='ltr'>et</span> <span class='ocrx_word' id='word_1_335' title='bbox 1477 857 1584 895; x_wconf 88' lang='lat' dir='ltr'>postea</span> <span class='ocrx_word' id='word_1_336' title='bbox 1608 851 1790 894; x_wconf 80' lang='lat' dir='ltr'>singillatim</span> 
     </span>
     <span class='ocr_line' id='line_1_64' title="bbox 1054 912 1264 939; baseline 0.005 -2"><span class='ocrx_word' id='word_1_337' title='bbox 1054 912 1264 939; x_wconf 83' lang='lat' dir='ltr'>recensentur.</span> 
     </span>
    </p>

    <p class='ocr_par' dir='ltr' id='par_1_19' title="bbox 1052 958 1793 1483">
     <span class='ocr_line' id='line_1_65' title="bbox 1097 958 1790 999; baseline 0 -8"><span class='ocrx_word' id='word_1_338' title='bbox 1097 959 1207 991; x_wconf 88' lang='lat' dir='ltr'>Clauso</span> <span class='ocrx_word' id='word_1_339' title='bbox 1233 959 1382 999; x_wconf 77' lang='lat' dir='ltr'>conclavi,</span> <span class='ocrx_word' id='word_1_340' title='bbox 1404 959 1520 992; x_wconf 73' lang='lat' dir='ltr'>servari</span> <span class='ocrx_word' id='word_1_341' title='bbox 1546 958 1660 991; x_wconf 84' lang='lat' dir='ltr'>debent</span> <span class='ocrx_word' id='word_1_342' title='bbox 1676 958 1790 998; x_wconf 87' lang='lat' dir='ltr'>omnia,</span> 
     </span>
     <span class='ocr_line' id='line_1_66' title="bbox 1053 1012 1790 1056; baseline 0 -11"><span class='ocrx_word' id='word_1_343' title='bbox 1053 1023 1131 1055; x_wconf 87' lang='lat' dir='ltr'>quae</span> <span class='ocrx_word' id='word_1_344' title='bbox 1146 1013 1183 1046; x_wconf 87' lang='lat' dir='ltr'>de</span> <span class='ocrx_word' id='word_1_345' title='bbox 1197 1013 1372 1056; x_wconf 80' lang='lat' dir='ltr'>colloquiis,</span> <span class='ocrx_word' id='word_1_346' title='bbox 1385 1013 1496 1045; x_wconf 87' lang='lat' dir='ltr'>litteris</span> <span class='ocrx_word' id='word_1_347' title='bbox 1508 1018 1536 1045; x_wconf 88' lang='lat' dir='ltr'>et</span> <span class='ocrx_word' id='word_1_348' title='bbox 1553 1012 1640 1053; x_wconf 85' lang='lat' dir='ltr'>cibis,</span> <span class='ocrx_word' id='word_1_349' title='bbox 1665 1018 1693 1045; x_wconf 87' lang='lat' dir='ltr'>et</span> <span class='ocrx_word' id='word_1_350' title='bbox 1711 1022 1790 1056; x_wconf 88' lang='lat' dir='ltr'>quae</span> 
     </span>
     <span class='ocr_line' id='line_1_67' title="bbox 1052 1064 1789 1109; baseline 0.001 -13"><span class='ocrx_word' id='word_1_351' title='bbox 1052 1064 1089 1097; x_wconf 82' lang='lat' dir='ltr'>de</span> <span class='ocrx_word' id='word_1_352' title='bbox 1114 1075 1176 1099; x_wconf 91' lang='lat' dir='ltr'>non</span> <span class='ocrx_word' id='word_1_353' title='bbox 1202 1066 1450 1109; x_wconf 76' lang='lat' dir='ltr'>ingredientibus</span> <span class='ocrx_word' id='word_1_354' title='bbox 1483 1065 1714 1106; x_wconf 86' lang='lat' dir='ltr'>cardinalibus,</span> <span class='ocrx_word' id='word_1_355' title='bbox 1739 1070 1789 1097; x_wconf 88' lang='lat' dir='ltr'>aut</span> 
     </span>
     <span class='ocr_line' id='line_1_68' title="bbox 1052 1118 1792 1163; baseline 0.001 -13"><span class='ocrx_word' id='word_1_356' title='bbox 1052 1118 1173 1159; x_wconf 86' lang='lat' dir='ltr'>iisdem,</span> <span class='ocrx_word' id='word_1_357' title='bbox 1192 1125 1242 1151; x_wconf 86' lang='lat' dir='ltr'>aut</span> <span class='ocrx_word' id='word_1_358' title='bbox 1261 1130 1370 1152; x_wconf 90' lang='lat' dir='ltr'>eorum</span> <span class='ocrx_word' id='word_1_359' title='bbox 1389 1120 1605 1159; x_wconf 84' lang='lat' dir='ltr'>familiaribus,</span> <span class='ocrx_word' id='word_1_360' title='bbox 1626 1125 1792 1163; x_wconf 87' lang='lat' dir='ltr'>postquam</span> 
     </span>
     <span class='ocr_line' id='line_1_69' title="bbox 1052 1171 1793 1214; baseline 0.001 -10"><span class='ocrx_word' id='word_1_361' title='bbox 1052 1171 1184 1214; x_wconf 73' lang='lat' dir='ltr'>ingressi</span> <span class='ocrx_word' id='word_1_362' title='bbox 1209 1178 1290 1212; x_wconf 77' lang='lat' dir='ltr'>sunt,</span> <span class='ocrx_word' id='word_1_363' title='bbox 1307 1173 1502 1213; x_wconf 80' lang='lat' dir='ltr'>exeuntibus,</span> <span class='ocrx_word' id='word_1_364' title='bbox 1519 1173 1549 1205; x_wconf 92' lang='lat' dir='ltr'>in</span> <span class='ocrx_word' id='word_1_365' title='bbox 1566 1173 1793 1207; x_wconf 80' lang='lat' dir='ltr'>Constitutione</span> 
     </span>
     <span class='ocr_line' id='line_1_70' title="bbox 1053 1225 1791 1265; baseline 0.003 -8"><span class='ocrx_word' id='word_1_366' title='bbox 1053 1225 1096 1257; x_wconf 81' lang='lat' dir='ltr'>Pii</span> <span class='ocrx_word' id='word_1_367' title='bbox 1121 1225 1158 1257; x_wconf 76' lang='lat' dir='ltr'>lv</span> <span class='ocrx_word' id='word_1_368' title='bbox 1182 1226 1300 1259; x_wconf 89' lang='lat' dir='ltr'>sancita</span> <span class='ocrx_word' id='word_1_369' title='bbox 1325 1231 1403 1259; x_wconf 87' lang='lat' dir='ltr'>sunt.</span> <span class='ocrx_word' id='word_1_370' title='bbox 1422 1227 1510 1265; x_wconf 82' lang='lat' dir='ltr'>Quod</span> <span class='ocrx_word' id='word_1_371' title='bbox 1536 1237 1609 1259; x_wconf 77' lang='lat' dir='ltr'>vero</span> <span class='ocrx_word' id='word_1_372' title='bbox 1630 1226 1737 1259; x_wconf 82' lang='lat' dir='ltr'>attinet</span> <span class='ocrx_word' id='word_1_373' title='bbox 1754 1227 1791 1259; x_wconf 86' lang='lat' dir='ltr'>ad</span> 
     </span>
     <span class='ocr_line' id='line_1_71' title="bbox 1053 1279 1793 1317; baseline 0.004 -8"><span class='ocrx_word' id='word_1_374' title='bbox 1053 1282 1161 1317; x_wconf 66' lang='lat' dir='ltr'>vestes,</span> <span class='ocrx_word' id='word_1_375' title='bbox 1183 1289 1246 1311; x_wconf 87' lang='lat' dir='ltr'>non</span> <span class='ocrx_word' id='word_1_376' title='bbox 1264 1279 1365 1312; x_wconf 88' lang='lat' dir='ltr'>solum</span> <span class='ocrx_word' id='word_1_377' title='bbox 1384 1290 1455 1312; x_wconf 88' lang='lat' dir='ltr'>cum</span> <span class='ocrx_word' id='word_1_378' title='bbox 1473 1280 1512 1311; x_wconf 89' lang='lat' dir='ltr'>ad</span> <span class='ocrx_word' id='word_1_379' title='bbox 1529 1280 1714 1313; x_wconf 88' lang='lat' dir='ltr'>electionem</span> <span class='ocrx_word' id='word_1_380' title='bbox 1729 1290 1793 1313; x_wconf 88' lang='lat' dir='ltr'>car-</span> 
     </span>
     <span class='ocr_line' id='line_1_72' title="bbox 1052 1331 1792 1375; baseline 0.003 -12"><span class='ocrx_word' id='word_1_381' title='bbox 1052 1331 1169 1364; x_wconf 91' lang='lat' dir='ltr'>dinales</span> <span class='ocrx_word' id='word_1_382' title='bbox 1190 1332 1374 1375; x_wconf 76' lang='lat' dir='ltr'>procedunt,</span> <span class='ocrx_word' id='word_1_383' title='bbox 1392 1333 1511 1365; x_wconf 90' lang='lat' dir='ltr'>croceis</span> <span class='ocrx_word' id='word_1_384' title='bbox 1532 1333 1575 1365; x_wconf 89' lang='lat' dir='ltr'>uti</span> <span class='ocrx_word' id='word_1_385' title='bbox 1588 1333 1711 1373; x_wconf 88' lang='lat' dir='ltr'>debent,</span> <span class='ocrx_word' id='word_1_386' title='bbox 1728 1333 1792 1373; x_wconf 87' lang='lat' dir='ltr'>sed,</span> 
     </span>
     <span class='ocr_line' id='line_1_73' title="bbox 1052 1385 1792 1430; baseline 0.004 -14"><span class='ocrx_word' id='word_1_387' title='bbox 1052 1385 1137 1417; x_wconf 79' lang='lat' dir='ltr'>iuxta</span> <span class='ocrx_word' id='word_1_388' title='bbox 1167 1390 1254 1418; x_wconf 81' lang='lat' dir='ltr'>vetus</span> <span class='ocrx_word' id='word_1_389' title='bbox 1287 1387 1533 1419; x_wconf 83' lang='lat' dir='ltr'>coeremoniales</span> <span class='ocrx_word' id='word_1_390' title='bbox 1570 1397 1640 1419; x_wconf 93' lang='lat' dir='ltr'>cum</span> <span class='ocrx_word' id='word_1_391' title='bbox 1674 1386 1792 1430; x_wconf 85' lang='lat' dir='ltr'>aliquid</span> 
     </span>
     <span class='ocr_line' id='line_1_74' title="bbox 1052 1439 1518 1483; baseline 0.004 -12"><span class='ocrx_word' id='word_1_392' title='bbox 1052 1439 1257 1481; x_wconf 68' lang='lat' dir='ltr'>collegialitei‘</span> <span class='ocrx_word' id='word_1_393' title='bbox 1281 1440 1437 1483; x_wconf 79' lang='lat' dir='ltr'>agendum</span> <span class='ocrx_word' id='word_1_394' title='bbox 1464 1444 1518 1474; x_wconf 86' lang='lat' dir='ltr'>est.</span> 
     </span>
    </p>

    <p class='ocr_par' dir='ltr' id='par_1_20' title="bbox 1030 1492 1793 2657">
     <span class='ocr_line' id='line_1_75' title="bbox 1095 1492 1791 1537; baseline 0.003 -12"><span class='ocrx_word' id='word_1_395' title='bbox 1095 1492 1194 1526; x_wconf 85' lang='lat' dir='ltr'>Porro</span> <span class='ocrx_word' id='word_1_396' title='bbox 1219 1493 1372 1537; x_wconf 88' lang='lat' dir='ltr'>capitula,</span> <span class='ocrx_word' id='word_1_397' title='bbox 1401 1504 1481 1537; x_wconf 88' lang='lat' dir='ltr'>quae</span> <span class='ocrx_word' id='word_1_398' title='bbox 1511 1499 1581 1526; x_wconf 88' lang='lat' dir='ltr'>ante</span> <span class='ocrx_word' id='word_1_399' title='bbox 1606 1494 1791 1528; x_wconf 87' lang='lat' dir='ltr'>electionem</span> 
     </span>
     <span class='ocr_line' id='line_1_76' title="bbox 1051 1545 1793 1590; baseline 0.003 -12"><span class='ocrx_word' id='word_1_400' title='bbox 1051 1545 1120 1578; x_wconf 85' lang='lat' dir='ltr'>fieri</span> <span class='ocrx_word' id='word_1_401' title='bbox 1140 1546 1240 1579; x_wconf 87' lang='lat' dir='ltr'>solent</span> <span class='ocrx_word' id='word_1_402' title='bbox 1254 1557 1271 1578; x_wconf 86' lang='lat' dir='ltr'>a</span> <span class='ocrx_word' id='word_1_403' title='bbox 1284 1547 1415 1590; x_wconf 77' lang='lat' dir='ltr'>singulis</span> <span class='ocrx_word' id='word_1_404' title='bbox 1433 1547 1643 1580; x_wconf 85' lang='lat' dir='ltr'>cardinalibus</span> <span class='ocrx_word' id='word_1_405' title='bbox 1659 1547 1793 1580; x_wconf 88' lang='lat' dir='ltr'>subscri-</span> 
     </span>
     <span class='ocr_line' id='line_1_77' title="bbox 1051 1598 1790 1639; baseline 0.004 -9"><span class='ocrx_word' id='word_1_406' title='bbox 1051 1598 1161 1639; x_wconf 86' lang='lat' dir='ltr'>benda,</span> <span class='ocrx_word' id='word_1_407' title='bbox 1187 1599 1280 1631; x_wconf 86' lang='lat' dir='ltr'>etiam</span> <span class='ocrx_word' id='word_1_408' title='bbox 1305 1600 1343 1632; x_wconf 87' lang='lat' dir='ltr'>ad</span> <span class='ocrx_word' id='word_1_409' title='bbox 1367 1601 1506 1633; x_wconf 73' lang='lat' dir='ltr'>savorem</span> <span class='ocrx_word' id='word_1_410' title='bbox 1531 1601 1790 1634; x_wconf 83' lang='lat' dir='ltr'>conclavistarum</span> 
     </span>
     <span class='ocr_line' id='line_1_78' title="bbox 1051 1652 1792 1696; baseline 0.004 -12"><span class='ocrx_word' id='word_1_411' title='bbox 1051 1652 1119 1684; x_wconf 85' lang='lat' dir='ltr'>sieri</span> <span class='ocrx_word' id='word_1_412' title='bbox 1144 1658 1300 1696; x_wconf 82' lang='lat' dir='ltr'>poterunt,</span> <span class='ocrx_word' id='word_1_413' title='bbox 1319 1655 1366 1686; x_wconf 67' lang='lat' dir='ltr'>vel</span> <span class='ocrx_word' id='word_1_414' title='bbox 1383 1659 1455 1687; x_wconf 88' lang='lat' dir='ltr'>ante</span> <span class='ocrx_word' id='word_1_415' title='bbox 1473 1655 1649 1696; x_wconf 83' lang='lat' dir='ltr'>ingressum</span> <span class='ocrx_word' id='word_1_416' title='bbox 1671 1655 1792 1687; x_wconf 87' lang='lat' dir='ltr'>concla-</span> 
     </span>
     <span class='ocr_line' id='line_1_79' title="bbox 1051 1706 1792 1751; baseline 0.004 -13"><span class='ocrx_word' id='word_1_417' title='bbox 1051 1706 1106 1745; x_wconf 76' lang='lat' dir='ltr'>vis,</span> <span class='ocrx_word' id='word_1_418' title='bbox 1126 1707 1171 1739; x_wconf 74' lang='lat' dir='ltr'>rel</span> <span class='ocrx_word' id='word_1_419' title='bbox 1197 1712 1267 1750; x_wconf 85' lang='lat' dir='ltr'>post</span> <span class='ocrx_word' id='word_1_420' title='bbox 1284 1707 1471 1750; x_wconf 77' lang='lat' dir='ltr'>ingressum,</span> <span class='ocrx_word' id='word_1_421' title='bbox 1489 1708 1661 1741; x_wconf 86' lang='lat' dir='ltr'>dummodo</span> <span class='ocrx_word' id='word_1_422' title='bbox 1680 1718 1737 1751; x_wconf 87' lang='lat' dir='ltr'>per</span> <span class='ocrx_word' id='word_1_423' title='bbox 1755 1719 1792 1741; x_wconf 90' lang='lat' dir='ltr'>ea</span> 
     </span>
     <span class='ocr_line' id='line_1_80' title="bbox 1051 1760 1791 1804; baseline 0.004 -12"><span class='ocrx_word' id='word_1_424' title='bbox 1051 1769 1113 1793; x_wconf 91' lang='lat' dir='ltr'>non</span> <span class='ocrx_word' id='word_1_425' title='bbox 1137 1760 1334 1801; x_wconf 80' lang='lat' dir='ltr'>retardetur,</span> <span class='ocrx_word' id='word_1_426' title='bbox 1359 1765 1411 1794; x_wconf 88' lang='lat' dir='ltr'>aut</span> <span class='ocrx_word' id='word_1_427' title='bbox 1443 1761 1606 1794; x_wconf 81' lang='lat' dir='ltr'>differatur</span> <span class='ocrx_word' id='word_1_428' title='bbox 1631 1762 1791 1804; x_wconf 81' lang='lat' dir='ltr'>ingressus</span> 
     </span>
     <span class='ocr_line' id='line_1_81' title="bbox 1050 1813 1791 1855; baseline 0.004 -11"><span class='ocrx_word' id='word_1_429' title='bbox 1050 1813 1097 1844; x_wconf 69' lang='lat' dir='ltr'>vel</span> <span class='ocrx_word' id='word_1_430' title='bbox 1123 1813 1243 1846; x_wconf 88' lang='lat' dir='ltr'>electio.</span> <span class='ocrx_word' id='word_1_431' title='bbox 1261 1813 1414 1852; x_wconf 83' lang='lat' dir='ltr'>Quoniam</span> <span class='ocrx_word' id='word_1_432' title='bbox 1431 1819 1545 1855; x_wconf 84' lang='lat' dir='ltr'>autem,</span> <span class='ocrx_word' id='word_1_433' title='bbox 1563 1815 1647 1847; x_wconf 80' lang='lat' dir='ltr'>iuxta</span> <span class='ocrx_word' id='word_1_434' title='bbox 1670 1815 1791 1849; x_wconf 82' lang='lat' dir='ltr'>Consti-</span> 
     </span>
     <span class='ocr_line' id='line_1_82' title="bbox 1050 1866 1790 1911; baseline 0.004 -13"><span class='ocrx_word' id='word_1_435' title='bbox 1050 1866 1202 1899; x_wconf 88' lang='lat' dir='ltr'>tutionem</span> <span class='ocrx_word' id='word_1_436' title='bbox 1228 1866 1273 1899; x_wconf 84' lang='lat' dir='ltr'>Pii</span> <span class='ocrx_word' id='word_1_437' title='bbox 1291 1867 1339 1907; x_wconf 68' lang='lat' dir='ltr'>IV,</span> <span class='ocrx_word' id='word_1_438' title='bbox 1360 1867 1543 1909; x_wconf 82' lang='lat' dir='ltr'>cardinales,</span> <span class='ocrx_word' id='word_1_439' title='bbox 1560 1868 1613 1911; x_wconf 91' lang='lat' dir='ltr'>qui</span> <span class='ocrx_word' id='word_1_440' title='bbox 1631 1869 1739 1902; x_wconf 90' lang='lat' dir='ltr'>saltem</span> <span class='ocrx_word' id='word_1_441' title='bbox 1760 1869 1790 1901; x_wconf 92' lang='lat' dir='ltr'>in</span> 
     </span>
     <span class='ocr_line' id='line_1_83' title="bbox 1050 1919 1791 1962; baseline 0.003 -10"><span class='ocrx_word' id='word_1_442' title='bbox 1050 1919 1159 1952; x_wconf 90' lang='lat' dir='ltr'>ordine</span> <span class='ocrx_word' id='word_1_443' title='bbox 1184 1920 1364 1953; x_wconf 86' lang='lat' dir='ltr'>diaconatus</span> <span class='ocrx_word' id='word_1_444' title='bbox 1386 1921 1545 1954; x_wconf 87' lang='lat' dir='ltr'>constituti</span> <span class='ocrx_word' id='word_1_445' title='bbox 1568 1931 1630 1955; x_wconf 90' lang='lat' dir='ltr'>non</span> <span class='ocrx_word' id='word_1_446' title='bbox 1655 1927 1736 1962; x_wconf 90' lang='lat' dir='ltr'>sunt,</span> <span class='ocrx_word' id='word_1_447' title='bbox 1752 1922 1791 1955; x_wconf 87' lang='lat' dir='ltr'>ad</span> 
     </span>
     <span class='ocr_line' id='line_1_84' title="bbox 1049 1973 1792 2008; baseline 0.004 -3"><span class='ocrx_word' id='word_1_448' title='bbox 1049 1973 1233 2006; x_wconf 89' lang='lat' dir='ltr'>electionem</span> <span class='ocrx_word' id='word_1_449' title='bbox 1258 1974 1389 2007; x_wconf 84' lang='lat' dir='ltr'>Romani</span> <span class='ocrx_word' id='word_1_450' title='bbox 1413 1974 1572 2008; x_wconf 85' lang='lat' dir='ltr'>Pontificis</span> <span class='ocrx_word' id='word_1_451' title='bbox 1596 1985 1659 2008; x_wconf 91' lang='lat' dir='ltr'>non</span> <span class='ocrx_word' id='word_1_452' title='bbox 1683 1975 1792 2008; x_wconf 91' lang='lat' dir='ltr'>admit-</span> 
     </span>
     <span class='ocr_line' id='line_1_85' title="bbox 1049 2026 1790 2072; baseline 0.004 -14"><span class='ocrx_word' id='word_1_453' title='bbox 1049 2031 1171 2067; x_wconf 89' lang='lat' dir='ltr'>tuntur,</span> <span class='ocrx_word' id='word_1_454' title='bbox 1197 2026 1426 2071; x_wconf 88' lang='lat' dir='ltr'>inspiciendum</span> <span class='ocrx_word' id='word_1_455' title='bbox 1451 2028 1531 2069; x_wconf 88' lang='lat' dir='ltr'>erit,</span> <span class='ocrx_word' id='word_1_456' title='bbox 1560 2033 1727 2072; x_wconf 84' lang='lat' dir='ltr'>antequam</span> <span class='ocrx_word' id='word_1_457' title='bbox 1752 2030 1790 2061; x_wconf 91' lang='lat' dir='ltr'>ad</span> 
     </span>
     <span class='ocr_line' id='line_1_86' title="bbox 1049 2080 1789 2126; baseline 0.004 -14"><span class='ocrx_word' id='word_1_458' title='bbox 1049 2080 1209 2113; x_wconf 90' lang='lat' dir='ltr'>electionis</span> <span class='ocrx_word' id='word_1_459' title='bbox 1233 2081 1402 2124; x_wconf 79' lang='lat' dir='ltr'>negocium</span> <span class='ocrx_word' id='word_1_460' title='bbox 1420 2081 1621 2125; x_wconf 88' lang='lat' dir='ltr'>procedatur,</span> <span class='ocrx_word' id='word_1_461' title='bbox 1640 2093 1678 2115; x_wconf 89' lang='lat' dir='ltr'>an</span> <span class='ocrx_word' id='word_1_462' title='bbox 1693 2083 1789 2126; x_wconf 87' lang='lat' dir='ltr'>aliqui</span> 
     </span>
     <span class='ocr_line' id='line_1_87' title="bbox 1049 2134 1790 2180; baseline 0.004 -14"><span class='ocrx_word' id='word_1_463' title='bbox 1049 2144 1084 2167; x_wconf 84' lang='lat' dir='ltr'>ex</span> <span class='ocrx_word' id='word_1_464' title='bbox 1102 2134 1315 2167; x_wconf 86' lang='lat' dir='ltr'>cardinalibus</span> <span class='ocrx_word' id='word_1_465' title='bbox 1339 2135 1558 2179; x_wconf 86' lang='lat' dir='ltr'>praesentibus</span> <span class='ocrx_word' id='word_1_466' title='bbox 1575 2136 1684 2169; x_wconf 84' lang='lat' dir='ltr'>ordine</span> <span class='ocrx_word' id='word_1_467' title='bbox 1701 2147 1790 2180; x_wconf 86' lang='lat' dir='ltr'>prae-</span> 
     </span>
     <span class='ocr_line' id='line_1_88' title="bbox 1048 2187 1789 2232; baseline 0.004 -13"><span class='ocrx_word' id='word_1_468' title='bbox 1048 2187 1131 2220; x_wconf 88' lang='lat' dir='ltr'>dicto</span> <span class='ocrx_word' id='word_1_469' title='bbox 1156 2192 1292 2229; x_wconf 86' lang='lat' dir='ltr'>careant,</span> <span class='ocrx_word' id='word_1_470' title='bbox 1309 2198 1392 2229; x_wconf 87' lang='lat' dir='ltr'>nam,</span> <span class='ocrx_word' id='word_1_471' title='bbox 1410 2188 1435 2221; x_wconf 90' lang='lat' dir='ltr'>si</span> <span class='ocrx_word' id='word_1_472' title='bbox 1453 2194 1588 2229; x_wconf 84' lang='lat' dir='ltr'>careant,</span> <span class='ocrx_word' id='word_1_473' title='bbox 1605 2200 1622 2221; x_wconf 90' lang='lat' dir='ltr'>a</span> <span class='ocrx_word' id='word_1_474' title='bbox 1639 2189 1789 2232; x_wconf 79' lang='lat' dir='ltr'>suffragio</span> 
     </span>
     <span class='ocr_line' id='line_1_89' title="bbox 1030 2234 1791 2285; baseline 0.004 -14"><span class='ocrx_word' id='word_1_475' title='bbox 1030 2234 1176 2273; x_wconf 83' lang='lat' dir='ltr'>&#39;serendo</span> <span class='ocrx_word' id='word_1_476' title='bbox 1201 2241 1385 2274; x_wconf 83' lang='lat' dir='ltr'>excludendi</span> <span class='ocrx_word' id='word_1_477' title='bbox 1410 2248 1499 2274; x_wconf 84' lang='lat' dir='ltr'>erunt</span> <span class='ocrx_word' id='word_1_478' title='bbox 1515 2269 1522 2282; x_wconf 94' lang='lat'>‚</span> <span class='ocrx_word' id='word_1_479' title='bbox 1538 2241 1599 2274; x_wconf 88' lang='lat' dir='ltr'>nisi</span> <span class='ocrx_word' id='word_1_480' title='bbox 1622 2242 1791 2285; x_wconf 71' lang='lat' dir='ltr'>privilegio</span> 
     </span>
     <span class='ocr_line' id='line_1_90' title="bbox 1047 2293 1788 2337; baseline 0.003 -11"><span class='ocrx_word' id='word_1_481' title='bbox 1047 2293 1209 2337; x_wconf 88' lang='lat' dir='ltr'>pontificio</span> <span class='ocrx_word' id='word_1_482' title='bbox 1226 2295 1337 2327; x_wconf 90' lang='lat' dir='ltr'>muniti</span> <span class='ocrx_word' id='word_1_483' title='bbox 1358 2295 1427 2328; x_wconf 87' lang='lat' dir='ltr'>sint.</span> <span class='ocrx_word' id='word_1_484' title='bbox 1445 2295 1487 2327; x_wconf 89' lang='lat' dir='ltr'>De</span> <span class='ocrx_word' id='word_1_485' title='bbox 1505 2295 1655 2328; x_wconf 84' lang='lat' dir='ltr'>cardinali</span> <span class='ocrx_word' id='word_1_486' title='bbox 1673 2301 1788 2336; x_wconf 85' lang='lat' dir='ltr'>autem,</span> 
     </span>
     <span class='ocr_line' id='line_1_91' title="bbox 1049 2347 1790 2382; baseline 0.004 -3"><span class='ocrx_word' id='word_1_487' title='bbox 1049 2347 1098 2379; x_wconf 93' lang='lat' dir='ltr'>cui</span> <span class='ocrx_word' id='word_1_488' title='bbox 1123 2352 1193 2380; x_wconf 88' lang='lat' dir='ltr'>ante</span> <span class='ocrx_word' id='word_1_489' title='bbox 1218 2352 1352 2382; x_wconf 88' lang='lat' dir='ltr'>mortem</span> <span class='ocrx_word' id='word_1_490' title='bbox 1385 2348 1544 2381; x_wconf 84' lang='lat' dir='ltr'>Pontiticis</span> <span class='ocrx_word' id='word_1_491' title='bbox 1568 2359 1603 2381; x_wconf 91' lang='lat' dir='ltr'>os</span> <span class='ocrx_word' id='word_1_492' title='bbox 1627 2348 1685 2381; x_wconf 84' lang='lat' dir='ltr'>suit</span> <span class='ocrx_word' id='word_1_493' title='bbox 1708 2349 1790 2382; x_wconf 85' lang='lat' dir='ltr'>clau-</span> 
     </span>
     <span class='ocr_line' id='line_1_92' title="bbox 1048 2400 1788 2444; baseline 0.004 -12"><span class='ocrx_word' id='word_1_494' title='bbox 1048 2411 1127 2441; x_wconf 82' lang='lat' dir='ltr'>sum,</span> <span class='ocrx_word' id='word_1_495' title='bbox 1153 2400 1321 2444; x_wconf 86' lang='lat' dir='ltr'>aliquando</span> <span class='ocrx_word' id='word_1_496' title='bbox 1345 2401 1520 2434; x_wconf 86' lang='lat' dir='ltr'>dubitatum</span> <span class='ocrx_word' id='word_1_497' title='bbox 1546 2406 1612 2441; x_wconf 83' lang='lat' dir='ltr'>est,</span> <span class='ocrx_word' id='word_1_498' title='bbox 1639 2412 1747 2434; x_wconf 74' lang='lat' dir='ltr'>rerum</span> <span class='ocrx_word' id='word_1_499' title='bbox 1771 2413 1788 2434; x_wconf 88' lang='lat' dir='ltr'>a</span> 
     </span>
     <span class='ocr_line' id='line_1_93' title="bbox 1048 2453 1788 2499; baseline 0.005 -14"><span class='ocrx_word' id='word_1_500' title='bbox 1048 2453 1102 2486; x_wconf 90' lang='lat' dir='ltr'>Pio</span> <span class='ocrx_word' id='word_1_501' title='bbox 1120 2455 1142 2485; x_wconf 71' lang='lat' dir='ltr'>V</span> <span class='ocrx_word' id='word_1_502' title='bbox 1160 2454 1218 2487; x_wconf 81' lang='lat' dir='ltr'>suit</span> <span class='ocrx_word' id='word_1_503' title='bbox 1243 2456 1319 2488; x_wconf 86' lang='lat' dir='ltr'>haec</span> <span class='ocrx_word' id='word_1_504' title='bbox 1343 2455 1495 2488; x_wconf 86' lang='lat' dir='ltr'>dubitatio</span> <span class='ocrx_word' id='word_1_505' title='bbox 1516 2455 1617 2499; x_wconf 89' lang='lat' dir='ltr'>sopita</span> <span class='ocrx_word' id='word_1_506' title='bbox 1640 2467 1696 2499; x_wconf 89' lang='lat' dir='ltr'>per</span> <span class='ocrx_word' id='word_1_507' title='bbox 1722 2456 1788 2489; x_wconf 81' lang='lat' dir='ltr'>eius</span> 
     </span>
     <span class='ocr_line' id='line_1_94' title="bbox 1048 2506 1787 2553; baseline 0.005 -14"><span class='ocrx_word' id='word_1_508' title='bbox 1048 2506 1208 2539; x_wconf 88' lang='lat' dir='ltr'>decretum</span> <span class='ocrx_word' id='word_1_509' title='bbox 1223 2507 1340 2540; x_wconf 88' lang='lat' dir='ltr'>editum</span> <span class='ocrx_word' id='word_1_510' title='bbox 1350 2518 1427 2541; x_wconf 72' lang='lat' dir='ltr'>xxvi</span> <span class='ocrx_word' id='word_1_511' title='bbox 1441 2509 1573 2541; x_wconf 90' lang='lat' dir='ltr'>ianuarii</span> <span class='ocrx_word' id='word_1_512' title='bbox 1582 2519 1713 2550; x_wconf 74' lang='lat' dir='ltr'>MDLxxl,</span> <span class='ocrx_word' id='word_1_513' title='bbox 1725 2521 1787 2553; x_wconf 84' lang='lat' dir='ltr'>quo</span> 
     </span>
     <span class='ocr_line' id='line_1_95' title="bbox 1048 2559 1788 2595; baseline 0.005 -4"><span class='ocrx_word' id='word_1_514' title='bbox 1048 2559 1216 2592; x_wconf 70' lang='lat' dir='ltr'>declaravit</span> <span class='ocrx_word' id='word_1_515' title='bbox 1238 2561 1419 2594; x_wconf 86' lang='lat' dir='ltr'>huiusmodi</span> <span class='ocrx_word' id='word_1_516' title='bbox 1446 2561 1510 2594; x_wconf 91' lang='lat' dir='ltr'>oris</span> <span class='ocrx_word' id='word_1_517' title='bbox 1526 2562 1704 2594; x_wconf 84' lang='lat' dir='ltr'>clausuram</span> <span class='ocrx_word' id='word_1_518' title='bbox 1722 2573 1788 2595; x_wconf 90' lang='lat' dir='ltr'>cae-</span> 
     </span>
     <span class='ocr_line' id='line_1_96' title="bbox 1048 2612 1788 2657; baseline 0.005 -13"><span class='ocrx_word' id='word_1_519' title='bbox 1048 2612 1221 2645; x_wconf 85' lang='lat' dir='ltr'>remoniam</span> <span class='ocrx_word' id='word_1_520' title='bbox 1246 2614 1414 2657; x_wconf 89' lang='lat' dir='ltr'>quamdam</span> <span class='ocrx_word' id='word_1_521' title='bbox 1439 2625 1506 2647; x_wconf 86' lang='lat' dir='ltr'>esse</span> <span class='ocrx_word' id='word_1_522' title='bbox 1527 2616 1562 2647; x_wconf 79' lang='lat' dir='ltr'>ea</span> <span class='ocrx_word' id='word_1_523' title='bbox 1579 2615 1616 2648; x_wconf 89' lang='lat' dir='ltr'>dc</span> <span class='ocrx_word' id='word_1_524' title='bbox 1634 2617 1727 2648; x_wconf 79' lang='lat' dir='ltr'>causa</span> <span class='ocrx_word' id='word_1_525' title='bbox 1743 2615 1788 2648; x_wconf 92' lang='lat' dir='ltr'>in-</span> 
     </span>
    </p>
   </div>
   <div class='ocr_carea' id='block_1_17' title="bbox 1029 324 1040 2713">
    <p class='ocr_par' dir='ltr' id='par_1_21' title="bbox 1029 324 1040 2713">
     <span class='ocr_line' id='line_1_97' title="bbox 1029 324 1040 2713; baseline 0 0"><span class='ocrx_word' id='word_1_526' title='bbox 1029 324 1040 2713; x_wconf 95' lang='lat' dir='ltr'> </span> 
     </span>
    </p>
   </div>
   <div class='ocr_carea' id='block_1_18' title="bbox 1808 270 1989 297">
    <p class='ocr_par' dir='ltr' id='par_1_22' title="bbox 1808 270 1989 297">
     <span class='ocr_line' id='line_1_98' title="bbox 1808 270 1989 297; baseline 0.011 -2"><span class='ocrx_word' id='word_1_527' title='bbox 1808 271 1855 296; x_wconf 67' lang='lat' dir='ltr'>An,</span> <span class='ocrx_word' id='word_1_528' title='bbox 1874 272 1902 296; x_wconf 63' lang='grc' dir='ltr'>[ἱ.</span> <span class='ocrx_word' id='word_1_529' title='bbox 1924 270 1989 297; x_wconf 73' lang='lat'>1622</span> 
     </span>
    </p>
   </div>
   <div class='ocr_carea' id='block_1_19' title="bbox 1805 970 1989 1044">
    <p class='ocr_par' dir='ltr' id='par_1_23' title="bbox 1805 970 1989 1044">
     <span class='ocr_line' id='line_1_99' title="bbox 1827 970 1989 996; baseline 0 -5"><span class='ocrx_word' id='word_1_530' title='bbox 1827 970 1857 991; x_wconf 73' lang='lat' dir='ltr'>De</span> <span class='ocrx_word' id='word_1_531' title='bbox 1870 970 1989 996; x_wconf 74' lang='lat' dir='ltr'>colloquiis.</span> 
     </span>
     <span class='ocr_line' id='line_1_100' title="bbox 1805 997 1988 1021; baseline -0.011 -4"><span class='ocrx_word' id='word_1_532' title='bbox 1805 997 1888 1021; x_wconf 80' lang='lat' dir='ltr'>litteris,</span> <span class='ocrx_word' id='word_1_533' title='bbox 1902 997 1956 1018; x_wconf 72' lang='lat' dir='ltr'>ciliis</span> <span class='ocrx_word' id='word_1_534' title='bbox 1969 1000 1988 1017; x_wconf 79' lang='lat' dir='ltr'>et</span> 
     </span>
     <span class='ocr_line' id='line_1_101' title="bbox 1808 1024 1907 1044; baseline -0.01 0"><span class='ocrx_word' id='word_1_535' title='bbox 1808 1024 1907 1044; x_wconf 70' lang='lat' dir='ltr'>vestibus.</span> 
     </span>
    </p>
   </div>
   <div class='ocr_carea' id='block_1_20' title="bbox 1806 1502 1989 1604">
    <p class='ocr_par' dir='ltr' id='par_1_24' title="bbox 1806 1502 1989 1604">
     <span class='ocr_line' id='line_1_102' title="bbox 1847 1502 1989 1528; baseline -0.014 -5"><span class='ocrx_word' id='word_1_536' title='bbox 1847 1502 1877 1523; x_wconf 76' lang='lat' dir='ltr'>Do</span> <span class='ocrx_word' id='word_1_537' title='bbox 1892 1503 1989 1528; x_wconf 65' lang='lat' dir='ltr'>capitulis</span> 
     </span>
     <span class='ocr_line' id='line_1_103' title="bbox 1806 1530 1988 1550; baseline -0.005 0"><span class='ocrx_word' id='word_1_538' title='bbox 1806 1532 1855 1550; x_wconf 77' lang='lat' dir='ltr'>ante</span> <span class='ocrx_word' id='word_1_539' title='bbox 1865 1530 1988 1550; x_wconf 82' lang='lat' dir='ltr'>electionem</span> 
     </span>
     <span class='ocr_line' id='line_1_104' title="bbox 1806 1556 1988 1576; baseline 0 0"><span class='ocrx_word' id='word_1_540' title='bbox 1806 1561 1831 1576; x_wconf 77' lang='lat' dir='ltr'>ac</span> <span class='ocrx_word' id='word_1_541' title='bbox 1847 1562 1897 1576; x_wconf 68' lang='lat' dir='ltr'>voce</span> <span class='ocrx_word' id='word_1_542' title='bbox 1920 1556 1988 1576; x_wconf 68' lang='lat' dir='ltr'>actim</span> 
     </span>
     <span class='ocr_line' id='line_1_105' title="bbox 1807 1583 1952 1604; baseline 0 -1"><span class='ocrx_word' id='word_1_543' title='bbox 1807 1583 1952 1604; x_wconf 69' lang='lat' dir='ltr'>cardinalium,</span> 
     </span>
    </p>
   </div>
   <div class='ocr_carea' id='block_1_21' title="bbox 1049 2665 1823 2713">
    <p class='ocr_par' dir='ltr' id='par_1_25' title="bbox 1049 2665 1823 2713">
     <span class='ocr_line' id='line_1_106' title="bbox 1049 2665 1823 2713; baseline 0.006 -16"><span class='ocrx_word' id='word_1_544' title='bbox 1049 2665 1245 2708; x_wconf 79' lang='lat' dir='ltr'>troductam,</span> <span class='ocrx_word' id='word_1_545' title='bbox 1279 2673 1310 2700; x_wconf 90' lang='lat' dir='ltr'>ut</span> <span class='ocrx_word' id='word_1_546' title='bbox 1345 2668 1536 2709; x_wconf 82' lang='lat' dir='ltr'>cardinales,</span> <span class='ocrx_word' id='word_1_547' title='bbox 1564 2673 1731 2713; x_wconf 84' lang='lat' dir='ltr'>antequam</span> <span class='ocrx_word' id='word_1_548' title='bbox 1756 2669 1787 2702; x_wconf 91' lang='lat' dir='ltr'>in</span> <span class='ocrx_word' id='word_1_549' title='bbox 1818 2673 1823 2676; x_wconf 89' lang='grc'><em>“</em></span> 
     </span>
    </p>
   </div>
  </div>
 </body>
</html>
