2293 3231
307 293 400 320 Aac.
426 292 491 322 1612
537 307 547 318 ι

426 945 493 966 eaque

310 968 378 988 omnia
398 972 495 987 newsu-

310 999 355 1015 ΓΙ-ΊΕ
364 999 494 1013 ΩΙΙΠΕΙΗΦΟΠ-

309 1022 412 1040 ceduntur
430 1020 494 1041 tarut-

309 1050 369 1068 tates.

341 1799 451 1822 Contraria
461 1801 498 1822 tol·

313 1827 390 1850 luatur.

539 284 578 318 ἢν.)

507 342 645 386 gilloque
673 344 955 376 contirimttorum.
980 350 1074 384 quam
1110 339 1263 389 aliorum}

507 406 587 440 quae
604 395 663 429 hoc
689 401 830 439 tempore
851 394 950 426 dictae
976 402 1102 425 mensae
1128 391 1246 424 archic-

506 449 655 493 piscopali
667 447 852 481 exsolvenda
864 445 1154 490 deprehenduntur,
1168 445 1245 477 citra
1262 451 1263 489 ᾖ

506 502 703 546 dispendium
729 507 754 533 ct
776 500 950 533 molestiam
971 498 1055 531 dicto
1079 498 1246 540 Woll'ango

506 555 743 599 archiepiscopo
761 554 811 586 liat
827 553 949 586 solutio.
968 552 1107 596 Denique
1120 551 1247 595 quinde-

507 609 567 642 cim
593 608 688 641 millia
715 608 924 646 florenorum,
949 616 1028 649 quae
1052 605 1130 638 baro
1155 605 1248 639 Geor·

507 663 576 705 gius
591 661 809 705 Sigisnmndus
823 660 860 693 de
874 659 1052 702 Lamberggh
1072 670 1129 703 pro
1143 669 1247 691 annuo

508 725 603 748 censu
628 724 723 759 penes
742 725 774 746 se
792 713 894 750 habet.
912 724 929 745 a
946 713 1036 745 dictis
1056 711 1248 756 praeposito,

508 768 626 801 decano
655 773 681 799 et
723 767 859 811 capitulo
895 766 1056 810 praedicto
1080 766 1249 807 Woll'ango

508 822 746 866 archiepiscopo
773 821 1007 861 concedantur,
1038 826 1065 853 et
1099 819 1249 863 obligatio

509 874 644 919 desuper
659 876 799 907 conlecta
817 875 844 907 ei
864 874 1008 907 similiter
1026 873 1176 906 tradatur.

553 928 568 970 ,ξ
591 928 620 961 3.
646 929 708 962 Nos
733 929 815 961 enim
835 928 900 968 tihi,
918 933 961 967 ut,
982 927 1123 960 cessione
1145 927 1251 959 huius-

510 981 593 1014 modi
619 992 690 1013 cum
716 980 807 1013 dictis
824 980 1057 1013 conditionibus
1077 990 1133 1024 per
1155 984 1183 1012 te
1201 979 1251 1012 ad-

511 1035 616 1074 missa,
637 1045 672 1067 ex
691 1037 785 1067 cansa
802 1034 979 1079 praedictae
1004 1033 1155 1067 cessionis
1179 1044 1251 1077 pen-

510 1088 629 1121 sionem
643 1097 779 1121 annuam
790 1088 898 1131 viginti
910 1087 1043 1120 millium
1055 1087 1250 1120 florenorum

509 1142 610 1175 dictae
627 1147 780 1183 monetae,
801 1147 835 1174 ut
855 1141 974 1175 dictum
997 1146 1053 1181 est,
1073 1141 1251 1186 persolven-

509 1195 579 1228 dam
597 1201 624 1228 ct
643 1195 888 1238 obligationibus
905 1201 933 1228 et
955 1195 1085 1228 cautelis
1111 1195 1251 1227 munien-

509 1249 579 1282 dam
598 1260 692 1294 super
708 1249 809 1283 dictae
830 1260 956 1282 mensae
973 1248 1250 1294 archiepiscopalis

509 1304 672 1339 fructibus.
698 1303 881 1344 redditibus,
906 1303 1126 1348 proventibus,
1152 1313 1187 1335 ac
1208 1303 1252 1336 iu-

510 1358 607 1399 ribus,
632 1357 883 1399 obventionibus,
897 1362 927 1391 et
947 1357 1169 1390 emolumentis
1187 1357 1252 1390 uni-

512 1412 610 1445 versis
619 1412 872 1454 dictoWolsango
883 1411 1121 1456 archiepiscopo
1131 1412 1252 1444 solvere

510 1471 539 1498 ct
553 1466 750 1509 consignare,
769 1476 864 1509 seque
889 1465 927 1498 ad
945 1465 1119 1510 praemissa
1135 1465 1252 1505 omnia,

510 1524 573 1552 tam
587 1530 644 1553 suo
657 1530 751 1563 quam
765 1520 861 1553 futuri
873 1519 1101 1564 archiepiscopi
1114 1519 1252 1560 nominc,

511 1573 652 1617 obligare
672 1573 770 1607 libere
783 1579 812 1607 et
829 1574 913 1607 licite
928 1573 1053 1618 possit’,
1069 1573 1153 1607 dieta
1169 1579 1254 1607 auto-

512 1627 602 1661 ritate
627 1628 797 1672 apostolica
822 1628 997 1661 concedere
1021 1627 1115 1661 etiam
1140 1628 1253 1669 valeas,

513 1682 621 1715 eadem
642 1683 812 1727 apostolica
827 1682 1024 1723 auctoritate,
1041 1687 1151 1715 tenore
1168 1691 1255 1726 prae-

513 1735 659 1776 sentium,
669 1735 826 1768 licentiam
838 1741 865 1768 et
881 1735 1059 1768 facultatem
1074 1734 1252 1768 tribuimus.

558 1790 573 1833 g
596 1789 624 1822 4.
655 1790 722 1823 Non
753 1789 950 1823 obstantibus
978 1788 1254 1822 constitutionibus

1089 291 1265 315 ltl‘LlAllll'M
1292 291 1444 314 ROMAM'M

514 1849 541 1876 et
567 1843 817 1877 ordinationibus
842 1843 1039 1887 apostolicis,
1064 1851 1187 1875 necnon
1211 1842 1255 1875 di-

513 1903 580 1930 ctae
604 1897 754 1931 ecclesiae
777 1897 900 1930 statutis
917 1902 944 1930 et
973 1896 1254 1929 consuetudinilms

513 1951 553 1993 (et
560 1950 619 1984 iam
628 1950 814 1989 iuramento,
822 1950 985 1983 confirmat
992 1949 1061 1984 ione
1071 1949 1252 1993 apostoliea,

512 2005 560 2037 vel
584 2004 693 2048 quavis
717 2004 896 2037 firmitatate
913 2004 974 2036 alia
995 2003 1176 2048 roboratis),
1193 2004 1254 2048 pri-

513 2057 634 2101 vilegiis
658 2068 804 2102 quoque,
831 2057 958 2090 indultis
988 2063 1019 2090 et.
1045 2057 1158 2090 litteris
1183 2067 1255 2101 apo-

514 2111 641 2151 stolicis,
656 2111 756 2143 eidem
768 2111 929 2151 eeclesiae,
945 2111 1091 2155 illiusque
1105 2111 1252 2155 capitulo,

514 2170 541 2197 et
563 2165 730 2205 canonicis,
744 2176 778 2197 ae
792 2165 953 2209 quibusvis
966 2165 1035 2198 aliis
1052 2165 1205 2209 personis,
1222 2164 1253 2197 in

514 2219 706 2251 eontrarium
739 2219 985 2262 praemissorum
1017 2218 1255 2263 quomodolibet

515 2272 680 2311 concessis,
694 2272 897 2312 confirmatis,
911 2277 939 2305 et
959 2271 1122 2305 innovatis.
1137 2271 1255 2311 Quibus

515 2325 661 2358 omnibus
677 2331 704 2357 et
727 2325 869 2368 singulis,
887 2336 998 2359 eornm
1019 2331 1145 2359 tenores
1170 2336 1256 2369 prac-

516 2379 655 2412 sentibus
668 2390 726 2424 pro
740 2381 830 2424 plene
843 2385 870 2412 et
889 2380 1082 2413 sufficienter
1099 2379 1256 2424 expressis

517 2437 545 2464 et
563 2432 600 2465 ad
622 2433 750 2465 verbum
772 2433 897 2466 insertis
916 2433 1078 2474 habentes,
1097 2433 1158 2466 illis
1181 2433 1257 2465 alias

519 2485 548 2517 in
563 2496 619 2518 suo
633 2486 746 2519 robore
764 2487 993 2530 permansuris,
1010 2487 1069 2520 hae
1088 2486 1155 2519 vice
1171 2486 1258 2519 dum-

518 2543 602 2570 taxat
625 2539 800 2582 specialiter
824 2545 850 2572 et
879 2550 1025 2584 expresse
1050 2540 1257 2583 deroganuis,

519 2593 693 2636 ceterisque
709 2594 875 2626 contrariis
894 2594 1154 2638 quilniscumque.

556 2664 565 2689 1
590 2664 637 2690 Vel
658 2664 747 2699 potius
767 2665 911 2699 legendum
933 2666 1063 2700 possint,
1089 2669 1117 2692 ut
1140 2665 1209 2693 infra
1233 2665 1259 2692 in

520 2710 580 2738 loco
600 2708 727 2744 parallelo
746 2717 806 2745 pag.
828 2710 862 2737 34
878 2719 895 2737 a
914 2711 954 2745 (a.
972 2712 1019 2744 T.).

2034 288 2083 315 An.
2099 287 2128 314 (3.
2148 286 2218 314 1612

1312 338 1424 370 Datum
1438 337 1554 371 Romae
1562 337 1644 382 apud
1654 342 1797 371 sanctum
1812 337 1949 378 Petrum,
1963 336 2021 370 sub

1279 392 1395 425 annulo
1408 392 1588 432 piscatoris,
1601 392 1651 424 die
1665 402 1718 425 xvl
1732 391 1882 425 februarii
1899 401 2019 429 nocxn,

1279 446 1481 490 pontificatus
1501 445 1600 478 nostri
1613 455 1695 478 anno
1714 455 1765 479 vn.

1315 508 1376 535 Dat.
1393 507 1437 535 die
1456 507 1486 534 16
1502 507 1633 534 februarii
1652 506 1729 540 1612,
1747 507 1841 544 pontif.
1860 515 1932 534 anno
1947 513 1995 534 vn.

1551 675 1755 709 eLxxxvnt.

1264 768 1491 803 .C0mlitiones
1522 769 1732 814 apponendae
1761 771 1797 803 in
1825 770 2023 804 admissione

1327 823 1478 859 cessionis
1502 823 1652 857 ecclesiae
1675 823 1968 868 Salisbu7·9etzsis¹.

1283 920 1397 949 Dilecto
1418 921 1480 948 filio
1496 921 1639 956 nagistro
1653 921 1782 949 Antonio
1801 921 1878 954 Diaz,
1895 921 1926 948 in
1941 921 2024 949 utra—

1319 973 1376 1000 que
1396 965 1555 1001 signatura
1569 966 1674 994 nostra
1692 967 1907 999 referendario,
1923 966 1960 994 ad
1978 966 2024 995 di-

1318 1011 1415 1038 lectos
1435 1011 1527 1038 etiam
1546 1011 1624 1038 filios
1640 1013 1856 1046 praepositum,
1868 1011 2023 1045 decanum,

1319 1057 1350 1082 et
1360 1054 1526 1088 capitulum
1541 1055 1692 1083 Ecclesiae
1703 1055 1940 1090 Salisburgensls
1951 1061 2025 1083 nun—

1319 1098 1362 1126 tio
1381 1102 1484 1126 nostro

1523 1162 1634 1190 Paulus
1655 1162 1732 1197 Papa
1752 1164 1783 1190 V.

1351 1224 1464 1252 Dilecte
1485 1224 1538 1258 fili,
1560 1225 1690 1252 salutem
1710 1227 1742 1252 et.
1761 1225 1958 1260 apostoticam

1531 1269 1780 1298 benedictionem.

1875 1359 1906 1391 in
1930 1359 2024 1392 simili
2066 1361 2172 1382 “⁰⁶²¹”02
2195 1360 2225 1382 ἴ·-

1329 1358 1344 1401 g
1375 1358 1398 1390 l.
1425 1358 1523 1391 llodie
1548 1368 1604 1403 per
1628 1359 1704 1391 alias
1727 1364 1851 1392 nostras
2038 1389 2128 1409 cunam
2149 1388 2226 1409 nuncio

2045 1414 2226 1445 praecedentibus

1286 1412 1387 1445 forma
1407 1411 1514 1444 Brevis
1535 1411 1698 1456 expeditas
1718 1412 1838 1445 litteras
1858 1412 1913 1445 tibi
1933 1413 2026 1446 facul·
2039 1441 2115 1462 ,mem
2138 1445 2226 1462 conco·-

1286 1471 1380 1498 tatem
1406 1466 1631 1507 concessimus,
1652 1471 1696 1506 ut,
1713 1471 1881 1510 postquam
1902 1476 2028 1500 venera-
2041 1473 2083 1489 ‘²‘-

1286 1519 1357 1551 bilis
1381 1519 1478 1552 frater
1497 1519 1685 1563 Wolsangus
1701 1519 1958 1564 archiepiscopus
1977 1519 2028 1554 Sa-

1287 1572 1495 1615 lishurgensis
1519 1573 1550 1606 in
1575 1579 1660 1606 tuam
1678 1578 1864 1617 potestatem
1882 1573 2027 1615 venisset,

1287 1626 1463 1659 cessionem
1489 1626 1653 1667 regiminis
1684 1631 1714 1659 et
1747 1625 2028 1659 administrationis

1287 1679 1437 1712 ecelesiae
1462 1680 1711 1723 Salisburgensis
1732 1691 1788 1724 per
1809 1680 1928 1713 dietum
1945 1680 2030 1714 Wol-

1288 1733 1414 1776 sangum
1440 1733 1714 1778 arehiepiscopum
1743 1733 1774 1766 in
1799 1733 1860 1767 tuis
1885 1733 2030 1767 manibus

1288 1786 1472 1827 faciendam,
1496 1798 1567 1820 cum
1593 1787 1754 1821 nonnullis
1778 1787 2029 1828 conditionibus,

1287 1841 1432 1881 decretis,
1456 1841 1616 1881 clausulis,
1634 1841 1754 1883 gratiis,
1775 1840 2031 1874 concessionibus

1287 1898 1317 1926 et
1340 1893 1502 1938 pensione,
1521 1904 1602 1937 quae
1619 1894 1650 1926 in
1667 1894 1736 1927 aliis
1756 1893 1901 1927 similiter
1917 1893 2030 1927 litteris

1287 1947 1419 1991 exprimi
1446 1946 1619 1987 voluimus,
1643 1947 1815 1991 apostolica
1843 1946 2029 1980 auctoritate

1288 2003 1395 2034 nostra
1414 2000 1580 2033 admittere
1600 1999 1750 2039 valeres&
1775 2005 1869 2044 prout
1889 2000 1920 2033 in
1938 1999 2029 2033 dictis

1287 2054 1398 2088 litteris
1422 2054 1544 2098 plenius
1569 2053 1757 2087 continetur.

1332 2108 1391 2152 §el
1414 2107 1663 2141 Rationabilibus
1683 2113 1787 2140 autem
1814 2107 1917 2139 causis
1936 2106 2049 2146 addu-⁴
2091 2115 2229 2147 condition·-

1288 2162 1338 2203 cti,
1363 2167 1391 2194 et
1417 2160 1541 2195 matura
1566 2161 1793 2194 deliberatione
1817 2159 1934 2200 habita,
1959 2141 2230 2196 00„,;3‚5„⁶53¹i⁰¹²:„¹‚¹,'3;

1287 2216 1431 2253 ditiones,
1456 2216 1623 2255 clausulas,
1648 2215 1784 2256 decreta,
1804 2215 1931 2258 gratiaS,
1960 2196 2126 2248 con-2323
2167 2200 2230 2222 ''¹²''

1288 2270 1445 2303 cessiones
1478 2274 1504 2302 et
1539 2269 1721 2313 pensionem
1757 2267 1970 2312 infrascriplas
1999 2267 2030 2300 in

1289 2323 1371 2357 dicta
1394 2323 1585 2356 admissione
1601 2321 1752 2355 cessionis
1768 2319 1984 2355 concedendas
2001 2326 2032 2354 et

1290 2377 1462 2420 respective
1488 2376 1710 2409 reservandam
1736 2374 1902 2414 duximus;
1928 2374 2033 2407 videli-

1290 2436 1349 2471 ect,
1373 2431 1469 2476 quod,
1500 2430 1580 2463 sacta
1605 2439 1662 2474 per
1686 2429 1804 2462 dictum
1828 2427 2032 2471 Wolsangum

1291 2486 1564 2529 archiepiscopum
1581 2482 1693 2516 actuali
1711 2481 1852 2515 cessione
1869 2481 2034 2525 regiminis

1292 2546 1322 2573 et
1338 2537 1620 2572 administrationis
1644 2536 1794 2570 eeclesiae
1818 2535 2034 2580 Salisburgen-

1330 2623 1338 2648 1
1363 2621 1399 2647 Ex
1420 2619 1525 2654 Regest.
1544 2618 1571 2645 in
1591 2617 1692 2644 Secret.
1715 2616 1790 2644 Brev.

1327 2665 1344 2692 2
1362 2664 1502 2701 Supernue
1521 2662 1587 2691 edit.
1608 2661 1687 2690 Maia.
1705 2661 1766 2690 heic
1780 2662 1880 2698 repetit
1896 2660 1979 2690 verba
1992 2660 2035 2696 fo-

1292 2710 1430 2738 cultatem
1445 2708 1627 2737 concessimus
1641 2707 1680 2742 (a.
1692 2709 1742 2741 τ.).
