2293 3231
102 263 150 290 An.
167 265 196 289 (j.
217 262 279 290 1621

903 261 1079 287 GREGonlus
1103 262 1143 287 XV
1168 261 1216 286 PP.

299 316 329 343 et
350 309 547 353 pertinentiis
571 310 635 343 suis
664 309 818 342 universis
843 310 1036 352 (dummodo

300 370 403 395 tamen
427 363 574 407 deinceps
598 363 758 407 perpetuis
782 363 894 396 suturis
919 369 1038 407 tempo-

300 415 387 448 rihus
400 415 438 448 de
454 416 564 449 eodem
582 416 730 459 primatu,
751 422 936 449 occurrente
955 416 1036 449 illius

301 468 470 508 vacatione,
490 469 594 512 primo
619 474 778 512 tamquam
804 469 922 501 titwrae
947 470 1038 502 eolla-

300 521 402 562 tionis,
419 527 449 555 et
463 521 574 555 deinde
594 521 631 554 ad
649 522 932 565 praesentationem
949 522 1038 555 ducis

300 584 357 616 pro
388 579 528 617 tempore
559 574 718 608 existentis
745 574 908 617 praedicti,
933 579 961 607 et
995 574 1038 607 sic

301 627 330 660 in
346 627 550 671 perpetuum¹
564 628 692 660 alternis
708 628 838 667 vicibus,
856 638 912 671 per
930 628 1039 662 Roma-

300 690 356 714 nos
372 681 538 714 Pontifices
557 681 673 714 clerico
690 686 809 714 tantum
832 692 887 714 seu
914 681 1039 725 presby-

300 739 367 767 tero
391 734 496 778 capaci
527 740 558 767 et
593 734 724 774 idoneo,
748 734 801 777 qui
827 745 898 767 vere
922 740 953 767 et
976 745 1037 768 non

300 787 371 821 ficte
392 787 422 820 in
448 788 527 828 loco,
544 787 684 821 dominio
706 788 872 831 temporali
898 788 1037 820 eiusdem

299 839 388 874 ducis
412 840 547 881 subdito,
571 841 723 874 oriundus
747 841 796 880 sit,
818 841 986 884 provideri,
1003 851 1036 873 ac

301 893 332 926 in
360 893 491 936 singulis
522 894 756 938 provisionibus
786 894 968 927 huiusmodi
1000 894 1038 927 de

299 947 482 980 alternativa
507 947 707 991 provisionis,
724 947 778 988 sic,
796 951 828 981 nt
852 947 1038 990 praefertur,

300 999 468 1040 faciendae,
493 1000 646 1043 specialis,
672 1010 727 1032 seu
751 1000 909 1043 specim-a,
925 1004 955 1033 et
979 1011 1034 1032 ex-

298 1064 406 1097 pressa
431 1054 547 1086 mentio
572 1054 641 1086 tieri
666 1054 794 1093 (hbeat,
819 1054 894 1086 alias
927 1054 1034 1097 provi--

299 1105 403 1140 siones
415 1106 447 1139 in
461 1106 655 1139 contraiium
670 1106 828 1139 facundae
845 1106 962 1139 nullius
979 1107 1037 1139 sint

298 1158 423 1193 roboris
439 1163 469 1193 et
485 1159 647 1199 momenti,
663 1170 720 1192 nec
745 1159 837 1192 etiam
862 1160 1036 1193 coloratum

299 1212 424 1246 titulum
448 1213 628 1257 possidendi
647 1213 716 1253 illis,
733 1213 848 1258 quibus
865 1214 961 1246 sactae
976 1213 1040 1247 sue-

298 1265 372 1307 rint,
385 1266 524 1300 tribuere
537 1266 682 1310 possint),
699 1267 741 1299 ita
756 1266 841 1310 quod
859 1267 948 1300 liceat
965 1267 1038 1300 dicti

1718 251 1775 285 591

1070 310 1242 353 gratiarum
1260 310 1523 349 revocationibus,
1541 308 1807 353 suspensionibus,

1072 363 1319 402 institutionibus,
1344 367 1396 394 aut
1420 362 1489 394 aliis
1512 362 1679 395 contrariis
1702 361 1807 405 dispo-

1070 416 1244 455 sitionibus,
1269 416 1362 448 etiam
1387 425 1442 458 per
1476 425 1542 455 nos,
1567 425 1621 448 seu
1646 414 1723 450 alios
1748 415 1807 447 Ro-

1072 480 1180 502 manos
1203 469 1368 502 l'ontitices
1387 478 1584 501 successores
1600 472 1734 507 nosti-OS,
1751 467 1808 501 sub

1071 522 1322 567 quibuscumque
1354 522 1523 554 verborum
1555 521 1809 565 expressionibus

1071 580 1101 608 et
1125 575 1244 615 formis,
1266 585 1301 607 ac
1325 586 1397 607 cum
1422 574 1584 618 quibusvis
1609 574 1757 607 clausulis
1780 581 1808 607 ct

1072 628 1217 668 decretis,
1235 628 1265 660 in
1287 627 1480 661 contrarium
1511 628 1616 660 forsan
1640 627 1810 671 quomodo-

1072 681 1167 721 libet,
1192 681 1284 714 etiam
1318 686 1404 714 motu
1436 680 1565 724 proprio
1598 685 1627 712 et
1662 691 1699 713 ex
1724 682 1809 713 certa

1073 734 1203 768 scientia
1227 744 1262 766 ac
1282 733 1319 765 de
1344 734 1532 777 apostolicae
1563 734 1724 777 potestatis
1749 733 1809 777 ple-

1072 788 1222 827 nitudine,
1236 798 1293 831 pro
1308 793 1449 830 tempore
1465 786 1701 831 quomodolibet
1713 786 1809 821 saetis.

1073 842 1201 875 minime
1226 841 1468 885 comprehendi,
1494 842 1541 873 rel
1572 841 1738 880 confundi,
1758 841 1809 873 sed·

1072 906 1197 938 semper
1226 895 1265 927 ab
1296 895 1357 927 ittsss
1389 894 1508 938 excipi,
1532 899 1562 926 et
1593 894 1717 937 quoties
1741 894 1810 926 illac

1072 949 1279 987 emanabunt,
1305 948 1395 981 toties
1420 948 1450 980 in
1475 948 1642 991 pristinum
1667 951 1697 981 et
1720 957 1810 987 eum,

1073 1002 1183 1046 inquo
1207 1008 1296 1035 antea
1320 1001 1557 1045 quomodolibet
1580 1007 1678 1041 erant,
1696 1006 1811 1033 statum

1072 1056 1242 1095 restitutas,
1258 1055 1411 1098 repositas
1436 1061 1464 1088 et
1484 1054 1624 1098 plenarie
1642 1054 1810 1097 reintegra—

1073 1115 1136 1151 tas,
1161 1119 1196 1142 ac
1220 1109 1258 1141 de
1288 1119 1368 1141 novo
1383 1136 1390 1149 ,
1414 1108 1506 1141 etiam
1532 1108 1590 1141 sub
1613 1118 1811 1151 quacumque

1073 1163 1242 1207 posteriori
1267 1162 1337 1195 data
1362 1173 1418 1206 per
1438 1162 1555 1195 dictum
1570 1162 1740 1195 Heni-icum
1757 1161 1813 1194 du—

1072 1227 1141 1248 cem
1177 1222 1207 1248 et
1245 1226 1443 1249 successores
1480 1226 1553 1248 suos
1592 1215 1812 1258 Lotbaringiae

1072 1269 1168 1302 duces
1201 1279 1260 1313 pro
1295 1275 1438 1313 tempore
1474 1269 1640 1302 existentes
1673 1268 1813 1312 quando-

301 1319 455 1363 primatus
467 1320 638 1364 possessori
657 1330 715 1363 pro
731 1324 873 1363 tempore
886 1320 1039 1361 existenti,

302 1372 514 1416 corporalem,
539 1373 655 1405 realem
680 1378 711 1405 et
734 1373 888 1406 actualem
913 1373 1039 1407 illorum

302 1425 443 1459 omnium
463 1425 704 1470 possessionem,
720 1436 776 1470 per
800 1437 844 1466 se,
861 1427 908 1459 vel
934 1427 1040 1467 alium,

302 1489 356 1512 seu
378 1478 470 1520 alios,
487 1479 555 1512 eius
575 1489 611 1512 ac
630 1478 704 1512 dicti
723 1479 875 1522 primatus
899 1480 1040 1521 nomine,

301 1532 432 1576 propria
443 1532 627 1566 auctoritate
641 1532 877 1576 apprehendere
887 1538 917 1566 et
933 1543 1042 1577 appre-

303 1585 430 1618 hensam
443 1591 596 1629 perpetuo
608 1586 755 1625 retinere,
768 1586 889 1619 fructus
906 1597 1041 1630 quoque,

303 1638 454 1679 redditus,
480 1645 661 1683 proventus,
683 1640 760 1680 iura,
785 1639 988 1673 obventiones
1012 1646 1042 1673 et

303 1692 514 1726 emolumenta
530 1703 565 1726 ex
583 1693 627 1726 eis
644 1693 859 1737 provenientia
875 1703 1042 1736 quaecum-

303 1756 363 1790 que
376 1745 551 1789 percipere,
565 1746 701 1789 exigere,
714 1746 827 1786 levare,
841 1756 1041 1790 recuperare,

304 1862 377 1885 suos
405 1862 527 1886 necnon
556 1853 709 1897 primatus
733 1859 764 1886 et
787 1853 929 1886 abbatiae
953 1864 1043 1897 prae-

303 1904 458 1939 dictorum
483 1917 558 1939 usus
591 1912 621 1940 et
652 1907 816 1941 utilitatem
841 1914 1041 1947 convertere,

298 1958 484 1992 Dioecesani
509 1960 580 2001 loci,
601 1961 647 1993 vel
674 1961 811 1994 cuiusvis
834 1961 980 2002 alterius,
1005 1961 1042 1994 li-

305 2012 408 2045 centia
421 2012 556 2057 desuper
572 2014 701 2047 minime
717 2014 880 2058 requisita,
893 2026 965 2048 cum
983 2016 1043 2049 boc

306 2071 427 2106 tamen,
452 2067 536 2109 quod
560 2067 621 2111 ipsi
650 2067 800 2111 primates
824 2078 907 2102 nunc
931 2074 961 2102 et
985 2080 1044 2113 pro

306 2124 450 2163 tempore
466 2120 632 2153 existentes
648 2121 730 2164 apud
749 2121 863 2156 dictam
880 2123 1042 2156 ecclesiam

306 2173 456 2217 Deiparae
470 2173 606 2216 Virginis
622 2175 819 2208 solummodo
843 2176 1043 2209 residentiam

306 2228 407 2261 facere
434 2232 606 2268 teneantur,
632 2229 817 2261 auctoritate
840 2232 948 2262 nostra
971 2241 1038 2273 per-

305 2286 402 2325 petuo
419 2281 517 2322 unias,
534 2287 681 2314 annectas
698 2287 727 2313 et
744 2282 937 2325 incorpores.

303 1799 534 1840 administrare,
557 1800 663 1834 locare
687 1805 718 1833 et
741 1800 927 1841 arrendarc,
952 1812 987 1834 ac
1011 1785 1059 1834 ini

1073 1333 1209 1366 cumque
1225 1322 1380 1366 eligenda,
1393 1333 1568 1362 conccszas,
1585 1333 1622 1355 ac
1641 1332 1767 1366 semper
1784 1328 1811 1354 et

1074 1381 1227 1420 perpetuo
1252 1376 1369 1409 validas
1394 1382 1424 1409 et
1449 1376 1590 1409 efficaces
1606 1385 1674 1407 esse
1691 1380 1721 1408 et
1737 1375 1812 1413 sore,

1074 1440 1209 1473 suosque
1226 1429 1384 1473 plenarios
1401 1435 1432 1462 et
1449 1429 1589 1472 integros
1605 1428 1734 1461 effectus
1751 1438 1813 1461 sor-

1074 1483 1126 1515 tiri
1149 1488 1180 1516 et
1204 1483 1356 1522 obtinere,
1380 1493 1416 1516 ac
1440 1482 1478 1515 ab
1503 1482 1660 1522 omnibuf,
1678 1482 1715 1515 ad
1735 1492 1813 1526 quos

1073 1546 1156 1568 nunc
1169 1535 1407 1580 quomodolibet
1422 1540 1540 1579 spectat
1556 1541 1587 1568 et
1602 1540 1745 1579 spectare
1758 1546 1813 1579 po·

1074 1589 1146 1622 terit
1171 1588 1410 1632 quomodolibet
1427 1589 1457 1621 in
1474 1589 1614 1622 futurum
1625 1616 1632 1629 ,
1650 1594 1813 1632 perpetuo,

1074 1641 1208 1674 tirmiter
1232 1647 1262 1675 et
1286 1641 1509 1676 inviolabiliter
1525 1641 1688 1675 observari
1713 1646 1743 1674 et
1766 1640 1815 1674 ad-

1074 1695 1217 1739 impleri,
1238 1695 1345 1739 sicque
1369 1705 1425 1739 per
1450 1705 1670 1740 quoscumque
1695 1694 1815 1728 iudices

1073 1748 1251 1782 ordinarios
1268 1754 1297 1781 et
1314 1748 1474 1791 delegatos
1497 1748 1607 1791 quavis
1631 1748 1815 1782 auctoritate

1072 1803 1249 1845 fungentes,
1266 1802 1359 1835 etiam
1377 1812 1543 1835 causarum
1568 1801 1673 1845 palatii
1696 1806 1816 1845 aposto·

1075 1855 1125 1888 lici
1150 1854 1318 1895 auditores,
1333 1854 1464 1888 iudicari
1489 1860 1518 1887 et
1542 1854 1666 1887 deliniri
1683 1854 1814 1893 debere,

1075 1912 1114 1949 et,
1132 1909 1157 1941 si
1178 1918 1268 1941 secus
1292 1919 1386 1952 super
1406 1908 1455 1941 his
1479 1918 1496 1941 a
1520 1918 1692 1952 quoquam,
1705 1908 1815 1951 quavis

1075 1961 1272 2001 auctoritate,
1296 1962 1432 1994 scienter
1448 1961 1496 1994 vel
1520 1961 1705 2004 ignorarem
1721 1960 1816 1994 conti-

1076 2014 1157 2058 gerit
1180 2014 1343 2054 attentari,
1368 2014 1495 2047 irritum
1527 2020 1556 2047 et
1585 2014 1678 2047 inane
1707 2014 1815 2048 decer-

1077 2069 1190 2101 nimus.

1060 2143 1062 2161 .
1122 2124 1137 2166 ᾗ
1160 2122 1189 2155 8.
1215 2123 1282 2156 Non
1307 2122 1503 2156 obstantibus
1528 2122 1689 2166 prioribus
1710 2122 1817 2155 volun-

1078 2181 1154 2216 tate,
1180 2181 1295 2209 statuto
1317 2181 1346 2208 et
1370 2175 1568 2209 ordinatione
1592 2175 1709 2208 nostris
1732 2184 1819 2218 prae-

1059 2229 1177 2276 bdictis,
1202 2239 1237 2262 ac
1262 2229 1479 2262 Lateranensis
1503 2228 1626 2261 concilii
1650 2228 1818 2261 novissime

1077 2282 1237 2322 celebrati,
1262 2282 1395 2315 uniones
1418 2286 1605 2325 perpetuas,
1630 2281 1688 2314 nisi
1714 2281 1745 2313 in
1770 2291 1818 2313 ca<

1827 262 1874 286 Αη.
1893 261 1920 286 ¹2.
1940 259 2000 286 162¹

1878 2143 2006 2167 Quibuscum

1833 2175 1873 2194 <tue
1882 2175 1923 2189 uon
1932 2169 2014 2189 obsian-

1833 2196 1896 2216 bbus.

133 2333 192 2356 Quod
203 2333 220 2352 ai
234 2333 290 2354 (et-p-

108 2359 149 2381 m.
167 2361 234 2380 ratum
252 2360 289 2380 ha·

108 2384 150 2407 boi.
159 2389 286 2410 praesente--

109 2415 149 2437 que
158 2411 237 2432 tium-as
244 2418 290 2438 per-

109 2439 192 2463 petuum
200 2439 289 2463 vigorem

111 2464 152 2484 vult
165 2464 250 2486 habere.

349 2335 364 2378 g
389 2334 418 2367 7.
443 2335 506 2368 Nos
530 2335 632 2375 enim,
657 2335 682 2367 si
707 2336 874 2373 unionem,
899 2317 1062 2369 amasio-l

305 2398 376 2421 nem
394 2394 423 2421 et
436 2389 724 2432 incorporationem
746 2389 925 2422 huiusmodi
943 2399 999 2432 per
1015 2395 1044 2422 te

306 2441 412 2485 vigore
437 2443 619 2475 earumdem
643 2442 857 2486 praesentium
882 2442 950 2475 fieri
975 2453 1045 2476 con-

305 2495 411 2538 tigerit
434 2501 468 2528 ut
492 2496 686 2539 praefertur,
711 2495 835 2528 easdem
864 2501 1045 2538 praesentes

306 2549 364 2582 sub
388 2549 551 2593 quibusvis
582 2549 732 2583 similium
765 2549 811 2582 vel
845 2549 1043 2583 dissimilium

1077 2336 1162 2369 sibus
1186 2347 1203 2368 a
1232 2336 1299 2368 iure
1324 2335 1496 2379 permissis,
1514 2334 1583 2367 fieri
1609 2334 1816 2378 prohibentis,

1077 2389 1208 2432 aliisque
1233 2389 1423 2432 apostolicis,
1441 2389 1534 2421 etiam
1550 2388 1580 2420 in
1605 2387 1817 2433 synodalibus*-¹

1079 2441 1717 2485 provincia'ibusuniversalibusconciliis
1727 2441 1819 2474 editis.

1077 2502 1106 2529 et
1123 2495 1262 2534 edendis,
1276 2495 1462 2538 specialibus
1476 2495 1522 2527 vel
1535 2494 1735 2537 generalibus
1748 2505 1819 2528 con-

1077 2549 1290 2583 stitutionibus
1313 2555 1343 2582 ct
1367 2549 1635 2589 ordinationibus,
1660 2560 1696 2583 ac
1720 2549 1818 2584 dicta-

1078 2613 1148 2636 rum
1159 2603 1395 2645 collegiatarum
1406 2602 1610 2636 ecclesiarum
1618 2603 1818 2645 (iuramento,

1060 2675 1064 2699 j
1079 2656 1318 2690 confirmatione
1335 2656 1516 2699 apostolica,
1534 2657 1579 2688 vel
1597 2657 1706 2699 quavis
1719 2657 1829 2690 tirmi-·

345 2666 354 2690 t
373 2662 443 2692 Edit.
461 2663 538 2692 Main.
555 2664 619 2700 legit
639 2665 670 2693 in
688 2668 857 2700 perpetuam
872 2664 910 2699 (u.
924 2666 972 2699 τᾷ).
