2293 3231
305 280 357 308 An.
379 281 408 308 c.
427 279 495 309 ¹613
541 272 607 307 224

374 2313 502 2335 [lemannus

318 2346 382 2366 penes
404 2340 504 2361 nuncium

318 2367 446 2387 auctoritato
466 2367 504 2387 de-

318 2393 407 2419 putandi
437 2393 504 2414 admi·

318 2422 454 2441 nistratorem
484 2420 503 2440 in

318 2447 473 2473 spiritualibus.

387 2591 504 2621 Diti-ozano

321 2620 484 2641 contrariorum.

1078 280 1258 306 nummum

504 328 583 373 pari.
601 328 667 369 tibi,
689 334 721 361 ut
746 334 779 361 tu
804 329 900 367 solus,
926 327 1026 360 donec
1050 327 1151 360 dictus
1175 326 1265 372 Fer-3

505 382 660 414 dinandus
685 381 844 423 legitimae
861 380 970 413 aetatis
994 380 1098 420 suerit,
1115 385 1144 412 et
1161 390 1249 424 prae-
1264 401 1265 419 ;

505 434 624 467 dictum
649 434 876 467 monasterium
903 433 1059 465 abbatiam
1084 433 1265 477 nuncupa-¹3

506 493 570 520 tum
601 487 790 522 obtinuerit,
816 496 1050 530 quamcumque
1078 496 1247 530 personam

505 541 680 573 secularem
694 540 826 573 arbitrio
840 546 893 573 tuo
911 540 941 572 in
959 540 1247 574 administratorem
1264 542 1265 559 ³

507 594 633 629 iuriuin.
645 603 764 631 rerum,
774 593 942 629 bonorum,
950 593 1053 637 quoad
1064 593 1249 637 temporalia
1264 597 1266 630 3

505 652 637 686 tantum,
655 657 690 680 ac
709 647 803 679 etiam
822 646 1048 680 iurisdictionis
1066 646 1248 691 temporalis
1264 648 1266 691 l

506 699 668 732 dumtaxat
681 699 720 732 ad
736 710 794 744 pro
807 705 953 743 tempore
966 700 1153 733 existentem
1167 710 1250 733 com-
1264 732 1266 744 ¹

506 753 737 786 mendatarium
751 752 948 796 praedictum
959 753 1129 797 spectantis
1140 757 1169 785 et
1180 762 1250 796 per·
1265 746 1267 758 ’

506 806 644 847 tinentis‚
669 805 855 839 auctoritate
870 808 979 839 nostra
1004 805 1196 840 constituere
1220 811 1249 839 et

507 860 670 904 deputare,
694 870 729 892 ac
747 865 809 892 tam
828 859 932 904 ipsum
950 858 1249 899 administratorem,

507 913 552 946 sic
577 924 594 946 a
619 919 649 946 te
673 924 731 958 pro
762 918 905 957 tempore
938 912 1193 946 constituendum
1221 917 1269 962 et,

508 966 736 1011 deputandum,
760 962 1026 1010 quandocumque
1053 966 1109 998 tibi
1137 963 1269 998 videbi-'

508 1025 560 1053 tur
573 1025 602 1052 et
618 1019 781 1064 placuerit,
797 1029 891 1063 quam
905 1019 1001 1051 alium
1018 1029 1252 1063 quemcumque

509 1073 570 1106 iam
596 1074 702 1107 forsan
727 1084 744 1105 a
768 1072 852 1106 dicto
875 1072 992 1106 nuncio
1014 1073 1165 1106 hactenus
1182 1083 1254 1106 con-

509 1127 651 1161 stitutum
669 1132 699 1159 et
715 1126 911 1170 deputatum,
924 1126 963 1158 ab
981 1125 1252 1159 administratione

510 1180 677 1225 temporali
703 1179 884 1214 huiusmodi
911 1179 1083 1220 dumtaxat,
1108 1179 1195 1213 nullo
1215 1179 1254 1212 ad

511 1233 542 1267 id
554 1233 707 1278 requisito
721 1244 877 1267 consensu
891 1233 1032 1266 eiusdem
1046 1233 1255 1273 nuncii,amo-

511 1297 605 1326 vere,
629 1297 665 1320 ae
690 1287 774 1319 illius
797 1287 868 1320 loco
897 1287 990 1319 aliam
1015 1296 1184 1331 personam
1209 1296 1255 1319 se-

512 1342 652 1375 cularem
667 1341 813 1374 similiter
833 1340 966 1374 arbitrio
979 1345 1033 1374 tuo
1048 1341 1086 1374 ad
1099 1351 1207 1374 curam
1225 1345 1253 1373 et

512 1395 816 1429 administrationem
831 1395 1016 1429 eorumdem
1030 1396 1255 1440 temporalium

512 1460 642 1495 ponere,
660 1449 805 1482 sufficere
826 1454 856 1482 et
873 1459 1044 1492 surrogare
1060 1449 1160 1482 libere
1177 1454 1205 1483 et
1224 1450 1257 1482 li-

513 1504 573 1539 cite
596 1504 716 1537 valeas:
742 1504 784 1536 ita
814 1503 897 1547 quod
925 1503 1163 1537 administrator
1191 1504 1253 1536 bu-

512 1557 649 1592 iusmodi
663 1568 680 1590 a
697 1562 727 1591 te
744 1557 787 1590 sic
804 1568 862 1601 pro
887 1562 1033 1602 tempore
1057 1557 1257 1602 deputandus

512 1611 637 1656 plenam
663 1615 693 1645 et
716 1610 848 1644 liberam
880 1610 993 1643 habeat
1024 1611 1202 1644 facultatem
1227 1617 1257 1645 et

513 1670 702 1709 potestatem
727 1664 834 1698 omnia
857 1670 886 1697 et
911 1664 1045 1707 singula,
1065 1674 1145 1708 quae
1161 1664 1199 1697 ad
1216 1665 1259 1698 os-

512 1718 620 1752 ficium
644 1717 910 1751 administratoris
934 1717 1116 1751 huiusmodi
1134 1718 1165 1750 in
1182 1723 1258 1751 tem-

514 1772 677 1817 poralibus
701 1771 870 1816 praedictis
895 1771 933 1804 de
959 1771 1027 1804 iure
1052 1772 1100 1804 vel
1124 1781 1256 1805 consue-

514 1825 622 1859 tudine
639 1829 668 1860 et
684 1825 760 1858 alias
775 1825 1015 1869 quomodolibet
1031 1824 1172 1868 legitime
1188 1836 1259 1870 per—

513 1880 624 1920 tinent,
649 1879 800 1920 saciendi,
825 1879 955 1922 gerendi
981 1884 1011 1912 et
1035 1879 1201 1912 exercendi
1227 1879 1257 1912 in

515 1933 662 1966 omnibus
680 1938 709 1966 et
734 1943 791 1977 per
805 1933 922 1974 omnia,
939 1933 1071 1977 perinde
1087 1943 1123 1967 ac
1140 1933 1165 1966 si
1183 1943 1258 1966 cura

515 1991 545 2019 et
569 1986 802 2019 administratio
827 1986 1052 2030 temporalium
1076 1985 1257 2020 huiusmodi

514 2050 669 2084 personae
693 2050 711 2072 a
735 2045 785 2080 te,
810 2049 873 2072 non
897 2044 1002 2072 autem
1026 2039 1142 2072 nuncio
1167 2049 1258 2083 prae-

493 2093 610 2133 'dicto,
635 2093 832 2138 deputandae
852 2093 1088 2137 particulariter
1112 2098 1139 2125 et
1166 2093 1196 2125 in
1213 2103 1260 2126 so-

516 2147 615 2180 lidum
640 2157 697 2192 per
721 2157 778 2180 nos
804 2149 941 2189 (servata
962 2147 992 2179 in
1010 2147 1140 2190 reliquis
1157 2147 1258 2180 forma

517 2201 695 2234 litterarum
720 2200 954 2245 praedictarum
980 2200 1074 2233 etiam
1099 2199 1203 2244 quoad
1221 2201 1260 2232 l'a-

518 2254 667 2287 cultatem
681 2254 850 2298 deputandi
860 2253 1148 2287 administratorem
1161 2254 1192 2286 in
1201 2253 1261 2298 spi-

518 2307 685 2341 ritualibus
709 2307 811 2340 eidem
836 2307 947 2340 nuntio
969 2317 1162 2348 concessam,
1180 2318 1259 2351 quae

519 2361 627 2394 illaesa
651 2362 825 2404 remaneat)
850 2361 1020 2394 commissa
1044 2361 1150 2394 suisset
1164 2388 1171 2401 ‚
1189 2371 1261 2394 con-

519 2414 661 2447 cedimus
684 2420 715 2447 et
739 2414 951 2457 indulgemus,
976 2425 1012 2448 ac
1036 2414 1161 2448 easdem
1183 2414 1261 2447 litte-

519 2478 570 2500 ras
583 2471 706 2502 nostras
718 2468 821 2512 quoad
838 2469 897 2502 boc
915 2468 1138 2511 restringimus
1155 2473 1183 2501 et
1198 2478 1261 2501 mo-

519 2520 676 2555 deramus.

564 2575 579 2617 g
610 2574 638 2607 5.
673 2575 742 2608 Non
780 2575 977 2609 obstantibus
1010 2575 1193 2619 praemissis
1225 2586 1260 2608 ac

521 2628 797 2662 constitutionibus
813 2633 843 2663 et
863 2629 1114 2662 ordinationibus
1139 2634 1262 2673 aposto-

521 2680 600 2721 licis,
614 2691 671 2714 nec
684 2692 747 2716 non
764 2683 911 2715 omnibus
923 2682 994 2724 illis,
1005 2692 1085 2726 quae
1101 2682 1133 2714 in
1149 2682 1261 2715 litteris

1283 279 1438 305 nomnen

1281 325 1451 371 praedictis
1475 327 1634 361 voluimus
1658 338 1719 361 non
1745 328 1883 366 obstare,
1901 326 2025 361 ceteris-

1281 390 1342 424 que
1359 380 1526 414 contrariis
1547 380 1810 425 quibuscumque.

1326 433 1438 466 Datum
1453 434 1570 467 Romae
1591 433 1674 478 apud
1691 433 1719 467 S.
1738 434 1875 474 Petrum,
1896 433 1954 467 sub
1974 443 2026 466 an-

1282 487 1357 520 nulo
1379 487 1556 527 piscatoris,
1573 487 1623 520 die
1648 497 1666 519 v
1691 487 1869 520 decembris
1894 497 2025 523 uncxm,

1282 540 1483 585 pontificatus
1499 540 1598 573 nostri
1616 549 1698 573 anno
1717 550 1757 573 ix.

1319 602 1376 630 Dat.
1398 601 1441 630 die
1461 603 1477 629 5
1496 601 1651 629 decembris
1670 601 1750 636 wia,
1773 600 1867 637 pontit.
1882 608 1926 628 an.
1944 607 1980 628 ix.

1609 737 1688 771 CCL.

1286 816 1499 859 Confirmatio
1526 816 1739 850 instrumenti
1755 814 1941 849 concordiae
1962 815 2029 848 ini-

1330 874 1380 903 tae
1403 880 1500 914 super
1520 869 1643 913 finibus
1668 873 1697 903 et
1720 869 1817 913 aquis
1842 869 1928 902 inter
1948 868 2028 901 civi-

1331 927 1410 956 tates
1434 923 1674 956 Bononiensem
1699 931 1727 956 ει
1752 920 1997 955 Mutinensem¹.

1531 1003 1643 1030 Paulus
1657 1002 1737 1036 Papa
1750 1002 1783 1035 V,

1406 1056 1442 1083 ad
1461 1059 1640 1090 perpetuam
1659 1055 1705 1083 rei
1724 1054 1908 1082 memoriam.

1333 1128 1376 1161 Ex
1401 1127 1541 1161 iniuncto
1562 1126 1654 1160 nobis
1678 1126 1816 1171 desuper
1839 1124 2031 1169 apostolicae

1288 1181 1448 1214 servitutis
1472 1180 1587 1221 officio,
1604 1178 1858 1213 christifidelium
1883 1188 2032 1223 quorum-

1288 1235 1373 1276 libet,
1397 1235 1584 1279 praesertim
1610 1233 1809 1267 subditorum
1830 1237 2032 1273 nostrorum,

1289 1299 1323 1322 ac
1341 1288 1641 1321 circuimicinorum
1658 1287 1851 1332 populorum
1868 1286 1965 1331 quieti
1985 1286 2032 1319 in-

1290 1342 1463 1382 tendentes,
1482 1342 1544 1382 illa,
1562 1351 1642 1385 quae
1658 1351 1717 1385 pro
1733 1340 1837 1373 litium
1851 1340 1933 1373 inter
1949 1340 2034 1385 ipsos

1289 1394 1488 1429 semovendis
1512 1394 1708 1427 anfractibus
1732 1393 1932 1428 concorditer
1954 1394 2035 1428 saeta

1290 1449 1385 1482 fuisse
1410 1448 1576 1489 dicuntur,
1601 1458 1640 1480 ne
1664 1447 1695 1480 in
1725 1446 1882 1481 recidivae
1910 1453 2035 1481 conten-

1291 1503 1383 1537 tionis
1397 1502 1506 1535 vitium
1525 1511 1671 1535 successu
1690 1500 1841 1545 temporis
1865 1501 2035 1545 prolaban-

1290 1562 1352 1597 tur,
1369 1555 1424 1589 sed
1448 1555 1540 1588 firma
1556 1559 1710 1599 perpetuo
1729 1559 1757 1587 et
1776 1554 1892 1587 illibata
1913 1564 2036 1598 perma-

1291 1615 1401 1651 neant,
1426 1609 1617 1654 apostolicae
1643 1608 1894 1643 confirmationis
1918 1608 2034 1642 robore

1291 1664 1425 1697 libenter
1449 1663 1692 1697 communimus.

1335 1719 1350 1761 ἓ
1374 1718 1404 1751 Ἰ.
1429 1718 1506 1751 Cum
1531 1717 1645 1761 itaque,
1670 1717 1748 1750 sicut
1767 1727 1804 1750 cx
1825 1717 2034 1751 insinuatione

1291 1771 1397 1804 dilecti
1428 1771 1484 1804 filii
1520 1771 1619 1804 nostri
1652 1771 1793 1815 Maphaei
1825 1770 1906 1804 tituli
1936 1770 2034 1805 sancti

1292 1825 1469 1869 llonupbrii
1487 1824 1665 1869 presbyteri
1682 1824 1851 1857 cardinalis
1871 1824 2034 1858 Barberini

1291 1878 1462 1922 nuncupati
1494 1877 1525 1910 in
1557 1877 1681 1910 civitate
1705 1879 1814 1911 nostra
1835 1877 2035 1918 Bononiensi,

1291 1943 1327 1965 ac
1351 1936 1417 1966 toto
1442 1931 1509 1965 eius
1533 1931 1696 1972 comitatu,
1713 1930 1930 1964 iurisdictione
1947 1936 1978 1964 et
1993 1930 2037 1964 di-

1292 1985 1413 2026 strictu,
1425 1984 1524 2019 nostri
1536 1990 1565 2018 et
1575 1984 1774 2029 Apostolicae
1786 1983 1875 2017 Sedis
1887 1984 1926 2017 de
1938 1984 2036 2018 latere

1293 2038 1407 2082 legati,
1432 2038 1613 2082 accepimus
1638 2039 1726 2081 (orta
1757 2037 1876 2070 dudum
1909 2042 2036 2072 contro-

1293 2092 1394 2125 versia
1420 2092 1501 2124 inter
1524 2091 1681 2124 civitatem
1699 2096 1730 2124 et
1746 2091 1866 2124 Statum
1890 2095 2035 2124 nostrum

1293 2145 1523 2179 Bononiensem
1540 2155 1576 2178 ex
1593 2146 1666 2185 una,
1683 2144 1840 2178 civitatem
1861 2148 1891 2178 et
1914 2143 2035 2178 Statum

1293 2200 1426 2233 Mutinae
1451 2210 1488 2232 cx
1513 2200 1610 2233 altera
1635 2199 1795 2243 partibus,
1820 2198 1859 2231 de
1883 2201 1913 2233 et
1937 2208 2035 2243 super

1294 2253 1387 2286 modo
1401 2264 1534 2297 operum
1552 2253 1583 2286 in
1600 2252 1729 2286 flumine
1744 2251 1876 2292 Panarii,
1894 2256 1924 2285 et
1940 2251 2035 2293 circa,

1294 2316 1447 2350 secusque
1472 2306 1556 2350 ripas
1581 2305 1675 2345 illius,
1692 2310 1755 2338 tam
1779 2305 1818 2337 ad
1843 2304 2035 2338 obviandum

1294 2366 1323 2393 et
1348 2359 1605 2404 impediendum,
1630 2369 1669 2391 ne
1694 2358 1811 2391 flumen
1839 2357 2036 2402 praedictum

1294 2413 1490 2446 continuaret
1511 2412 1542 2444 in
1567 2411 1765 2445 corrodendo
1791 2416 1821 2443 et
1844 2409 2037 2444 destruendo

1294 2473 1420 2500 terrena
1452 2466 1493 2499 ibi
1525 2465 1672 2508 contigua
1697 2465 1754 2497 sita
1780 2464 1810 2497 in
1836 2474 1914 2507 agro
1938 2464 2038 2498 Bono-

1295 2520 1470 2560 niensium,
1495 2529 1590 2563 quam
1623 2518 1717 2552 etiam
1751 2517 1788 2551 ad
1821 2517 2036 2551 reducendum

1295 2573 1412 2606 dictum
1428 2572 1544 2605 [lumen
1557 2571 1594 2604 ad
1611 2571 1778 2615 pristinum
1797 2571 1880 2604 illius
1895 2571 2035 2611 alveum;

1295 2632 1326 2660 et
1349 2626 1461 2659 deinde
1485 2635 1580 2669 super
1604 2625 1698 2659 modo
1723 2625 1816 2658 dandi
1839 2625 1961 2659 felicem
1984 2624 2037 2658 de-

1332 2691 1342 2717 1
1365 2689 1403 2716 Ex
1422 2689 1528 2724 Regest-
1548 2688 1576 2715 in
1595 2687 1696 2715 Secret.
1719 2687 1795 2715 Brev.

2033 279 2085 306 An.
2107 277 2136 305 C.
2154 255 2234 307 1018v

2246 579 2260 620 s,
2239 497 2263 560 ..Δί’
2245 458 2258 481 r·
2254 418 2259 420 .

2071 1138 2193 1161 Exordium.

2244 1285 2252 1301 ”’
2242 1071 2271 1275 .‘⁴>.12⁴·aet·.·‚:⁴.·u·.
2242 900 2270 1059 unvamma
2243 870 2264 890 ιι·
2249 845 2258 861 πι
2239 734 2264 836 aaa*
2234 633 2264 726 &vl-st&
2235 579 2245 587 '
2240 540 2250 552 ¹
2241 524 2250 532 ⁴

2075 1730 2137 1753 Facti
2151 1730 2225 1753 noi-iou.
2262 1719 2268 1748 f
