2293 3231
260 250 312 279 Aa.
327 249 357 278 C.
372 249 440 278 1621

287 313 309 335 Ιιι
319 318 449 340 unaquaque

264 344 376 366 ΡΙὊἿΙΩΕΙΙ
397 346 449 360 nnn·

263 366 388 388 namneum
403 367 450 387 inu-

263 393 452 414 nuenton-umut-

265 420 341 446 nenda.

294 1595 370 1616 Pensio
388 1595 451 1616 colle-

267 1624 320 1644 cion
326 1623 451 1649 assignatur.

297 2290 408 2312 contraria
417 2291 455 2312 tol-

270 2318 346 2338 lnntur.

492 238 557 274 550

508 297 524 340 g
547 296 576 330 5.
601 295 745 330 Ceterum
759 294 846 338 (quia
870 302 933 326 non
958 291 1149 325 intendimus
1167 292 1225 346 eil

1040 243 1221 269 BULLARIUM
1245 242 1400 269 nonnum

1241 297 1357 332 mento,
1381 289 1622 324 confirmatione
1644 289 1828 335 apostolica,
1844 289 1893 324 vel
1910 300 1984 335 qua-

464 349 536 384 dem
552 349 662 383 Carolo
681 346 842 380 Emanueli
860 345 931 379 duci
948 345 1031 379 ultra
1051 355 1206 378 summam
1242 343 1288 377 ris
1314 343 1466 377 firmitate
1495 343 1558 376 alia
1588 342 1767 387 roboratis)
1798 343 1922 378 statutis
1954 348 1985 377 et

464 411 600 436 annnam
625 400 733 434 decem
759 399 892 432 millium
911 403 1074 432 scutorum
1091 397 1159 430 auri
1177 397 1207 430 in

465 464 542 488 auro
573 453 694 487 ratione
729 451 910 486 huiusmodi
942 451 1137 484 decimarum
1171 462 1207 483 ex

465 506 605 552 qualibet
625 517 661 540 ex
677 506 768 540 dictis
786 505 967 545 ditionibus,
985 505 1138 546 videlicet,
1156 504 1209 537 du-

465 566 553 595 catus
576 560 752 596 Sabaudiae
770 565 800 593 et
824 559 1016 604 principatus
1041 558 1210 592 Pedemon—

465 615 543 648 tium
568 619 597 647 et
621 613 735 648 Nice-‘ie
759 624 830 647 eum
855 613 943 647 Statu
967 612 1108 653 Oneliae,
1133 621 1209 645 con-

464 667 590 711 cedere)
604 667 758 707 volumus,
771 672 816 708 ut,
830 666 854 699 si
869 666 1010 700 decimae
1027 666 1060 698 in
1072 665 1210 710 qualibet

465 732 501 756 ex
525 721 616 754 dictis
640 720 812 754 ditionibus
831 720 1026 763 colligendae
1051 729 1207 753 summam

464 775 658 820 praedictam
684 774 792 808 decem
818 774 952 808 millium
978 779 1139 808 scutorum
1160 784 1210 806 ex-

465 829 618 863 cesserint
642 829 672 861 in
697 828 825 863 notabili
851 828 1040 872 quantitate,
1064 834 1098 861 tu
1126 828 1209 861 illius

465 888 564 916 ratam
589 888 712 927 partem
732 882 764 915 in
788 882 927 926 qualibet
947 882 1083 916 dioecesi
1107 892 1210 926 respe-

465 938 546 972 ctive
569 937 759 978 minuendo,
784 937 823 970 ad
855 936 971 970 dictam
997 946 1153 970 summam
1177 936 1209 968 in

465 991 604 1036 qualibet
627 1002 663 1024 ex
688 990 779 1024 dictis
803 990 976 1024 ditionibus
1000 989 1143 1031 reducas,
1167 990 1209 1022 ita

465 1050 581 1084 tamen,
598 1048 630 1079 ul
648 1044 673 1078 si
694 1044 726 1077 in
743 1044 841 1078 altera
861 1054 897 1077 cx
921 1043 1012 1077 dictis
1036 1043 1209 1077 ditionibus

465 1098 606 1132 decimae
637 1097 819 1132 huiusmodi
849 1097 888 1131 ad
917 1107 1073 1130 summam
1098 1096 1207 1130 decem

466 1152 600 1185 millium
625 1157 787 1185 scutorum
811 1161 876 1185 non
899 1150 1109 1192 ascenderint,
1127 1155 1158 1183 et
1177 1150 1208 1183 in

465 1205 565 1239 altera
589 1204 732 1238 eamdem
752 1214 907 1238 summam
927 1203 1130 1245 excesserint,
1146 1213 1209 1236 non

465 1259 601 1293 debeant
633 1269 692 1293 nee
723 1258 843 1303 possint
879 1268 916 1291 cx
951 1257 1082 1291 decimis
1116 1257 1209 1290 unius

466 1311 645 1346 excedentis
669 1312 811 1356 suppleri
843 1311 983 1345 decimae
1007 1311 1137 1344 alterius
1162 1310 1208 1343 di-

466 1366 560 1400 tionis
590 1366 773 1399 deficientis.
806 1365 852 1398 Ad
888 1365 1070 1399 huiusmodi
1103 1369 1208 1398 autem

466 1419 662 1454 decimarum
696 1419 886 1453 solutionem
927 1419 1079 1452 beneficia
1115 1418 1207 1452 etiam

467 1473 599 1507 civitatis
620 1479 650 1506 et
668 1473 821 1507 dioecesis
841 1473 1031 1507 Salutiarum
1049 1472 1087 1504 ad
1111 1472 1209 1505 instar

467 1527 602 1561 aliorum
619 1526 720 1560 teneri
737 1527 883 1560 volumus
900 1531 930 1560 et
947 1526 1152 1560 declaramus.

511 1581 526 1625 ἓ
550 1581 579 1615 6.
606 1581 818 1624 Volumusque
843 1580 947 1620 ctiam,
967 1586 1001 1613 ut
1017 1585 1050 1613 tu
1074 1590 1111 1614 ex
1130 1579 1210 1613 deci-

466 1635 527 1668 mis
539 1635 572 1669 in
588 1634 766 1679 principatu
784 1633 1023 1668 Pcdemontium
1046 1639 1075 1667 et
1097 1633 1210 1668 Niceae

466 1700 502 1723 ac
526 1689 615 1723 Statu
639 1688 766 1722 Oueliae
797 1687 982 1731 praedictis,
1011 1697 1074 1721 non
1105 1691 1209 1722 autem

467 1742 498 1775 in
522 1742 638 1776 ducatu
661 1741 855 1783 Sabaudiae,
880 1746 914 1774 ut
944 1741 1122 1784 praefertur
1145 1740 1209 1774 exi-

467 1796 588 1840 gendis,
597 1800 767 1840 postquam
780 1800 906 1828 exactae
918 1794 1045 1836 suerint,
1055 1794 1209 1828 decimam

467 1855 589 1894 partem
606 1860 666 1895 pro
680 1851 732 1883 tua
749 1849 931 1894 provisione
946 1849 1083 1883 retinere
1098 1849 1209 1894 possis,

468 1905 511 1938 ita
534 1910 648 1946 tamen,
669 1909 703 1937 ut
727 1904 830 1938 clerus
854 1904 933 1937 nihil
957 1903 1078 1937 ratione
1102 1903 1211 1937 huius-

468 1958 554 1992 modi
586 1958 837 2003 procurationis,
862 1964 915 1991 aut
946 1958 1005 1991 alia
1034 1957 1144 2002 quavis
1173 1957 1211 1991 de

467 2013 574 2053 causa,
591 2012 724 2045 ulterius
741 2012 848 2054 solvat,
866 2021 963 2056 quam
980 2011 1119 2054 integras
1132 2010 1212 2045 deci-

468 2075 536 2099 mas
553 2065 760 2110 supradictas,
776 2070 809 2098 tu
823 2075 898 2099 vero
909 2075 946 2098 ex
957 2065 1089 2109 singulis
1102 2064 1210 2098 decem

467 2128 525 2162 per
539 2122 579 2160 te,
589 2129 647 2162 pro
663 2119 717 2152 tuti
731 2118 853 2152 decima
870 2123 970 2162 parte,
985 2122 1018 2151 ut
1035 2128 1131 2162 supra
1144 2128 1212 2152 exa-

469 2172 547 2214 ctis,
571 2172 635 2206 duo
662 2175 771 2206 nostro
800 2177 830 2205 et
859 2171 888 2206 S.
915 2172 948 2205 R.
974 2171 1007 2205 E.
1032 2171 1212 2206 Camerario

469 2236 542 2260 eum
556 2226 668 2260 effectu
684 2225 855 2270 persolvas.

514 2280 530 2323 ἓ
554 2279 582 2313 7.
600 2280 669 2314 Non
686 2278 884 2313 obstantibus
901 2277 999 2311 felicis
1023 2278 1214 2312 recordatio—

470 2334 518 2367 nis
548 2333 699 2368 Bonisacii
730 2334 832 2378 Papae
865 2332 927 2366 Vlll
960 2333 1212 2376 praedecessoris

469 2388 570 2422 nostri
595 2388 634 2421 de
659 2389 731 2430 una,
751 2393 781 2421 et
805 2388 836 2421 in
861 2387 996 2422 concilio
1021 2388 1161 2431 generali
1185 2398 1214 2421 e-

470 2441 534 2474 dita
558 2441 597 2475 de
619 2441 742 2475 duabus
766 2441 867 2482 dietis,
884 2441 1015 2485 aliisque
1032 2440 1213 2485 apostolicis

471 2494 746 2528 constitutionibus
759 2500 789 2528 et
802 2493 1066 2535 ordinationibus,
1075 2503 1133 2528 nec
1148 2503 1212 2528 non

471 2547 687 2589 ecelesiarum,
704 2547 981 2589 monasteriorum,
999 2552 1029 2580 et
1045 2546 1211 2588 Ordinum,

472 2602 764 2645 congregationum,
785 2601 998 2646 hospitalium,
1016 2601 1212 2642 militiarum,

1242 396 1537 438 consuetudinibus,
1559 396 1797 438 stabilimentis,
1820 397 1931 431 usibus
1954 401 1986 431 et

1242 450 1384 491 naturis;
1417 450 1565 495 quodque
1597 449 1747 494 praelatis
1782 454 1814 483 et
1841 449 1986 495 personis

1243 504 1429 549 praedictis,
1454 513 1629 548 eorumque
1653 502 1796 537 ecclesiis
1826 508 1858 536 et
1887 503 1985 546 locis,

1244 559 1291 591 rel
1301 558 1464 602 quibusvis
1473 558 1553 599 aliis,
1566 557 1778 592 communiter
1789 557 1837 591 vel
1849 556 1986 598 divisim,

1243 611 1282 644 ab
1306 611 1416 645 eadem
1441 612 1480 646 sit
1504 611 1583 646 Sede
1600 611 1767 652 indultum,
1783 610 1869 655 quod
1889 610 1986 645 inter-

1243 665 1315 707 dici,
1333 665 1482 710 suspendi
1497 665 1543 699 vel
1559 664 1827 700 excommunicari
1840 674 1904 698 non
1918 674 1988 709 pos·

1243 719 1305 754 sint
1329 730 1386 764 per
1410 719 1529 754 litteras
1553 719 1742 764 apostolicas
1758 728 1822 753 non
1838 718 1988 753 facientes

1244 774 1368 817 plenam
1402 778 1433 807 et
1464 783 1644 818 expressam
1679 783 1715 806 ac
1749 772 1789 806 de
1816 771 1914 806 verbo
1947 771 1987 806 ad

1245 828 1376 861 verbum
1401 827 1440 861 de
1464 827 1596 868 indulto,
1621 836 1744 860 necnon
1768 825 1922 871 personis,
1939 835 1988 860 ea-

1244 892 1379 927 rumque
1403 881 1594 923 nominibus,
1614 880 1867 925 cognominibus,
1890 880 1989 915 eccle-

1243 935 1307 976 siis,
1333 935 1544 976 monasteriis,
1569 934 1753 976 ordinibus,
1774 938 1804 969 et
1827 933 1906 968 locis
1929 933 1988 967 hu-

1244 989 1390 1031 iusmodi,
1414 989 1624 1030 mentionem,
1650 994 1680 1022 et
1702 988 1896 1034 quibuslibet
1919 987 1988 1021 aliis

1243 1043 1426 1088 privilegiis,
1451 1043 1712 1088 exemptionibus,
1736 1042 1989 1077 immunitatibus

1243 1097 1275 1130 in
1299 1107 1415 1141 genere
1432 1097 1509 1132 etin
1534 1097 1638 1142 specie
1662 1096 1901 1142 quomodolibet
1916 1105 1989 1130 con-

1243 1151 1349 1192 cessis,
1375 1151 1568 1185 confirmatis
1593 1156 1623 1184 et
1646 1150 1818 1191 innovatis;
1843 1155 1874 1184 et
1902 1149 1988 1183 solu-

1243 1204 1360 1238 tionem
1377 1205 1573 1239 deeimarum
1598 1205 1688 1238 aliter
1701 1215 1796 1249 quam
1813 1203 1987 1238 secundum

1243 1258 1404 1303 antiquam
1429 1264 1542 1300 taxum,
1559 1264 1590 1291 et
1612 1258 1673 1292 nisi
1697 1257 1730 1291 in
1753 1257 1922 1291 universali
1938 1256 1989 1291 de-

1243 1313 1397 1347 cimarum
1430 1324 1487 1358 per
1519 1313 1631 1347 orbem
1663 1312 1886 1357 impositione,
1917 1311 1988 1345 sieri

1243 1366 1502 1410 prohibentibus,
1526 1377 1584 1400 nce
1613 1376 1679 1400 non
1705 1364 1988 1410 promissionibus,

1243 1420 1483 1462 donationibus,
1507 1419 1769 1464 obligationibus,
1793 1418 1988 1461 iuramentis,

1244 1473 1556 1515 renunciationibus,
1581 1473 1714 1507 vinculis
1738 1478 1769 1506 et
1794 1471 1924 1506 cautelis
1955 1471 1989 1505 in

1243 1527 1456 1572 assignatione
1472 1527 1706 1572 praedictarum
1730 1526 1920 1571 pensionum
1942 1526 1988 1559 fa-

1244 1582 1320 1623 ctis,
1344 1582 1461 1626 quibus
1492 1591 1549 1625 per
1579 1580 1819 1626 impositionem
1847 1579 1988 1614 decimae

1244 1635 1427 1669 huiusmodi
1458 1635 1618 1669 neminem
1652 1634 1775 1675 teneri,
1803 1644 1906 1678 neque
1935 1643 1988 1667 eas

1243 1688 1347 1734 quoad
1360 1688 1533 1733 praemissa
1549 1693 1658 1722 contra
1674 1697 1866 1732 quemquam
1881 1687 1988 1721 locum

1244 1742 1362 1776 habere
1390 1742 1609 1783 declaramus3
1639 1741 1770 1786 aliisque
1798 1740 1927 1775 indultis
1957 1746 1989 1775 et

1245 1795 1356 1830 litteris
1381 1795 1564 1840 apostolicis
1587 1795 1789 1839 generalibus
1813 1799 1844 1829 et
1867 1794 1987 1839 specia-

1245 1849 1327 1883 libus
1351 1849 1579 1894 cuiuscumque
1610 1848 1727 1883 tenoris
1757 1848 1906 1889 existant,
1930 1857 1988 1891 per

1245 1913 1326 1947 quae
1348 1902 1567 1947 praesentibus
1583 1911 1647 1936 non
1665 1911 1825 1946 expressa,
1848 1905 1902 1934 aut
1925 1911 1989 1935 om-

1245 1956 1321 1990 nino
1336 1966 1400 1990 non
1417 1956 1546 1996 inserta,
1563 1955 1693 1989 effectus
1712 1965 1822 1989 earum
1843 1953 1989 1999 impediri

1245 2008 1482 2053 quomodolibet
1497 2009 1597 2042 valeat
1613 2009 1661 2042 vel
1678 2007 1810 2049 differri,
1823 2013 1854 2041 et
1869 2007 1909 2041 de
1923 2007 1992 2051 qui-

1245 2063 1304 2096 bus
1327 2072 1527 2107 quorumque
1551 2062 1624 2096 totis
1654 2061 1818 2096 tenoribus
1846 2060 1991 2095 habenda

1246 2116 1285 2150 sit
1314 2117 1346 2150 iu
1378 2116 1495 2150 nostris
1529 2115 1641 2151 litteris
1675 2115 1794 2150 mentio
1826 2114 1990 2160 specialis;

1247 2181 1326 2215 quae
1343 2171 1449 2205 omnia
1466 2175 1576 2205 contra
1587 2170 1749 2214 praedicta
1765 2170 1913 2204 nolumus
1929 2168 1992 2203 cui-

1247 2235 1340 2269 quam
1356 2224 1534 2268 suffragari,
1549 2223 1724 2268 ceterisque
1737 2222 1905 2258 contrariis
1920 2222 1990 2268 qui-

1247 2279 1455 2323 buscumque.

1292 2333 1307 2377 g
1331 2332 1360 2366 8.
1386 2332 1420 2366 Iu
1442 2331 1646 2377 percipienda
1665 2341 1740 2366 vero
1757 2330 1879 2365 decima
1902 2339 1991 2375 prae-

1247 2385 1330 2420 dicta
1354 2385 1611 2420 constitutionem
1635 2384 1706 2430 piae
1725 2383 1898 2418 memoriae
1921 2382 1990 2417 Cle-

1248 2440 1361 2474 mentis
1373 2440 1476 2484 Papae
1485 2439 1507 2473 V
1519 2438 1612 2473 etiam
1625 2437 1877 2483 praedecessoris
1890 2437 1989 2472 nostri

1248 2494 1279 2527 in
1304 2493 1439 2528 concilio
1454 2492 1621 2526 Viennensi
1644 2491 1759 2525 editam
1776 2491 1821 2535 <et
1845 2501 1989 2536 praeser-

1249 2547 1304 2580 tim
1328 2546 1412 2592 quod
1437 2546 1476 2580 ad
1501 2550 1658 2580 monetam
1683 2548 1864 2578 currentem
1888 2544 1989 2588 exigi,

1247 2601 1395 2645 quodque
1414 2610 1471 2634 nee
1496 2599 1618 2640 calices,
1634 2608 1692 2632 nee
1716 2598 1798 2639 libri,
1823 2603 1990 2642 ceteraque

473 2660 504 2689 ct
533 2655 676 2691 locorum
706 2656 942 2701 praedictorum
972 2655 1095 2701 (etiam
1122 2655 1210 2691 iura-
1228 2646 1452 2699 {eeclesiarum
1476 2658 1659 2689 ornamenta
1683 2652 1790 2688 divino
1814 2652 1911 2688 cultui
1935 2651 1986 2686 di-

1994 241 2050 270 An.
2065 241 2097 271 0.
2113 241 2179 277 ¹621
2232 240 2235 245 '

2026 2336 2116 2359 Concilii
2126 2336 2198 2360 lli-nm⁴
2227 2343 2230 2346 ⁴

2004 2365 2075 2386 nensis
2108 2365 2190 2386 statuta

2004 2389 2116 2413 servanda.
