2293 3231
102 300 153 328 Αη.
169 300 198 328 C.
219 299 287 328 1612

116 390 121 394 ”
165 363 284 391 Dect-aratio

103 394 159 411 circa
181 394 284 417 praesc-ri-

103 416 196 443 ptionem
224 420 284 441 qum-

103 441 234 470 quennalcm.

163 1049 285 1071 Declaratio

53 1062 78 1100 ’ζ’
103 1076 160 1097 eii-ca
202 1076 286 1097 iurisdi-

104 1103 193 1124 etionem
217 1102 286 1124 crimi-

35 1143 36 1146 =
64 1148 67 1153 ,
103 1130 180 1151 nalem.

169 2213 291 2235 Declaratio

78 2239 89 2262 .”
110 2240 166 2261 circa
205 2241 291 2262 eiectio-

109 2272 156 2288 nem
166 2268 291 2288 ammalarii

109 2293 205 2314 mittendi
233 2296 291 2315 extra

110 2318 186 2350 [Ii-bem
213 2320 241 2341 ad
262 2320 292 2341 vi-

87 2351 91 2353 *
109 2346 292 2369 uitandasaroma-

68 2386 75 2393 ,η
110 2372 184 2394 tax-ias.

934 298 1053 323 PAULIJS
1077 299 1098 323 V
1122 299 1169 323 FP.

343 347 358 391 ἓ
383 347 411 379 t.
436 346 515 379 Dum
540 346 571 379 in
591 345 730 390 praefata
758 346 865 380 nostra
889 347 1037 380 constitu-

298 399 382 432 tione
402 399 544 439 dicimus,
558 410 617 443 pro
634 399 736 443 pretio
753 399 959 432 aromatariae
976 410 1037 432 ser-

299 453 430 486 vandam
447 463 513 486 esse
530 453 809 497 praescriptionem
825 453 1038 497 quinquenna-

299 506 360 539 lem
374 506 393 546 ¹,
411 516 475 539 non
499 506 641 539 obstante
663 506 771 549 quavis
797 506 1036 549 interruptione,

299 559 392 592 etiam
404 570 461 602 per
478 559 692 603 receptionem
708 559 806 603 partis
820 559 1036 602 pecuniarum,

299 617 351 644 aut
375 622 432 655 per
456 612 612 645 dationem
634 612 766 644 aliarum
784 622 892 644 rerum
917 622 1039 644 aroma-

299 665 396 698 tariae
411 692 418 705 ,
442 665 639 698 declaramus
663 665 776 698 dietam
801 665 1037 708 dispositionem

299 728 362 752 non
380 718 526 761 intelligi,
543 729 646 763 neque
663 719 767 752 locum
785 718 844 750 sibi
862 718 1037 755 vendicare,

300 771 356 804 ubi
384 772 431 804 vel
456 772 644 816 interruptio
679 772 772 805 fuerit
807 771 960 804 iudicialis
992 771 1039 803 vel

300 824 400 865 aliter,
417 835 511 868 quam
528 835 585 868 per
604 825 751 868 proprios
772 825 913 868 ipsorum
929 824 1037 863 libros,

300 878 482 910 aromatarii
514 888 606 910 suum
643 878 795 911 creditum
818 877 1037 921 probaverint,

300 930 415 974 quibus
438 931 562 964 casibus
590 930 826 974 dispositionem
851 933 1038 964 statutorum

301 983 395 1016 Urbis
419 983 536 1015 servari
561 983 706 1016 volumus
724 988 753 1015 et
770 983 964 1015 mandamus.

346 1035 360 1078 ξ
384 1035 414 1068 2.
440 1035 571 1078 Insuper
595 1035 669 1068 dmn
698 1035 729 1067 in
754 1035 864 1068 eadem
889 1035 1039 1069 constitu-

301 1088 385 1120 tione
409 1088 626 1121 interdicimus
642 1088 855 1128 aromatariis,
880 1099 918 1121 nc
943 1089 1038 1120 ullam

300 1151 432 1185 prorsus
455 1141 590 1174 audeant
613 1141 643 1174 in
666 1152 856 1185 quemquam
881 1152 1039 1182 exercere,

301 1195 358 1228 sub
375 1195 487 1240 quovis
507 1200 680 1238 praetextu,
698 1195 893 1228 criminalem
918 1195 1041 1227 iurisdi-

301 1248 438 1281 ctionem
450 1247 471 1288 ²,
489 1248 686 1281 declaramus
710 1248 890 1281 intentionis
915 1253 1040 1281 nostrae

301 1311 364 1335 non
388 1302 484 1335 fuisse
512 1302 650 1335 adimere
681 1302 725 1335 eis
758 1302 934 1335 facultatem
965 1302 1040 1334 alias

302 1354 378 1398 ipsis
394 1365 411 1387 a
428 1354 526 1388 felicis
550 1355 778 1388 recordationis
801 1355 958 1388 Clemente
975 1355 1039 1387 VIII

301 1408 542 1451 praedecessore
559 1413 666 1441 nostro
691 1418 881 1449 concessam,
899 1418 950 1440 res
974 1419 1041 1440 me-

302 1461 451 1494 dicinales
475 1462 513 1494 ad
538 1472 647 1494 eorum
683 1466 766 1494 artes
800 1466 974 1504 spectantes
1001 1462 1042 1494 vi—

303 1514 425 1555 sitandi,
443 1514 699 1557 recognoscendi,
713 1518 742 1548 et
763 1514 846 1557 quod
863 1515 894 1546 in
914 1515 958 1547 eis
975 1525 1042 1548 cor-

303 1567 397 1610 rupti,
415 1567 522 1607 vitiati,
540 1568 588 1600 vel
612 1567 776 1600 adulterati
801 1573 961 1611 repertum
980 1568 1042 1600 sue-

303 1620 354 1661 rit,
369 1621 564 1664 proiiciendi,
581 1620 850 1664 comburendique
862 1621 886 1657 ²2
904 1631 939 1653 ae
957 1621 1041 1653 iuxta

303 1673 406 1706 delicti
426 1679 456 1707 et
483 1674 691 1716 negligentiae
708 1674 888 1717 qualitatem
906 1675 1043 1718 culpabi-

303 1728 348 1760 les
364 1732 506 1771 repertos
522 1727 635 1760 debitis
650 1727 760 1770 poenis
777 1738 839 1759 non
857 1731 959 1761 tamen
976 1738 1043 1760 cor-

303 1781 389 1824 poris
404 1781 557 1814 afflictivis
577 1782 672 1825 (quae
696 1791 814 1824 poenae
840 1781 989 1814 ecclesiae
1012 1788 1038 1813 et

303 1833 449 1877 hospitali
474 1834 572 1866 sancti
588 1834 747 1867 Laurentii
764 1834 796 1866 in
811 1834 950 1866 Miranda
966 1845 1043 1867 nun—

304 1891 434 1930 cupatae
453 1897 490 1919 co
507 1887 576 1930 ipso
600 1887 796 1930 applicentur
823 1891 852 1919 et
869 1887 1041 1931 applicataer

303 1941 505 1984 censeantur)
526 1940 670 1973 afficient.
695 1940 783 1979 Quod
806 1945 911 1973 tamen
939 1941 1042 1986 quoad

304 1993 403 2027 libros
419 2004 581 2037 negamus,
598 1994 692 2026 etiam
709 1994 793 2037 quod
817 1994 849 2026 in
872 1995 933 2027 illis
957 1995 1042 2028 fraus

304 2047 408 2090 aliqua
431 2047 640 2090 detegeretur,
658 2047 711 2080 sed
734 2048 794 2081 hoc
819 2058 836 2080 a
860 2058 916 2081 suo
940 2048 1043 2082 iudice

305 2100 495 2144 competenti
523 2101 671 2144 cognosci
699 2111 734 2134 ac
769 2100 893 2134 definiri
927 2101 1043 2135 debere

305 2154 497 2187 intendimus
521 2159 552 2187 et
575 2155 769 2188 mandamus.

350 2207 365 2251 ξ
388 2207 417 2240 3.
443 2207 481 2240 Et
503 2207 590 2240 tum⁴
605 2207 638 2239 in
654 2207 736 2241 dicta
753 2208 975 2242 constitutione
990 2219 1045 2242 no-

306 2263 370 2294 stra
387 2261 540 2294 sancitum
569 2266 625 2302 est,
650 2261 734 2305 quod
764 2263 908 2295 consules
923 2264 1043 2297 nullam

305 2314 441 2348 habeant
464 2314 712 2348 iurisdictionem
734 2315 868 2358 eligendi
889 2322 1044 2349 aromata-

306 2368 406 2408 rium,
423 2378 517 2411 quem
533 2368 756 2412 proconsulem
772 2374 899 2409 vocant,
917 2369 955 2402 ad
975 2370 1047 2402 visi—

306 2421 414 2454 tandas
426 2421 632 2455 aromatarias
644 2425 731 2455 extra
740 2421 855 2455 Urbem
867 2422 1045 2466 (minusque

342 2519 355 2546 1
378 2517 443 2546 Vide
457 2519 546 2546 Const.
566 2525 653 2552 cxciv,
669 2518 682 2553 ἕ
698 2525 761 2551 xxv,
780 2527 805 2545 n.
822 2519 837 2545 6
853 2520 890 2552 (iz.
908 2519 956 2551 T.).

341 2561 358 2589 2
377 2562 444 2590 Vide
459 2562 548 2590 Consi.
569 2563 706 2598 praecit.„
724 2563 813 2598 §xxv‚
832 2571 861 2589 n.
878 2563 904 2589 7.

341 2606 359 2634 3
378 2606 524 2643 perperam
547 2607 612 2635 edit.
633 2607 712 2634 Μαίη.
734 2607 799 2643 legit
821 2607 1047 2642 comprendiqae

319 2658 346 2680 n.
379 2672 385 2679 .
402 2672 409 2679 .

310 2652 318 2687 (
345 2652 428 2725 AETWlel
442 2696 530 2733 potius
543 2696 691 2733 legendum
706 2696 777 2724 dum
790 2696 832 2732 (a.
854 2697 902 2731 T.)‚

1070 346 1286 379 subscribendi
1314 350 1453 389 patentes
1476 345 1519 378 uti
1541 346 1686 379 consules
1709 346 1810 379 distri—

1071 406 1138 432 ctus
1163 399 1284 442 Urbis),
1310 405 1340 432 et
1363 398 1654 443 supet-intendentes
1677 399 1752 432 artis
1781 399 1809 431 in

1070 458 1149 485 statu
1169 452 1400 491 Ecclesiastico,
1426 452 1479 484 sed
1505 452 1573 484 talis
1598 452 1730 494 eligendi
1757 463 1812 495 po-

1071 510 1164 536 testas
1187 514 1282 548 penes
1307 505 1559 547 protomediciun
1585 505 1623 537 sit
1651 511 1677 537 et
1714 516 1812 538 rema-

1070 563 1137 590 neat
1151 557 1169 595 ¹,
1187 558 1383 591 declaramus
1400 564 1524 591 nostrae
1551 559 1729 592 intenli0uis
1749 569 1811 592 non

1072 611 1164 643 fuisse
1180 611 1283 654 quoad
1296 612 1355 644 hoc
1369 612 1522 654 dero-grue
1537 612 1723 645 concordiae
1737 612 1812 645 alias

1072 664 1164 696 initae
1184 664 1265 696 inter
1286 665 1453 707 collegium
1478 666 1679 709 physicorum
1698 671 1724 698 et
1751 666 1813 698 eol-

1072 717 1189 760 legium
1206 718 1480 753 aromatariorum,
1498 718 1571 750 dum
1590 718 1619 750 in
1637 721 1672 751 ea
1687 719 1812 756 dicitur,

1071 771 1155 813 quod
1181 770 1438 813 quotiescumque
1455 771 1492 803 ad
1510 771 1677 804 visitandas
1693 782 1813 804 aroma-

1072 824 1166 857 tarias
1186 829 1273 856 extra
1290 824 1405 857 Urbem
1426 824 1564 857 medicus
1591 836 1626 856 ex
1647 825 1728 857 Urbe
1746 825 1813 857 mit-

1072 878 1183 911 tendus
1210 878 1285 917 erit,
1314 888 1351 909 ne
1378 878 1403 909 is
1429 878 1532 909 t'orsau
1557 879 1632 910 artis
1657 884 1813 911 aromata-

1072 931 1137 964 riae
1162 931 1345 974 imperitum
1374 931 1432 963 sibi
1461 931 1607 963 comitem
1633 932 1779 974 adiungat
1792 931 1812 969 ²,

1073 984 1328 1028 protomedicus,
1354 984 1407 1027 qui
1431 984 1600 1017 visitatoris
1631 984 1813 1026 designandi

1073 1038 1120 1070 ius
1145 1037 1272 1077 obtinet,
1290 1037 1418 1069 urbanis
1435 1037 1631 1069 aromatariis
1651 1037 1681 1068 id
1698 1037 1816 1070 denun-

1073 1091 1150 1131 ciet,
1175 1096 1267 1134 atque
1298 1091 1337 1122 ab
1363 1090 1407 1122 eis
1431 1090 1591 1133 exquirat,
1617 1090 1751 1122 habeant
1775 1101 1814 1123 ne

1073 1144 1208 1188 aliquem
1223 1143 1358 1186 peritum
1374 1149 1400 1175 ct
1416 1143 1565 1176 idoneum
1579 1143 1750 1183 hominem,
1761 1144 1813 1187 qui

1073 1197 1196 1230 medico
1220 1197 1263 1229 illi
1290 1196 1321 1228 in
1346 1197 1526 1229 huiusmodi
1543 1196 1727 1229 visitationis
1749 1207 1815 1229 mu-

1072 1261 1147 1283 nere
1166 1261 1271 1283 comes
1289 1254 1319 1284 et
1336 1250 1478 1282 minister
1492 1260 1558 1282 csse
1572 1249 1655 1289 velit,
1669 1256 1697 1282 et
1712 1256 1815 1282 cetera

1074 1304 1157 1336 iuxta
1172 1303 1364 1347 praedictam
1379 1303 1580 1336 concordiam
1597 1303 1813 1335 confirmatam

1073 1367 1130 1401 per
1160 1357 1257 1389 felicis
1289 1357 1517 1389 recordationis
1547 1356 1717 1399 Gegorium
1748 1357 1814 1390 XIII

1074 1411 1348 1454 praedecessorem
1372 1415 1532 1449 nostruin,
1558 1410 1615 1442 sub
1639 1410 1688 1442 die
1713 1410 1815 1453 prima

1075 1464 1139 1496 iulii
1170 1474 1322 1503 MDLxxv,
1360 1474 1452 1495 versu
1479 1463 1748 1506 Quotiescunque
1773 1463 1816 1496 ad

1074 1518 1256 1550 visitandas
1283 1518 1432 1550 tabernas
1449 1516 1532 1549 elc.³:
1551 1516 1722 1549 dummodo
1747 1527 1816 1549 aro-

1076 1571 1199 1603 matarii
1234 1581 1334 1613 neque
1372 1569 1619 1602 iurisdictionem
1649 1575 1816 1613 propterea

1076 1625 1106 1656 in
1132 1624 1191 1657 hoc
1216 1623 1272 1656 sibi
1302 1623 1438 1666 aliquam
1469 1628 1622 1666 usurpent
1648 1623 1731 1655 iuxta
1757 1624 1817 1656 for-

1076 1688 1157 1709 mam
1191 1677 1291 1709 dictac
1324 1676 1533 1716 concordiae,
1557 1686 1659 1719 neque
1683 1676 1816 1708 electum

1075 1730 1296 1774 proconsulem
1320 1735 1447 1770 vocent,
1468 1739 1569 1772 neque
1585 1733 1725 1772 patentes
1746 1730 1818 1761 sub-

1076 1783 1211 1816 scribant
1240 1783 1284 1815 uti
1302 1783 1446 1815 consules
1466 1782 1626 1814 districtus
1642 1782 1744 1821 Urbis,
1765 1792 1818 1814 ne—

1075 1847 1135 1880 que
1170 1836 1338 1880 quicquam
1374 1841 1483 1869 contra
1519 1841 1660 1868 tenorem
1692 1840 1817 1868 nostrae

1075 1889 1252 1933 praedictae
1277 1888 1507 1922 constitutionis
1526 1888 1655 1927 saciant,
1673 1888 1729 1920 sub
1746 1898 1818 1931 poe-

1076 1943 1124 1976 nis
1148 1943 1179 1975 in
1204 1945 1239 1976 ea
1265 1943 1427 1976 contentis.

1713 289 1777 321 iffi
1823 299 1873 326 An.
1891 299 1918 325 e..
1940 299 2006 326 iot-2

1121 1997 1203 2039 §⁹22
1228 1997 1265 2029 Et
1289 1996 1464 2040 praesentis
1489 1996 1554 2028 sola
1578 1995 1738 2038 signatura
1759 1996 1820 2028 suf-
1847 2002 1897 2023 Sota
1910 2002 2017 2028 signatura

1076 2050 1170 2089 ficiat,
1195 2049 1290 2082 etiam
1306 2049 1424 2092 absque
1441 2049 1499 2081 alia
1517 2049 1589 2081 data
1612 2053 1639 2081 ct
1668 2048 1818 2091 registra—

1077 2106 1157 2137 tura.

1165 2157 1266 2190 Placet
1293 2162 1380 2190 motu
1404 2155 1537 2200 proprio
1561 2156 1591 2189 C.

1115 2274 1125 2298 ¹t
1140 2271 1205 2299 Vide
1216 2271 1338 2299 eamdem
1351 2272 1440 2299 Consi.
1453 2277 1538 2306 exelv,
1554 2271 1567 2305 ς
1580 2278 1640 2303 xxv,
1657 2278 1686 2297 n.
1699 2271 1713 2296 4
1726 2270 1816 2305 (nm).

1113 2315 1131 2342 2
1150 2317 1297 2352 perperam
1313 2324 1423 2352 prorsus
1438 2319 1491 2343 tam
1508 2315 1534 2342 in
1549 2315 1613 2342 edit.
1628 2314 1707 2341 Maiu.
1721 2318 1775 2341 tam
1791 2315 1819 2340 in

1079 2361 1192 2395 utraque
1206 2359 1325 2387 Cherub.
1343 2360 1407 2387 edit.
1422 2359 1533 2395 legitur:
1551 2367 1585 2386 ne
1600 2359 1640 2385 eis
1654 2360 1756 2393 forsan
1772 2366 1820 2386 αν-

1079 2405 1115 2432 tis
1130 2405 1331 2432 aromatariae
1352 2404 1528 2439 impeditum
1543 2403 1598 2430 sibi
1617 2403 1746 2430 comitem
1764 2403 1818 2429 ad-

1078 2448 1178 2483 iungat
1194 2449 1230 2484 (n.
1244 2448 1292 2483 τ.).

1115 2493 1130 2520 3
1151 2492 1252 2528 Nempe
1272 2493 1298 2519 in
1319 2493 1410 2520 Const.
1431 2498 1490 2519 val
1510 2491 1630 2519 eiusdem
1650 2492 1731 2527 Greg.
1748 2491 1817 2526 xltl,

1079 2536 1092 2572 ἓ
1111 2537 1156 2572 20,
1176 2540 1241 2564 tom¹
1264 2543 1319 2571 vm,
1339 2545 1400 2573 pag.
1424 2536 1474 2563 122
1493 2537 1532 2572 (a.
1548 2537 1597 2570 τ.).

1833 2029 1917 2049 ευΠὶμ-ἰμ

1883 2160 2017 2187 Subscriptio

1833 2189 1914 2215 Papae.
