2293 3231
301 298 351 324 An.
366 297 392 322 t:v
418 294 485 323 1612
531 285 596 319 190

322 1583 411 1606 Sanctio
431 1586 481 1608 poe-

295 1611 349 1632 nalis
359 1609 480 1636 apponitur.

496 450 650 482 toriarum
675 447 904 491 derogatoriis,
931 447 1190 491 irritantibusque
1214 453 1241 480 ct

495 502 564 535 aliis
589 501 740 541 decretis,
765 511 800 533 ac
826 506 888 533 tam
914 501 1113 544 praeceptori
1144 501 1244 533 aretii-

496 555 661 598 hospitalis
679 553 841 597 praedicti,
856 564 950 597 quam
968 554 1123 597 deputatis
1138 555 1243 597 Aquae

496 608 619 647 Paulae,
637 612 667 639 et
684 606 847 650 quibusvis
863 607 947 645 aliis,
965 607 1178 640 communiter
1196 608 1242 639 vot

495 660 630 700 divisim,
648 660 816 702 concessis,
833 661 1015 704 approbatis
1031 665 1060 694 et
1079 661 1243 701 innovatis,

495 713 589 746 etiarn
609 713 639 746 in
656 723 791 756 corpore
809 713 885 745 iuris
901 713 1025 751 clausis,
1044 713 1137 746 etiam
1156 724 1244 758 prae—

495 766 590 799 missa
615 766 683 798 tieri
713 766 894 810 specialiter
923 766 1176 810 prohibentibus,
1194 778 1243 800 oo-

494 830 628 864 rumque
645 819 754 852 usibus
771 825 799 852 et
818 820 946 852 naturis.
961 820 1079 859 Quibus
1096 820 1243 853 omnibus

494 877 525 906 et
549 872 682 916 singulis
711 872 851 915 (etiamsi
884 872 923 906 de
955 873 1038 913 illis,
1068 884 1242 917 eorumque

494 925 568 959 totis
599 926 784 967 tenoribus,
813 926 974 970 specialis,
1002 927 1164 970 specifica,
1193 938 1244 960 ex-

494 989 603 1022 pressa
627 984 656 1011 et
682 978 840 1012 individua
866 990 900 1012 ac
925 979 964 1011 de
990 979 1086 1012 verbo
1115 980 1152 1012 ad
1178 991 1244 1012 vcr-

494 1031 579 1073 bum,
604 1042 667 1065 non
691 1037 796 1065 autem
821 1042 877 1076 per
901 1032 1057 1065 clausulas
1078 1034 1242 1075 generales

494 1085 578 1118 idem
594 1085 812 1129 imponantes,
829 1085 948 1119 mentio
964 1097 1018 1119 seu
1036 1086 1165 1130 quaevis
1183 1087 1243 1119 alia

494 1138 656 1181 expressio
682 1138 824 1171 habenda
849 1144 899 1170 aut
925 1139 1030 1182 aliqua
1054 1139 1112 1171 alia
1138 1140 1244 1183 exqui-

494 1191 552 1223 sita
577 1191 679 1224 forma
700 1192 738 1224 ad
756 1192 816 1225 boc
833 1192 985 1224 servanda
1003 1193 1096 1233 foret)
1114 1192 1241 1225 illorum

494 1244 637 1277 omnium
652 1250 682 1278 et
696 1245 895 1288 singulorum
911 1250 1036 1278 tenores
1049 1246 1242 1287 huiusmodi,

495 1307 531 1331 ac
555 1298 581 1331 si
601 1298 820 1342 praesentibus
837 1299 931 1331 etiam
949 1298 987 1331 de
1006 1299 1102 1331 verbo
1119 1299 1157 1331 ad
1178 1310 1244 1332 ver-

494 1352 581 1392 bum,
596 1357 626 1384 et
639 1352 741 1385 forma
761 1352 790 1384 iu
810 1352 871 1384 illis
885 1352 1008 1392 tradita,
1022 1352 1098 1384 nibil
1118 1353 1242 1396 penitus

497 1405 636 1446 omisso,
660 1405 841 1446 observata,
867 1406 1099 1442 insereremur,
1124 1406 1241 1439 eisdem

494 1459 713 1503 praesentibus
737 1470 795 1503 pro
820 1459 978 1503 expressis
1000 1460 1160 1500 babentes,
1183 1460 1243 1492 illis

495 1513 572 1545 alias
598 1513 627 1545 in
649 1524 706 1546 suo
723 1513 839 1545 robore
856 1513 1084 1556 permansuris,
1102 1513 1159 1545 bac
1176 1513 1243 1546 rice

496 1566 657 1599 dumtaxat
690 1567 802 1599 barum
828 1567 909 1599 serie.
935 1567 1114 1610 specialiter
1139 1572 1166 1599 et
1193 1578 1244 1599 cx-

496 1631 615 1664 presse,
633 1625 732 1659 motu,
750 1620 880 1653 scientia
898 1625 924 1652 et
944 1625 1097 1663 potestate
1115 1620 1243 1664 paribus

494 1674 696 1718 derogamus,
721 1674 898 1717 ceterisque
922 1675 1089 1707 contrariis
1116 1675 1244 1717 quibus-

495 1738 640 1771 cumque.

540 1783 555 1825 ξ
576 1782 626 1814 12.
653 1782 734 1814 Nulli
759 1792 836 1825 ergo
860 1783 991 1815 (minino
1015 1782 1179 1815 bominum
1205 1783 1242 1814 li—

495 1840 563 1868 ccat
587 1836 667 1869 banc
691 1836 837 1880 paginam
863 1841 1044 1870 nostrorum
1063 1836 1241 1877 ereptionis,

496 1888 700 1922 institutionis
714 1917 722 1930 ,
744 1890 964 1933 praefectionis
979 1917 986 1930 ,
1011 1890 1242 1923 constitutionis

495 1942 730 1987 deputatorum,
747 1944 996 1988 deputationum,
1011 1944 1242 1983 declarationis,

496 1996 739 2034 commissionis,
765 1997 1026 2035 demandationis,
1051 1997 1242 2037 tributionis,

496 2049 710 2083 concessionis
720 2077 727 2091 ,
760 2050 999 2094 impartitionis,
1028 2051 1242 2089 voluntatum,

497 2103 728 2143 mandatorum,
753 2103 984 2145 assignationis,
1010 2103 1242 2146 prohibitionis,

497 2155 696 2189 decretorum
712 2161 741 2188 ct
755 2155 970 2197 derogationis
995 2156 1177 2197 inti-ingere,
1195 2158 1242 2189 vel

497 2209 525 2241 ei
542 2219 621 2242 ausu
634 2210 803 2242 temerario
820 2209 987 2242 contraire.
1006 2209 1036 2242 Si
1054 2209 1123 2253 quis
1139 2216 1242 2242 autem

498 2263 558 2296 hoc
582 2268 736 2296 attentare
765 2263 1031 2307 praesumpserit,
1059 2263 1244 2305 indignatio-

498 2326 570 2349 nem
596 2317 821 2361 omnipotentis
841 2316 906 2355 boi,
923 2327 958 2348 ac
974 2317 1139 2349 beatorum
1162 2317 1243 2349 l'etri

499 2375 529 2403 et
553 2370 639 2403 Pauli
665 2370 882 2414 apostolorum
908 2369 975 2403 eius
999 2381 1031 2403 se
1055 2371 1174 2404 now-rit
1202 2371 1245 2403 in-

499 2433 677 2456 cursurum.

543 2476 654 2508 Datum
679 2476 796 2509 Romae
821 2476 902 2519 apud
928 2476 957 2509 S.
983 2476 1136 2514 Marcum,
1162 2487 1243 2510 anno

500 2527 728 2562 incarnationis
762 2529 943 2562 Dominicae
979 2539 1109 2569 itincxn,
1143 2529 1244 2562 idibus

500 2581 698 2625 septembris,
723 2582 922 2624 pontificatus
946 2582 1044 2615 nostri
1070 2592 1152 2615 anno
1177 2592 1242 2615 vui.

536 2643 596 2669 Dat.
619 2642 662 2670 die
686 2643 716 2669 13
736 2644 900 2679 septembris
919 2643 998 2674 thQ,
1014 2644 1105 2679 pontif.
1124 2653 1167 2672 au.
1184 2650 1242 2671 viti.

1086 294 1271 319 nuLLAntmt
1289 294 1444 320 nomana

497 343 716 382 sistorialiter‚
747 353 802 386 per
834 352 891 374 nos
924 347 954 374 et
983 341 1245 385 praedecessores

496 402 622 430 nostros
645 394 893 439 quomodolibet,
911 394 1004 426 ctiam
1025 405 1097 427 cum
1115 394 1245 437 deroga-

1595 342 1703 377 CCXX.

1280 417 1364 451 Unio
1386 418 1597 462 prioratuum
1616 418 1759 461 Anqliae
1782 423 1811 452 cl
1829 418 2018 460 Hiberniae,

1321 481 1358 504 ac
1376 471 1578 504 bat'ttle'mtns
1594 471 1738 515 Aquilae
1755 472 1928 516 hospitalis
1944 483 2022 506 san-

1321 524 1365 556 cti
1381 523 1518 557 Ioannis
1533 524 1828 568 Hierosolymitani
1845 525 2023 569 mayistra-

1322 578 1372 609 tui
1402 577 1484 610 «licii
1516 578 1692 621 hospitalis
1705 605 1714 620 ‚
1748 577 1847 612 donec
1882 589 2022 622 reanum

1321 630 1466 673 Anqliae
1485 630 1527 663 ad
1547 631 1709 664 unitatem
1726 631 1887 665 Ecclesiae
1905 631 2022 666 Catho—

1323 683 1405 716 licae
1430 683 1563 717 redierit
1579 683 1597 717 ¹.

1517 756 1629 783 Paulus
1649 756 1727 789 rapa
1746 757 1784 787 V.

1423 812 1459 837 ad
1475 810 1609 837 futuram
1628 810 1673 838 rei
1692 810 1876 838 memoriam.

1321 871 1336 913 g*
1361 871 1389 903 l.
1416 871 1517 908 Alias,
1551 875 1717 914 postquam
1751 871 1849 904 felicis
1879 871 2024 905 recorda-

1277 923 1370 957 tionis
1395 924 1567 967 Gregorius
1599 925 1679 968 Papa
1703 924 1770 958 Xlll
1798 925 2023 969 praedecessor

1277 982 1384 1010 noster
1416 983 1503 1011 motu
1533 978 1667 1021 proprio
1700 983 1729 1010 et
1760 988 1797 1011 ex
1833 980 1920 1012 certa
1955 978 2023 1011 eius

1277 1031 1405 1064 scicntia
1421 1031 1573 1064 maiorem
1592 1036 1621 1064 et
1637 1032 1716 1064 alios
1729 1042 1839 1078 omnes
1852 1032 2022 1076 prioratus,

1276 1088 1303 1116 et
1338 1084 1579 1128 praeceptorias,
1605 1089 1771 1128 ceteraque
1794 1084 1968 1125 beneficia,
1993 1091 2023 1118 et

1275 1137 1500 1181 dependentias
1516 1138 1681 1182 hospitalis
1698 1138 1794 1171 sancti
1814 1138 1938 1171 loannis
1955 1138 2024 1171 Hie-

1276 1191 1491 1236 rosolymitani
1509 1192 1539 1224 in
1557 1202 1656 1235 regno
1673 1192 1803 1235 Angliae
1820 1192 2023 1225 consistentia

1275 1254 1523 1288 quaecumque,
1539 1250 1752 1288 quotcumque
1778 1250 1808 1278 et
1831 1245 2024 1289 qualiacum-

1276 1308 1336 1340 que
1361 1303 1474 1337 essent,
1499 1303 1527 1330 et
1552 1298 1716 1341 quibusvis
1733 1298 1851 1339 modis,
1871 1309 1951 1342 quos
1971 1299 2024 1333 ha-

1276 1350 1342 1383 beri
1369 1351 1463 1384 voluit
1490 1362 1548 1394 pro
1573 1351 1740 1395 expressis,
1757 1356 1788 1384 et
1812 1361 1849 1385 ex
1873 1362 2024 1395 quorum-

1276 1414 1411 1447 cumque
1434 1405 1579 1448 personis
1605 1405 1656 1437 illa
1680 1411 1845 1445 vacarent,
1863 1415 1935 1438 cum
1960 1405 2023 1439 illis

1277 1458 1382 1490 l'orsan
1410 1458 1540 1490 annexis
1564 1468 1598 1490 ar
1624 1458 1747 1491 iuribus
1771 1464 1801 1491 et
1825 1459 2024 1502 pertinentiis

1276 1512 1357 1551 suis,
1385 1512 1580 1555 magistratui
1613 1512 1686 1545 dicti
1711 1513 1897 1557 liospitaliS‚
1923 1513 2023 1547 donee

1276 1565 1394 1597 dictum
1414 1575 1548 1607 regnum
1563 1564 1600 1597 ad
1618 1565 1827 1598 obedientiam
1842 1566 1931 1599 Sedis
1944 1568 2024 1611 Apo-

1276 1618 1404 1651 stolicae
1441 1617 1602 1650 redactum
1635 1619 1734 1658 t'oret,
1763 1619 1926 1660 univerat,
1959 1629 2022 1652 an·-

1276 1676 1424 1704 ncxuerat
1441 1699 1448 1711 ,
1473 1676 1499 1703 et
1531 1672 1809 1715 incorporaverat;
1835 1672 2022 1707 recolendae

1276 1725 1450 1759 memoriae
1474 1725 1579 1759 Sixtus
1605 1726 1686 1769 l‘apa
1710 1726 1750 1766 V,
1775 1726 1868 1759 etiam
1893 1726 2023 1770 praede—
2050 1739 2233 1773 εῑιιηςνςριγ,

1276 1790 1383 1813 cessor
1406 1784 1523 1821 noster,
1541 1785 1575 1811 ut
1594 1779 1633 1812 de
1649 1779 1779 1822 Angliae
1795 1784 1825 1812 et.
1854 1779 2022 1814 Hiberniae
2036 1769 2221 1842 gissssmffiffih

2037 1827 2156 1875 {aar
2186 1838 2188 1840 v
2218 1843 2224 1851 ι

1276 1887 1365 1935 regni
1391 1892 1417 1919 ct
1444 1887 1570 1930 linguae
1588 1887 1716 1930 ,ing-tiae
1738 1888 1883 1931 personis
1900 1887 2022 1921 idoneis
2037 1873 2220 1928 llissh⁶ligssiflu·

1276 1833 1468 1877 prioratibus
1492 1838 1518 1865 et
1546 1833 1716 1866 baiuliratu
1733 1833 2020 1877 Aquilae-eiusdem

1276 1940 1348 1972 dicti
1387 1940 1549 1983 hospitalis
1581 1940 1749 1973 salubriter
1776 1940 2020 1984 provideretur,

1277 1998 1363 2027 motu
1389 1998 1419 2025 et
1442 1993 1571 2026 scicntia
1596 1993 1762 2034 similibus,
1779 1993 1947 2035 unionem,
1972 2004 2023 2027 an-

1277 2047 1441 2079 nexioncm
1468 2052 1496 2079 et
1523 2047 1809 2090 incorporationem
1830 2047 2021 2085 huiusmodi,

1277 2100 1379 2144 quoad
1401 2101 1530 2143 Angliae
1552 2106 1578 2133 ct
1607 2100 1773 2133 lliberniae
1789 2100 1948 2145 prioratus
1964 2110 2021 2134 nec

1277 2164 1338 2186 nou
1352 2154 1556 2187 baiulivatum
1575 2154 1704 2197 Aquilae
1725 2153 1896 2195 dumtaxat,
1913 2154 2023 2188 dissol—

1278 2207 1335 2244 rit,
1363 2213 1390 2240 ct
1423 2208 1523 2239 bonae
1555 2207 1726 2240 memoriae
1756 2208 1855 2250 [leoni
1889 2207 2022 2241 diacono

1277 2260 1445 2297 cardinali.
1472 2266 1536 2293 tum
1569 2261 1642 2293 dicti
1674 2261 1834 2304 prioratus
1858 2260 2022 2304 hospitalis

1279 2324 1392 2356 magno
1411 2314 1573 2355 magistro,
1595 2314 1745 2347 concessit
1773 2319 1803 2346 et
1828 2313 1967 2354 indulsit,
1987 2317 2021 2346 ut

1277 2367 1536 2410 quotiescumque
1560 2367 1634 2399 dicti
1658 2367 1817 2410 prioratus
1842 2366 1970 2409 Angliae
1991 2370 2022 2399 et

1279 2420 1444 2453 lliberniac
1481 2430 1538 2452 nec
1570 2430 1632 2452 non
1672 2419 1860 2452 baiulivatus
1892 2419 2022 2463 Aquilae

1277 2484 1333 2516 per
1350 2484 1484 2512 cessum,
1503 2474 1549 2506 vel
1570 2473 1745 2512 decessum,
1762 2477 1815 2505 aut
1832 2473 1893 2506 alio
1910 2472 2021 2516 quovis

1278 2526 1372 2559 modo
1390 2531 1546 2565 vacarent,
1560 2526 1607 2559 vel
1621 2536 1675 2559 eos
1688 2536 1799 2565 vacare
1813 2526 2020 2568 contingeret,

1277 2580 1427 2612 tratribus
1441 2579 1580 2612 eiusdem
1599 2579 1761 2623 hospitalis
1778 2579 1836 2611 sibi
1854 2579 2020 2619 benevisis,

1276 2634 1502 2676 cuiuscumque
1531 2638 1633 2665 essent
1658 2632 1794 2665 nationis
1817 2637 1847 2665 et,
1872 2632 1998 2675 linguae
2013 2658 2020 2672 ,

1314 2697 1321 2722 t
1346 2695 1381 2722 Ex
1404 2695 1509 2730 aegest.
1532 2695 1558 2721 in
1577 2694 1680 2722 Secret.
1704 2694 1780 2722 Brev.
1954 2691 1963 2705 l

2038 295 2087 323 An.
2101 295 2129 324 e.
2151 272 2227 326 mi

2037 969 2178 996 magistratui.
