2293 3231
55 278 104 306 An.
117 276 144 304 C.
166 275 234 304 1612

895 275 1014 299 mutis
1038 275 1057 298 v
1082 275 1130 299 ιη’.
1666 265 1724 299 tat

252 323 371 356 curiam
385 323 569 356 auctoritate
583 322 751 364 ordinaria,
762 323 786 355 si
803 323 887 356 adest
905 324 991 355 insti·
1025 324 1101 355 riam
1127 322 1312 356 auctoritate
1336 322 1496 356 ordinaria
1522 322 1560 355 ad
1585 323 1763 356 instantiam

253 380 343 419 gator
360 380 393 408 ut
410 387 515 420 supra,
534 376 692 410 bononcni
715 377 972 420 vigintiquinque.
1007 376 1132 419 {pai-tis,
1159 377 1205 409 vel
1231 376 1423 419 instigatoris.
1448 376 1559 409 secreti
1585 377 1631 410 vel
1656 377 1767 420 aperti,

296 428 348 461 tt.
374 429 433 462 Pro
458 430 628 463 monitorio
657 431 703 462 vel
722 434 885 473 sequestro
906 432 1009 481 extra]l

253 481 373 514 curiam
398 481 429 514 in
454 482 516 514 vim
542 482 784 523 commissionis,
802 482 827 514 si
852 482 935 514 adest
955 482 1009 518 ,εἰ-ξ

253 534 336 567 milis
361 534 527 578 instigator
544 541 683 569 secretus
701 536 749 569 vel
772 540 908 579 apertus,
927 525 1009 567 scu-3

254 592 319 620 tum
344 590 452 621 u'num.

296 641 347 674 12.
367 642 427 675 Pro
441 641 626 676 inhibitione
641 643 672 675 in
686 643 772 676 curia
786 642 894 685 vigore
912 652 994 675 com-
1008 638 1010 687 ξ

252 694 411 727 missionis
428 695 466 728 ad
481 695 660 729 instantiam
674 697 782 740 partis,
799 696 847 728 vel
865 695 890 728 si
906 695 994 728 adest
1009 710 1011 743 t'

252 747 417 791 instigator
441 754 475 782 ut
499 761 593 794 supra
607 777 614 791 ,
637 750 795 784 bononeni
820 744 1011 792 uiguit-asel

252 805 337 844 ptem
355 813 427 834 cnm
452 802 593 836 dimidio.
1010 798 1011 853 1

298 854 349 887 13.
368 855 428 888 Pro
445 855 631 890 inhibitione
649 856 742 889 simili
758 861 845 889 extra
862 856 993 892 curiam.
1010 855 1012 877 l

254 907 320 940 iulii
346 919 408 942 sex.
1010 882 1012 963 i

298 961 349 994 14.
360 962 420 995 Pro
437 963 593 1003 citatione,
611 963 703 996 etiam
719 973 791 996 cum
808 963 994 995 inhibitione
1010 966 1012 1009 's

254 1015 362 1058 vigore
386 1016 626 1056 commissionis,
648 1016 741 1049 etiam
765 1027 822 1060 per
847 1013 1012 1057 edictum,t

253 1073 342 1101 extra
366 1069 486 1102 curiam
506 1069 544 1102 ad
560 1070 740 1103 instantiam
763 1070 871 1114 partis,
896 1070 944 1103 vel
969 1055 1012 1103 si1

252 1121 340 1155 adest
365 1123 529 1165 instigator
553 1128 587 1156 ut
610 1134 722 1167 supra,
736 1129 859 1157 scutum
884 1134 1012 1158 unum:

296 1175 348 1208 15.
374 1176 434 1209 Pro
465 1177 762 1220 compulsorialihus
792 1168 1011 1220 generalibus]

253 1228 300 1261 vel
325 1229 512 1272 specialibus
528 1234 615 1262 extra
639 1230 760 1262 curiam
786 1230 895 1273 vigore
912 1241 995 1263 com-

254 1282 424 1323 missionis,
449 1288 573 1316 scutum
598 1294 705 1316 unum.

298 1335 349 1368 16.
375 1336 434 1369 Pro
460 1336 668 1370 instrumento
693 1337 904 1377 rcmissoriae,
928 1348 995 1371 scu-

254 1393 321 1421 tum
345 1399 452 1422 unum.

298 1441 349 1476 17.
375 1442 435 1476 Pro
459 1442 599 1486 quolibet
630 1443 737 1487 palmo
768 1443 863 1477 rotuli
886 1434 1012 1493 remis}

255 1495 357 1529 soriae
392 1497 491 1529 sactae
521 1496 607 1529 iuxta
639 1497 897 1530 reformationem
922 1495 1012 1538 San-J

254 1549 385 1582 ctissimi
399 1550 457 1582 sub
470 1549 598 1582 rubrica
613 1550 659 1583 De
671 1551 812 1583 notariis
826 1551 840 1594 ἓ
854 1551 995 1584 Litteras
1010 1560 1012 1600 j

253 1603 512 1644 remissorz'ales,
548 1603 706 1636 bononeni
742 1603 1013 1648 trigintaseptem}

255 1665 328 1688 cum
353 1655 494 1689 dimidio.

298 1707 350 1741 18.
375 1709 436 1742 Pro
460 1709 572 1742 litteris
589 1709 726 1742 missivis
742 1720 800 1753 pro
818 1710 996 1742 examinan—
1011 1712 1012 1735 t

254 1762 302 1796 dis
327 1763 459 1796 testibus
492 1768 580 1796 extra
611 1763 732 1796 curiam
757 1764 827 1797 loco
851 1764 1013 1797 remisso*

255 1815 391 1856 rialium,
416 1816 483 1849 iulii
507 1816 580 1850 duo.
844 1860 846 1862 v

298 1867 350 1901 19.
377 1869 436 1902 Pro
450 1869 563 1902 litteris
579 1869 794 1902 declarator-iis
810 1870 850 1903 ob
866 1880 929 1903 non
945 1881 996 1914 pa-

255 1922 402 1955 ritionem
416 1923 576 1956 monitorii
592 1928 679 1956 extra
696 1923 817 1956 curiam
828 1922 847 1964 ¹,
865 1924 932 1956 iulii
952 1934 997 1957 se-

256 1980 341 2019 ptem
366 1987 438 2009 cum
463 1976 603 2016 dimidi03

299 2028 351 2062 20.
377 2029 408 2062 Si
433 2029 464 2062 in
489 2031 583 2063 causa
606 2030 846 2071 commissaria,
871 2035 996 2063 scutum

256 2091 365 2114 unum.

300 2134 352 2167 21.
378 2134 439 2168 Pro
461 2134 593 2169 brachio
614 2136 749 2169 seculari
784 2137 929 2170 similiter
956 2137 996 2170 ob

256 2198 319 2222 non
349 2188 539 2232 paritionem
570 2189 731 2222 monitorii
763 2194 851 2222 extra
875 2190 996 2223 curiam

257 2241 290 2273 in
313 2243 408 2274 causa
437 2241 619 2282 ordinaria,
645 2247 768 2275 scutum
801 2253 899 2275 unum
924 2253 997 2276 cum

257 2293 399 2335 dimidi0;

301 2347 353 2381 22.
380 2348 440 2381 Pro
456 2347 589 2382 brachio
614 2349 748 2381 seculari
777 2349 825 2381 vel
850 2349 997 2382 mandato

259 2401 447 2445 exequutivo
463 2401 534 2435 loco
547 2402 833 2445 exequutorialium
847 2407 936 2435 extra
949 2413 1000 2435 cu-

258 2454 340 2487 riam
369 2454 401 2488 in
429 2458 523 2489 causa
553 2456 790 2496 commissaria,
819 2461 906 2489 scuta
937 2456 1000 2489 duo

260 2518 334 2541 cum
356 2509 496 2542 dimidio.

303 2561 356 2595 23.
381 2562 442 2596 Pro
459 2563 606 2597 mandato
625 2563 664 2596 de
681 2563 834 2608 capiendo
847 2570 935 2597 extra
951 2575 1001 2597 cu-

296 2679 309 2706 1
330 2677 504 2714 Subinteltige
523 2679 555 2706 in
574 2680 659 2707 causti
680 2679 836 2708 ordinaria
855 2679 893 2714 (a.
910 2680 958 2715 τ).

1024 429 1181 462 bononeni
1208 430 1477 473 vigintiquinquffi

1070 482 1121 515 024.
1147 483 1177 516 Si
1203 483 1234 515 in
1260 485 1354 516 cansa
1379 483 1617 522 commissalia,
1642 488 1766 516 scutum

1027 546 1134 568 unum.

1070 589 1121 621 25.
1148 589 1208 622 Pro
1233 590 1336 623 edicto
1361 595 1504 634 tempore
1530 590 1766 629 vacanti-tirum,

1025 642 1185 675 bononeni
1211 643 1358 687 quinque.

1070 695 1121 729 26.
1140 696 1201 729 Pro
1218 697 1456 740 comparitione,
1472 698 1633 739 relatione,
1651 697 1767 731 iurium

1026 750 1245 793 productione,
1262 751 1309 783 vel
1335 751 1403 784 aliis
1427 752 1589 794 quibusvis
1613 752 1691 784 actis
1710 762 1768 795 pro

1028 803 1115 843 fisco,
1141 804 1228 836 nihil.

1072 857 1123 889 27.
1135 857 1194 890 Pro
1204 857 1340 900 qualibet
1356 858 1517 899 relatione,
1528 858 1767 902 comparitione,

1027 910 1262 952 protestatione,
1281 910 1396 943 iurinm
1415 911 1633 954 productione,
1644 912 1691 944 vel
1709 911 1769 945 alio

1028 968 1109 1003 actu,
1135 968 1223 1006 parte
1239 963 1384 1004 instante,
1401 964 1454 997 uhi
1471 975 1533 998 non
1554 965 1591 997 sit
1613 969 1770 998 extractus

1028 1016 1075 1049 vel
1100 1017 1288 1059 registrum,
1313 1017 1471 1050 bononeni
1496 1018 1567 1052 duo.

1072 1068 1123 1102 28.
1152 1071 1212 1103 Pro
1236 1076 1307 1104 actu
1331 1071 1466 1115 depositi
1490 1073 1697 1116 pecuniarum
1723 1073 1769 1106 vel

1028 1123 1166 1164 cedulae,
1192 1124 1280 1156 nihil.

1072 1176 1123 1209 29.
1140 1177 1200 1210 Pro
1214 1177 1450 1220 consignatione
1465 1178 1608 1222 depositi,
1622 1190 1680 1223 pro
1697 1190 1772 1223 quo-

1028 1230 1101 1263 libet
1127 1236 1216 1264 scuto
1240 1231 1426 1265 bononenus
1452 1242 1542 1265 unus.

1071 1283 1123 1317 30.
1150 1285 1210 1318 Pro
1236 1285 1472 1328 consignatione
1489 1286 1641 1329 pignoris,
1659 1286 1707 1319 vel
1725 1287 1769 1319 rei

1028 1336 1199 1380 depositae,
1217 1338 1248 1370 in
1265 1343 1365 1371 totum
1386 1338 1545 1372 bononeni
1562 1343 1681 1383 septem
1700 1349 1771 1372 cum

1011 1410 1012 1426 1
1028 1389 1168 1423 dimidio.

1072 1442 1123 1476 3l.
1150 1445 1210 1477 Pro
1242 1444 1385 1477 examine
1422 1444 1590 1478 cuiuslibet
1623 1445 1710 1478 testis
1740 1444 1772 1477 in

1028 1500 1123 1530 causa
1147 1497 1289 1541 capitali,
1315 1498 1362 1530 vel
1388 1498 1419 1530 in
1444 1509 1505 1542 qua
1529 1498 1649 1531 veniret
1675 1498 1772 1541 impo-

1028 1550 1129 1583 nenda
1153 1562 1255 1594 poena
1276 1552 1420 1595 corporis
1441 1552 1596 1593 afflictiva,
1614 1563 1686 1585 cum
1703 1552 1774 1584 arti-

1028 1604 1107 1636 culis
1121 1609 1149 1636 et
1163 1604 1428 1647 interrogatoriis,
1443 1606 1490 1638 vel
1506 1616 1578 1637 cum
1592 1605 1772 1638 interventu

1028 1657 1152 1697 indicis,
1164 1658 1213 1690 vel
1230 1658 1297 1691 fisci
1315 1658 1347 1690 in
1364 1658 1478 1700 officio,
1494 1659 1542 1691 vel
1560 1659 1655 1692 domo
1673 1658 1771 1702 ipsius

1028 1710 1151 1751 iudicis,
1171 1711 1237 1743 iulii
1258 1711 1415 1754 quinque:

1072 1763 1124 1796 32.
1150 1764 1181 1797 Si
1206 1769 1293 1797 extra
1310 1764 1439 1797 domum
1462 1769 1492 1797 et
1509 1765 1660 1805 officium,
1678 1765 1771 1797 etiam

1011 1817 1053 1850 si
1079 1818 1166 1850 testis
1190 1818 1229 1851 sit
1254 1818 1402 1861 egregius
1427 1819 1474 1851 vel
1500 1818 1631 1851 illustris
1646 1846 1653 1857 ,
1678 1829 1773 1862 snper

1029 1871 1146 1904 eisdem
1172 1876 1296 1904 scutum
1321 1882 1428 1904 unum.

1072 1924 1124 1957 33.
1151 1925 1182 1958 Si
1207 1926 1325 1969 absque
1347 1926 1601 1969 interrogatoriis
1626 1931 1653 1958 et
1680 1926 1773 1958 inter-

1012 1990 1014 2006 ἲ
1030 1984 1125 2011 ventu
1138 1978 1250 2011 iudicis
1268 1984 1298 2012 et.
1314 1979 1393 2019 fisci,
1404 1979 1451 2011 vel
1469 1989 1565 2022 super
1580 1978 1663 2011 bona
1680 1979 1771 2018 sama,

1030 2037 1080 2064 aut
1107 2042 1202 2076 super
1227 2042 1290 2064 uno
1314 2033 1362 2065 vel
1388 2032 1512 2065 duobus
1543 2031 1684 2064 articulis
1709 2036 1773 2064 tan-

1030 2090 1107 2125 tum,
1126 2085 1158 2117 in
1181 2085 1295 2126 officio,
1316 2085 1383 2118 iulii
1403 2085 1483 2125 duo;

1074 2138 1126 2171 34.
1152 2139 1183 2172 Si
1209 2144 1297 2172 extra
1320 2139 1471 2179 officium,
1487 2138 1609 2172 etiamsi
1630 2138 1718 2171 testis
1734 2139 1773 2171 sit

1032 2191 1175 2231 illustris,
1199 2197 1233 2224 ut
1258 2202 1363 2235 supra,
1389 2192 1455 2224 iulii
1481 2197 1625 2235 quatuor.

1075 2243 1126 2277 35.
1151 2245 1213 2278 Pro
1238 2245 1380 2278 examine
1410 2245 1497 2278 testis
1522 2245 1553 2277 in
1577 2244 1646 2277 aliis
1671 2244 1774 2277 causis

1031 2308 1094 2330 non
1118 2298 1303 2341 capitalibus
1325 2308 1422 2342 super
1438 2298 1579 2331 articulis
1597 2302 1627 2339 et
1643 2297 1774 2330 interro-

1032 2351 1163 2393 gatoriis
1178 2378 1185 2392 ,
1209 2352 1258 2383 rel
1283 2362 1356 2384 cum
1381 2352 1561 2384 interventu
1585 2351 1697 2384 iudicis
1724 2351 1773 2383 vel

1033 2404 1111 2444 fisci,
1128 2404 1160 2436 in
1185 2404 1299 2444 officio,
1324 2404 1391 2437 iulii
1417 2410 1499 2445 tres3

1078 2456 1129 2489 36.
1156 2457 1187 2490 Si
1211 2463 1298 2490 extra
1318 2457 1466 2498 officium,
1485 2458 1606 2491 etiamsi
1624 2457 1711 2491 testis
1735 2457 1774 2490 sit

1034 2510 1182 2552 egregius
1206 2510 1253 2542 vel
1279 2510 1420 2551 illustris,
1444 2511 1511 2543 iulii
1536 2511 1684 2555 quinque.

1077 2562 1129 2596 37.
1155 2563 1187 2595 Si
1212 2563 1329 2606 absque
1354 2563 1606 2607 interrogatoriis
1623 2569 1650 2597 et
1676 2565 1773 2597 inter-

1033 2621 1128 2649 ventu
1142 2616 1254 2649 iudicis
1271 2617 1318 2650 vel
1336 2617 1414 2657 fisci,
1431 2618 1463 2650 in
1480 2618 1594 2659 officio,
1613 2618 1773 2652 bononeni

1034 2670 1215 2715 quindecim
1226 2682 1233 2711 3

1777 276 1827 302 An.
1843 275 1871 302 C.
1893 277 1961 303 1612
