2293 3231
70 249 119 277 An.
135 247 164 276 C.
184 245 250 275 1621

869 243 1046 268 GREGORIUS
1071 242 1113 267 XV
1137 243 1184 267 1³1².

269 292 465 337 Apostolicae
481 291 569 325 Sedis
586 292 669 336 apud
693 291 839 325 eumdem
864 292 1009 326 Carolum

270 345 472 379 Emanuelem
495 345 656 386 nuncium,
674 346 854 388 generalem
878 346 1011 379 decima-

268 409 340 432 rum
366 398 547 432 huiusmodi
575 399 788 439 collectorem,
813 410 884 432 cum
908 399 1010 432 omni-

269 453 328 485 bus
344 452 528 496 privilegiis,
549 452 817 486 iurisdictionibus
831 457 860 485 et
877 452 1009 492 iuribus,

269 505 450 538 huiusmodi
475 505 697 538 collectoribus
714 505 751 538 de
774 506 841 538 iure
867 506 913 538 vel
938 514 1011 538 con-

269 558 434 592 suetudine
467 557 706 602 quomodolibet
739 558 1009 602 competentibus,

268 612 454 645 auctoritate
467 611 648 655 apostolica,
664 617 771 645 tenore
785 612 1009 656 praesentium,

268 664 411 705 facimus,
424 664 644 698 constituimus
657 670 688 698 et
704 665 909 709 deputamus:
928 674 1011 697 man-

268 717 377 751 dantes
401 717 474 760 tibi,
505 723 539 751 ut.
562 718 742 751 huiusmodi
767 718 914 759 decimas,
939 728 956 750 a
980 722 1010 750 te

269 771 318 804 vel
343 771 626 805 subcollectoribus
644 772 703 804 tuis
728 771 812 805 iuxta
830 771 1011 805 declaratio-

269 834 325 857 nes
355 824 569 868 insi-ascriptas
599 824 784 868 deputandis
821 823 1009 867 exigendas,

271 877 373 911 eidem
397 877 508 912 Carolo
531 878 692 911 Emanueli
717 877 806 918 duci,
831 877 878 910 vel
909 877 948 910 ab
972 888 1009 910 eo

270 930 428 974 deputato,
450 931 571 974 integre
588 931 765 973 consignari
784 942 884 971 cures,
901 931 1010 964 dantes

270 984 325 1017 tibi
349 985 485 1028 plenam,
511 985 642 1018 liberam
667 989 697 1017 et
721 984 896 1017 absolutam
921 989 1009 1028 pote-

270 1042 381 1071 statem
399 1038 659 1072 etauctoritatem
676 1037 873 1081 supradictos
890 1048 1009 1079 omnes,

270 1095 332 1124 tam
346 1091 539 1124 coniunctim
553 1102 646 1136 quam
658 1091 792 1132 divisim,
803 1091 841 1123 ad
854 1091 1010 1134 integram

269 1144 451 1178 huiusmodi
471 1144 609 1178 decimae
627 1144 826 1185 solutionem,
843 1144 936 1177 etiam
952 1155 1010 1188 per

269 1197 406 1231 edictum
426 1198 503 1231 locis
519 1197 653 1242 publicis
677 1198 878 1240 affigendum,
898 1202 928 1230 et
951 1197 1010 1230 sub

270 1251 412 1285 censuris
438 1256 468 1284 et
492 1251 602 1295 poenis
620 1250 838 1284 ecelesiasticis
861 1250 1008 1284 monendi

270 1309 301 1338 et
323 1304 521 1348 requirendi;
546 1315 608 1338 non
632 1309 788 1349 parentes,
809 1308 1010 1338 contumaces

270 1362 301 1391 et
324 1357 513 1399 fraudantes,
530 1358 562 1391 in
578 1368 725 1391 censuras
745 1363 775 1391 et
799 1369 916 1402 poenas
932 1358 1010 1391 inci-

270 1410 352 1444 disse
365 1410 558 1451 deelarandi,
575 1410 794 1455 proprietates,
811 1411 942 1452 fructus,
959 1421 1010 1444 res

271 1468 301 1497 et
325 1464 408 1497 bona
422 1464 563 1508 ipsorum
582 1464 848 1508 apprehendendi,
865 1469 894 1496 et
910 1475 1009 1507 usque

270 1516 309 1549 ad
333 1517 575 1550 satisfactionem
600 1517 768 1557 retinendi;
794 1517 1010 1550 contradicto-

270 1580 331 1611 reS,
345 1570 595 1613 perturbatores,
605 1570 822 1603 molestatores
835 1575 865 1603 et
877 1570 1010 1603 rebelles

270 1633 497 1667 quoscumque,
522 1623 629 1667 eisque
653 1623 815 1664 auxilium,
833 1623 1009 1663 consilium,

272 1677 318 1710 vel
342 1678 481 1710 savorem
510 1678 637 1721 publice
668 1678 716 1710 vel
747 1678 868 1711 occulte
898 1677 1010 1721 quovis

270 1731 411 1774 quaesito
432 1731 538 1764 colore
562 1734 766 1775 praestantes,
783 1731 1009 1774 cuiuscumque

269 1783 441 1827 dignitatis,
458 1784 575 1827 gradus
595 1789 624 1817 et
644 1784 762 1818 ordinis
780 1784 905 1825 suerint,
923 1794 1011 1828 prae-

270 1837 376 1880 dictis,
401 1838 533 1882 aliisque
557 1838 698 1872 censuris
723 1843 752 1872 et
776 1838 886 1882 poenis
911 1839 1010 1871 eccle-

270 1890 413 1932 siasticis,
436 1902 494 1925 nec
517 1902 580 1925 non
603 1892 811 1936 pecuniariis,
836 1892 1010 1936 ceterisque

270 1944 349 1978 iuris
379 1949 409 1978 et
438 1945 511 1978 sacti
539 1945 687 1979 remediis
712 1946 899 1990 opportunis
923 1956 1010 1979 com-

271 1997 427 2041 pellendi,
452 1998 583 2042 illasque
614 1999 707 2032 ctiam
740 1998 860 2046 iteratis
891 1999 1010 2032 vicibus

271 2052 478 2094 aggravandi,
496 2052 709 2096 dignitatibus,
734 2052 905 2094 beneficiis,
923 2058 951 2085 et
969 2054 1011 2086 os-

270 2105 351 2139 ficiis
375 2105 522 2139 omnibus
545 2106 699 2149 privandi,
720 2111 750 2139 et
774 2106 954 2149 amovendi,
980 2112 1010 2140 et

271 2158 310 2191 ad
333 2159 441 2192 sutura
464 2158 618 2192 inhabiles
642 2159 790 2199 faciendi;
809 2160 1010 2194 interdictum

271 2212 515 2246 ecclesiasticum
526 2212 934 2257 apponendi‚auxiliumque
943 2213 1011 2246 bra-

271 2265 334 2298 chii
351 2265 511 2306 secularis,
528 2265 791 2309 quandocumque
808 2276 890 2309 opus
905 2266 1009 2307 fuerit,

271 2318 451 2359 invocandi;
467 2318 507 2351 ad
520 2318 685 2351 sanitatem
698 2329 772 2351 vero
787 2329 941 2360 reversos,
956 2320 1009 2362 qui

270 2371 375 2405 debite
399 2372 615 2412 satisfecerint,
635 2371 674 2405 ab
699 2372 844 2405 omnibns
869 2373 1010 2405 censuris

272 2429 302 2458 et
325 2425 434 2470 poenis
458 2425 646 2469 supradictis
671 2425 702 2458 in
727 2425 828 2458 forma
852 2425 1010 2458 Ecclesiae

272 2481 421 2512 consueta
445 2478 642 2518 absolvendi3
661 2489 755 2522 super
779 2478 1010 2521 irregularitate

273 2532 378 2565 forsan
400 2532 527 2566 incursa
550 2531 768 2576 dispensandi,
793 2536 823 2564 et
847 2531 886 2564 ad
910 2531 1011 2576 pristi-

273 2594 349 2618 num
365 2589 478 2620 statum
494 2586 623 2620 omnino
637 2585 830 2626 restituendi,
848 2591 1011 2630 praeterea

274 2638 456 2674 collectores
468 2644 498 2675 et
513 2640 757 2675 subcollectores
770 2639 831 2674 fide
844 2644 875 2674 et
886 2639 1012 2674 faculta-

1044 291 1126 324 tibus
1136 290 1264 324 idoneos
1274 289 1305 322 in
1315 289 1461 322 universo
1474 288 1588 322 ducatu
1597 288 1781 328 Sabaudiae,

1044 356 1079 377 ac
1096 343 1274 388 principatu
1294 342 1543 383 Pedemonssum,
1561 352 1618 376 nec
1642 352 1705 375 non
1729 341 1781 374 Ni-

1043 407 1115 430 ceae
1137 396 1319 429 Provinciae
1343 399 1548 439 nuncupatae,
1573 400 1603 428 et
1627 400 1692 428 toto
1715 395 1782 427 eius

1043 450 1187 483 districtu
1211 460 1247 482 ac
1277 449 1457 489 territorio,
1482 453 1511 483 et
1535 448 1621 482 Statu
1646 447 1780 489 Oneliae,

1043 514 1078 535 ac
1095 503 1125 534 in
1143 503 1264 546 reliqua
1278 502 1443 546 temporali
1457 502 1574 535 ditione
1591 500 1781 541 huiusmodi,

1044 561 1199 599 quotquot
1215 555 1330 588 videris
1344 555 1502 599 expedire,
1523 566 1594 588 cum
1623 554 1717 588 simili
1734 555 1781 587 vel

1043 608 1186 649 limitata,
1206 618 1269 642 non
1292 614 1396 641 tamen
1416 608 1606 649 absolvendi,
1619 612 1782 652 potestate,

1042 667 1076 695 ut
1093 662 1174 694 infra
1197 662 1322 703 dicitur,
1339 662 1558 702 constituendi;
1579 672 1715 706 cumque
1734 661 1783 694 vel

1044 725 1097 747 eos
1114 715 1245 748 arbitrio
1270 720 1323 748 tuo
1348 715 1524 755 revocandi,
1542 715 1736 758 negligentes
1753 720 1783 748 et

1044 779 1189 802 morosos
1217 768 1416 809 removendi,
1444 779 1479 802 ac
1503 769 1599 801 alium
1624 778 1679 802 seu
1704 768 1782 801 alios

1043 822 1230 865 sui-rogandi
1247 823 1506 866 quotiescumque
1526 822 1581 855 tibi
1605 822 1781 861 videbitur;

1043 874 1074 907 in
1099 874 1316 918 delinquentes
1332 881 1361 908 et
1377 881 1587 919 contumaces,
1604 886 1660 919 per
1677 880 1717 916 te,
1734 875 1783 908 vel

1042 928 1149 969 alium,
1175 939 1230 961 seu
1254 929 1342 970 alios,
1367 930 1460 962 etiam
1481 929 1667 973 simpliciter
1691 933 1721 963 ct
1744 929 1783 963 dc

1042 981 1135 1024 plano
1159 992 1194 1014 ac
1219 982 1285 1015 sine
1316 982 1448 1026 strepitu
1478 987 1507 1015 et
1531 982 1633 1025 ligura
1658 983 1783 1023 iudicii,

1043 1035 1231 1078 inquirendi,
1246 1041 1276 1068 et
1293 1036 1412 1069 meritis
1425 1036 1534 1080 poenis
1547 1036 1706 1080 puniendi,
1720 1047 1784 1069 mo-

1043 1087 1099 1120 dos
1117 1093 1145 1120 et
1159 1088 1277 1121 formas
1290 1089 1320 1121 in
1334 1088 1501 1133 praedictis
1515 1089 1682 1122 servandas
1697 1099 1785 1133 prae-

1044 1141 1211 1182 scribendi,
1223 1141 1317 1174 dubia
1331 1153 1548 1186 quaecumque
1558 1143 1589 1176 in
1602 1143 1783 1187 praemissis

1044 1196 1123 1228 sorte
1140 1196 1261 1229 oritura
1277 1196 1466 1236 declarandi,
1479 1207 1514 1230 ac
1531 1208 1662 1241 prorsus
1678 1198 1783 1231 omnia

1044 1254 1073 1281 et
1108 1259 1325 1292 quaecumque
1361 1249 1444 1282 circa
1477 1260 1512 1283 ea
1542 1251 1719 1283 necessaria
1753 1256 1783 1283 et

1043 1306 1220 1346 opportuna
1232 1303 1375 1344 faciendi,
1385 1303 1549 1344 statuendi,
1558 1309 1588 1336 et
1599 1304 1782 1347 exequendi;

1043 1356 1165 1389 etiamsi
1181 1357 1253 1391 talia
1264 1357 1376 1397 forent,
1386 1367 1466 1401 quae
1483 1357 1665 1391 mandatum
1683 1358 1784 1401 exige-

1044 1415 1112 1442 rent
1128 1410 1228 1453 magis
1242 1410 1385 1454 speciale,
1399 1421 1493 1454 quam
1507 1411 1725 1455 praesentibus
1737 1416 1784 1445 est

1043 1473 1235 1506 expressum.
1262 1464 1388 1505 Verui‘n,
1411 1475 1469 1508 pro
1494 1464 1684 1498 verificando
1709 1475 1783 1498 vero

1044 1516 1149 1548 valore
1165 1516 1364 1559 singulorum
1383 1517 1621 1558 beneficiorum,
1638 1518 1784 1551 volumus

1043 1573 1071 1601 et
1097 1569 1296 1602 decernimus
1311 1597 1318 1610 ,
1342 1574 1375 1604 ut
1398 1571 1540 1604 locorum
1565 1570 1721 1604 Ordinarii
1752 1572 1784 1604 in

1043 1623 1099 1655 sua
1124 1623 1256 1666 quisque
1280 1623 1436 1665 dioecesi,
1463 1628 1572 1657 vocato
1607 1624 1692 1657 clero
1721 1627 1784 1657 una

1044 1686 1114 1709 cum
1139 1676 1261 1710 duabus
1285 1678 1428 1722 personis
1452 1688 1469 1710 a
1493 1678 1655 1722 praedicto
1672 1679 1783 1712 Carolo

1044 1730 1214 1764 Emanuele
1238 1731 1317 1765 duce
1337 1731 1534 1775 deputandis,
1548 1731 1708 1765 declarare
1732 1732 1784 1766 de-

1043 1783 1145 1825 beant,
1163 1787 1313 1827 quantum
1330 1785 1558 1829 cuiuscumque
1577 1785 1722 1818 beneficii
1738 1795 1783 1818 ra-

1045 1837 1127 1870 tione
1144 1848 1201 1880 pro
1219 1838 1400 1872 huiusmodi
1425 1838 1547 1871 decima
1571 1838 1732 1872 debeatur.
1751 1839 1782 1873 Si

1044 1890 1113 1933 quis
1126 1901 1157 1923 se
1175 1901 1271 1935 super
1286 1891 1466 1925 huiusmodi
1484 1891 1694 1925 declaratione
1711 1902 1783 1935 gra-

1045 1948 1148 1977 vatum
1166 1945 1308 1985 senserit,
1329 1945 1519 1988 gravaminis
1544 1945 1682 1988 cognitio
1698 1945 1736 1979 ad
1753 1951 1783 1979 te

1043 1997 1204 2040 pertineat.
1236 1998 1437 2032 Exactionem
1467 2004 1571 2032 autem
1601 1999 1783 2033 huiusmodi

1043 2050 1236 2084 decimarum
1256 2051 1343 2085 iuxta
1358 2051 1473 2085 dictam
1491 2052 1734 2086 declarationem
1752 2053 1783 2085 in

1042 2104 1180 2147 qualibet
1204 2104 1339 2139 dioecesi
1363 2115 1381 2138 a
1409 2105 1533 2139 duobus
1561 2106 1783 2139 collectoribus

1043 2157 1081 2190 ab
1105 2158 1255 2202 episcopo
1279 2163 1308 2192 et
1333 2159 1418 2193 clero
1443 2160 1652 2201 nominandis,
1673 2165 1783 2193 etate

1042 2222 1099 2255 per
1123 2217 1191 2245 tuas
1214 2218 1355 2256 patentes
1380 2213 1499 2246 litteras
1523 2213 1719 2257 deputandis,
1742 2213 1784 2246 sa-

1043 2265 1186 2298 ciendam
1200 2276 1278 2306 esse;
1291 2266 1441 2309 pecunias
1454 2271 1558 2299 autem
1570 2276 1666 2309 penes
1679 2276 1783 2309 perso-

1043 2327 1098 2350 nas
1108 2318 1169 2351 fide
1183 2324 1212 2351 et
1225 2308 1425 2352 facultatibus
1442 2319 1570 2352 idoneas
1584 2329 1641 2362 per
1654 2319 1784 2362 quemli-

1043 2370 1095 2404 bet
1111 2372 1295 2415 episcopum
1309 2372 1502 2416 deputandas
1516 2382 1640 2419 curare,
1652 2372 1783 2416 illasque

1043 2429 1160 2467 postea,
1179 2425 1300 2458 statutis
1317 2426 1509 2458 solutiontun
1533 2425 1737 2469 temporibus,
1750 2425 1783 2458 in

1043 2488 1155 2510 manus
1179 2483 1248 2511 tuas
1266 2478 1479 2511 transmittere
1499 2478 1613 2512 debere
1638 2479 1782 2512 volumus

1045 2536 1074 2564 et
1097 2531 1308 2572 declaramus3
1334 2537 1368 2565 tu
1391 2542 1465 2565 vero
1489 2532 1638 2576 pecunias
1661 2532 1784 2576 praedi-

1044 2591 1107 2619 ctas
1132 2585 1234 2619 eidem
1258 2585 1368 2619 Carolo
1388 2586 1551 2620 Enianueli
1576 2586 1647 2619 duci
1668 2591 1721 2620 aut
1744 2586 1784 2619 ab

1045 2648 1081 2673 eo
1098 2638 1244 2684 deputato
1265 2639 1451 2683 consignare
1472 2639 1605 2674 curabis,

1687 230 1751 265 549
1797 239 1845 266 Au.
1862 238 1890 267 c.
1911 239 1979 268 102¹
