2293 3231
241 309 289 334 An.
305 308 331 335 tl.
358 307 422 334 ¹613

264 584 309 608 lpse
326 582 419 602 Punutex

235 611 314 629 dietam
329 608 420 631 congre-

236 641 342 661 gate-nem
359 636 419 654 clert-

235 669 306 683 comm
346 662 419 682 Matri«

235 690 273 711 Dei
297 692 322 710 tte
346 692 418 709 cetero

235 722 351 742 nuncupari
383 715 417 735 de·

235 744 318 765 cernit.
354 747 416 767 etque

233 775 326 795 regimen
346 771 365 788 et
380 768 416 788 atl-

233 795 409 817 ministrationem

233 823 353 843 scholarum
369 827 416 846 pia-

233 855 278 870 rum
287 850 365 874 ubique
373 853 416 868 ere·

232 879 314 895 clanim
333 877 353 895 et
375 880 414 894 eri-

232 901 347 926 gendarum
379 901 415 922 de·

231 928 323 949 mandat.

470 297 532 330 ³244

438 354 565 386 alterius
584 363 737 396 personae
755 351 815 384 tide
827 352 950 394 dignae,
964 351 1178 391 admittantur,
1194 387 1197 399 ,

439 407 467 439 in
495 407 593 449 iisque
618 406 724 448 gratis,
742 409 770 438 el
795 405 913 447 absque
939 404 1002 436 ullo
1027 405 1195 446 praemio„

437 465 565 503 propter
582 459 765 491 charitatem
784 461 812 491 el
830 457 882 490 thei
901 468 1041 490 amorem
1059 457 1177 490 erudiri
1194 457 1197 481 i

436 512 586 544 dela-ant:

480 567 494 608 ξ
519 565 546 597 5.
573 566 674 604 Quare
699 575 765 604 nos,
793 564 893 597 (lictae
917 555 1195 608 ‹long-rogationis}

435 619 566 652 clericos
597 619 687 651 utiles
712 619 778 651 sore
795 619 902 663 operis
920 619 1099 652 huiusmodi
1118 620 1175 651 mi-

434 673 551 705 nistros
576 672 711 705 tirmiter
737 673 766 705 in
792 673 924 706 llomino
949 679 1122 716 sperantes,
1140 666 1193 706 ac*

433 726 602 770 praepositi
649 732 679 758 et
726 726 913 759 clericorum
961 728 1173 770 praefatorum

433 786 611 823 promptam
635 780 673 811 ad
698 778 1084 823 praeniissa'voluntatem
1109 782 1176 824 plu-

431 832 547 864 rimum
573 832 602 864 in
629 832 761 866 Domino
782 833 1049 873 commendantes,
1074 839 1100 866 et
1120 844 1173 867 eo-

430 896 499 917 rum
527 886 702 928 singulares
723 896 874 929 personas
898 897 913 918 a
940 887 1102 929 quibusvis
1119 898 1172 919 ex-

430 939 735 978 communicationis,
758 940 981 982 suspensionis,
1005 940 1171 980 interdicti,

429 991 561 1035 aliisque
586 992 807 1025 ecelesiasticis
832 993 1004 1033 sententiis,
1030 994 1171 1026 censuris

429 1051 457 1078 ct
483 1047 603 1089 poenis,
628 1058 645 1078 a
670 1046 738 1078 iure
764 1047 810 1078 rel
836 1047 874 1078 ab
900 1047 1037 1087 bomine,
1062 1048 1171 1090 (piaris

429 1099 593 1132 occasione
619 1100 666 1132 vel
691 1102 784 1133 causa
811 1100 889 1140 latis,
913 1100 937 1132 si
963 1100 1076 1143 quibus
1097 1110 1171 1144 quo-

428 1152 599 1185 modolibet
625 1153 791 1186 innodatae
806 1153 951 1193 existunt,
972 1153 1009 1185 ad
1023 1154 1168 1186 esl'cctum

426 1206 640 1248 praesentium
666 1206 825 1238 dumtaxat
852 1207 1091 1250 cunsequendos
1120 1207 1170 1239 lia-

427 1270 497 1291 rum
523 1259 604 1291 serie
629 1259 829 1292 absolventes
854 1265 880 1292 ct
915 1260 1077 1293 absolutos
1103 1262 1168 1292 t'ore

427 1319 607 1350 censentes,
634 1324 690 1346 nec
717 1324 777 1346 non
808 1314 922 1347 dictam
948 1314 1170 1357 Congu-gatio-

426 1376 520 1405 nem,
554 1367 700 1410 illiusque
729 1368 942 1411 praepositum
975 1374 1002 1400 et
1036 1368 1168 1400 clericos

425 1419 613 1462 specialibus
639 1420 798 1453 l'axoribus
822 1426 849 1453 et
882 1421 991 1463 gratiis
1018 1422 1166 1464 ltu-osiului

426 1473 585 1513 volentes,
618 1474 790 1517 apostolica
822 1475 1025 1515 auctoritate,
1058 1480 1166 1507 tenore

424 1527 646 1568 praesentium,
672 1528 861 1571 praeposito,
887 1528 1020 1569 clericis,
1039 1532 1067 1561 ct
1092 1528 1167 1561 Con-

426 1580 603 1621 gregationi
636 1580 814 1623 praedictae
840 1584 942 1625 (quae
973 1582 1011 1614 de
1041 1587 1166 1614 caetero

423 1633 583 1676 perpetuis
599 1633 714 1666 suun-is
731 1634 926 1677 temporibus
944 1634 1085 1667 MATRtS
1103 1634 1163 1667 [itit

423 1686 610 1729 nuncupari,
630 1696 665 1719 ae
690 1686 721 1718 in
746 1686 797 1719 itta
823 1687 890 1719 eius
915 1687 1112 1731 praepositus
1136 1693 1166 1720 et

422 1738 544 1779 clerici,
569 1749 651 1771 nune
676 1745 703 1772 ct
730 1750 787 1783 pro
813 1746 954 1784 tempore
979 1741 1164 1781 existentes,

421 1791 481 1823 sub
513 1792 632 1834 regulis
660 1799 687 1825 et
718 1794 993 1827 constitutionibus
1023 1794 1163 1827 eiusdem

421 1843 680 1887 Congregationis
705 1856 722 1878 a
745 1846 827 1879 dicto
852 1846 1011 1880 Clemente
1036 1847 1165 1890 praede-

421 1908 547 1931 cessore
572 1898 777 1939 confirmatis,
800 1899 915 1943 quibus
931 1911 988 1933 nec
1007 1911 1069 1934 non
1087 1901 1165 1934 eius-

420 1951 491 1984 dem
516 1952 775 1995 Congregationis
805 1953 979 1997 privilegiis
1010 1954 1165 1998 praeiudi-

421 2015 493 2037 care
530 2015 593 2038 non
629 2006 819 2040 intendimus
848 2008 986 2051 exceptis
1017 2008 1054 2041 iis
1083 2019 1163 2052 quae

420 2059 642 2101 praesentibus
666 2061 844 2093 contrariae
860 2067 942 2102 sunt,
960 2062 1095 2095 militare
1113 2062 1163 2096 de-

419 2112 527 2155 beant)
553 2124 672 2153 euram,
698 2114 841 2157 regimen
867 2119 897 2149 et
921 2116 1163 2150 administratio-

419 2175 492 2198 nem
523 2165 677 2199 dictarum
713 2167 742 2199 in
781 2168 862 2201 L'rbe
901 2175 1100 2211 erectarum,
1132 2176 1161 2203 et

418 2218 552 2251 aliarum
578 2219 703 2262 piarum
729 2220 909 2254 scholarum
935 2233 992 2265 pro
1018 2228 1161 2267 tempore

418 2271 654 2314 erigendarum,
672 2283 743 2305 eum
768 2275 955 2318 supradictis
979 2277 1160 2310 conventio-

417 2324 520 2365 nibus,
537 2325 628 2359 dictis
648 2327 839 2370 praeposito,
865 2329 1002 2369 clericis,
1027 2334 1057 2364 et
1080 2330 1160 2364 Con-

418 2377 621 2421 gregationi¹‚
635 2380 820 2414 auctoritate
833 2387 860 2414 et
875 2386 984 2415 tenore
1002 2383 1158 2426 praefatis,

418 2437 571 2474 perpetuo
595 2433 833 2474 committimus,
857 2440 885 2467 et
915 2435 1157 2469 demandamus:

418 2483 459 2515 ita
483 2484 566 2527 qnod
584 2485 673 2518 liceat
692 2487 871 2530 praeposito
885 2493 913 2520 et
932 2488 1055 2521 clericis
1072 2499 1159 2533 prae-

417 2536 486 2569 fatis
510 2538 720 2580 praefatarum
749 2540 930 2574 scholarum
955 2541 1157 2583 huiusmodi,

455 2618 466 2643 1
489 2616 579 2644 Verba
598 2617 665 2645 baec
691 2619 773 2647 dictis
795 2621 962 2655 praeposito
991 2621 1105 2649 clericis
1131 2625 1157 2648 ee

417 2663 637 2696 conyreyatiom‘
657 2663 788 2692 inutiliter
802 2665 918 2701 repetita
933 2673 992 2693 esse
1009 2666 1156 2702 perspicies

420 2707 456 2741 (a.
473 2707 521 2741 τ.).

1021 305 1203 329 nt'LLAntcn
1223 304 1376 329 ROMANL'M

1211 357 1240 383 et
1266 352 1420 389 aliarum,
1445 352 1537 385 simul
1563 358 1656 396 atque
1681 358 1802 386 erectae
1827 354 1951 394 suerint,

1213 405 1400 448 illarumque
1430 405 1586 438 bonorum
1615 412 1643 438 et
1668 406 1848 439 reddituum
1872 418 1951 450 quo-

1212 468 1430 501 rumcumque,
1448 459 1657 502 corporalem,
1671 460 1787 492 realem
1805 465 1834 492 et
1848 465 1952 492 actua-

1194 512 1195 518 *
1211 511 1271 542 lem
1286 511 1515 554 possessionem
1526 522 1639 555 capere
1656 517 1685 545 et
1701 512 1950 556 apprehendere,

1210 574 1244 595 ae
1270 563 1308 595 de
1334 563 1394 596 illis
1411 564 1441 596 in
1459 564 1638 597 scholarum
1652 565 1835 598 earumdem
1860 566 1951 598 bene-

1210 618 1315 650 ficium
1340 618 1517 661 disponere.

1252 672 1267 715 g
1291 672 1320 704 fi.
1347 671 1566 712 Dece-ruentes,
1583 678 1763 716 praesentes
1781 673 1900 705 litteras
1919 678 1947 705 et

1209 724 1238 756 in
1264 725 1308 757 eis
1339 730 1483 758 contenta
1514 736 1732 770 quaecumque
1763 736 1888 769 semper
1919 731 1950 758 et

1208 784 1360 822 perpetuo
1385 778 1501 818 valida,
1531 778 1622 811 firma
1647 785 1675 812 et
1712 779 1850 812 efficacia
1882 780 1948 812 fore

1207 837 1234 863 et
1261 842 1338 872 esse,
1356 832 1509 875 dictisque
1528 832 1713 876 praeposito
1730 838 1760 865 et
1777 832 1901 865 clericis
1918 832 1949 865 in

1206 886 1352 918 omnibus
1377 891 1404 918 ct
1431 896 1487 929 per
1512 885 1616 918 onmia
1634 885 1816 929 plenissime
1840 886 1950 918 sull'ra-

1205 939 1290 981 μαι-ὴ

1250 995 1264 1035 g*
1296 993 1324 1025 7.
1354 992 1467 1038 Sicque
1500 1003 1556 1036 per
1581 1003 1798 1036 quoscumque
1824 992 1949 1025 'iudices

1205 1045 1382 1079 ordinarios
1409 1051 1436 1078 et
1463 1046 1633 1088 delegatos,
1658 1045 1752 1079 etiam
1780 1056 1947 1078 causarum

1204 1098 1310 1141 palatii
1341 1099 1505 1142 apostolici
1540 1099 1700 1132 auditores
1730 1109 1764 1131 ac
1797 1098 1827 1131 S.
1853 1099 1886 1132 R.
1914 1098 1946 1131 E.

1203 1152 1388 1191 cardinales,
1406 1152 1536 1185 iudicari
1563 1157 1589 1185 et
1617 1153 1740 1185 deliniri
1767 1152 1895 1192 debere,
1912 1162 1947 1185 ac

1204 1205 1327 1238 irritum
1360 1211 1389 1239 et
1415 1206 1523 1245 inane,
1549 1206 1572 1238 si
1607 1216 1697 1239 secus
1726 1216 1822 1250 snper
1851 1206 1899 1238 liis
1931 1216 1947 1238 a

1202 1269 1403 1303 ‹piot-umque
1417 1260 1526 1302 quavis
1542 1259 1726 1293 auctoritate
1743 1259 1879 1292 scienter
1898 1260 1946 1292 vel

1202 1312 1385 1355 ignoranter
1402 1313 1567 1356 contigerit
1590 1313 1743 1347 attentari.

1245 1368 1260 1408 g
1284 1366 1313 1397 8.
1340 1367 1408 1398 Non
1432 1366 1629 1399 obstantibus
1651 1366 1814 1410 quibusvis
1833 1366 1946 1400 consti-

1201 1418 1373 1451 tutionibus
1405 1424 1432 1451 et
1466 1418 1718 1452 ordinationibus
1742 1419 1944 1462 apostolicis,

1201 1482 1256 1503 nee
1282 1482 1343 1504 non
1369 1472 1469 1504 dietae
1494 1472 1754 1515 Congregationis
1771 1473 1878 1515 (etiam
1896 1473 1944 1505 iu-

1201 1530 1343 1559 ramento
1358 1553 1365 1566 ,
1390 1525 1629 1559 confirmatione
1661 1525 1834 1570 apostolica
1850 1554 1857 1567 ‚
1894 1526 1942 1560 vel

1199 1580 1308 1622 quavis
1333 1579 1480 1612 firmitate
1505 1579 1587 1620 alia,
1614 1579 1794 1623 roboratis)
1820 1580 1944 1613 statutis

1198 1644 1233 1665 ac
1258 1633 1539 1667 consuetudinibus
1561 1634 1637 1678 (illis
1661 1635 1859 1678 praesertim,
1876 1635 1944 1678 qui-

1199 1686 1257 1719 bus
1281 1692 1409 1720 cavetur
1433 1697 1590 1730 expresse,
1606 1687 1691 1731 quod
1716 1687 1823 1720 elerici
1841 1686 1942 1720 dictae

1197 1740 1457 1783 Congregationis
1481 1750 1577 1773 novas
1590 1740 1713 1781 domos,
1730 1751 1802 1773 cum
1819 1740 1940 1783 obliga-

1199 1793 1336 1826 tionibus
1359 1793 1491 1827 docendi
1517 1793 1732 1827 adolescentes
1761 1793 1940 1827 rudimenta

1197 1849 1418 1889 grammatices
1442 1852 1495 1880 aut
1520 1847 1639 1881 litteras
1664 1847 1888 1888 humaniores,
1909 1854 1939 1881 et

1197 1911 1268 1933 eum
1293 1901 1362 1933 aliis
1386 1901 1549 1944 quibusvis
1581 1901 1848 1944 obligationibus,
1872 1901 1940 1946 qui-

1196 1954 1254 1987 bus
1285 1954 1392 1987 clerici
1433 1954 1613 1988 huiusmodi
1651 1960 1739 1987 extra
1774 1955 1938 1988 ecclesiam

1197 2008 1348 2042 inservire
1361 2014 1536 2049 teneantur,
1554 2009 1696 2053 recipere
1712 2019 1775 2042 non
1792 2010 1938 2054 possint),

1195 2062 1368 2105 privilegiis
1385 2072 1522 2106 quoque,
1543 2062 1671 2095 indultis
1688 2069 1718 2095 ct,
1735 2063 1849 2096 litteris
1864 2073 1939 2107 apo-

1195 2115 1313 2148 stolicis
1333 2115 1363 2147 in
1387 2115 1582 2148 contrarium
1602 2115 1862 2160 praemissorum,
1879 2116 1937 2149 sub

1194 2168 1446 2212 quibuscumque
1479 2169 1642 2202 tenoribus
1675 2174 1706 2202 et
1737 2169 1866 2210 formis,
1900 2179 1936 2202 ac

1194 2231 1265 2254 cum
1290 2221 1454 2266 quibusvis
1470 2222 1619 2255 clausulis
1643 2227 1672 2255 et
1699 2222 1844 2262 decretis,
1860 2232 1935 2255 eon-

1193 2275 1307 2316 cessis,
1334 2275 1529 2309 confirmatis
1560 2281 1590 2309 et
1623 2276 1793 2310 innovatis:
1819 2275 1935 2320 quibus

1192 2329 1340 2362 omnibus
1363 2334 1393 2362 et
1417 2328 1560 2372 singulis,
1585 2338 1695 2362 eorum
1720 2328 1861 2361 omnium
1888 2333 1934 2361 te-

1191 2391 1285 2415 nores
1309 2382 1531 2426 praesentibus
1553 2392 1611 2426 pro
1628 2381 1719 2425 plene
1735 2387 1764 2414 et
1782 2381 1935 2415 sufficien-

1192 2440 1239 2467 ter
1263 2435 1419 2479 expressis
1444 2440 1474 2468 et
1502 2434 1539 2467 ad
1570 2434 1702 2467 verbum
1732 2434 1858 2467 insertis
1882 2434 1934 2468 ha-

1191 2488 1315 2529 bentes,
1340 2489 1399 2522 hac
1424 2489 1491 2522 vice
1515 2488 1677 2522 dumtaxat
1701 2488 1880 2532 specialiter
1903 2494 1934 2522 et

1190 2552 1336 2586 expresse
1353 2542 1554 2585 derogamus,
1571 2541 1746 2585 ceterisque
1767 2541 1934 2575 contrariis

1190 2595 1452 2639 quibuscumque.

1233 2649 1344 2681 Datum
1370 2649 1487 2681 Romae.
1515 2648 1598 2692 apud
1630 2653 1770 2682 sanctam
1801 2648 1930 2684 Mariam

1189 2702 1363 2740 Maiorem,
1397 2702 1456 2735 sub
1494 2702 1611 2736 annulo
1651 2702 1819 2738 piscatoris
1838 2731 1845 2744 ‚
1877 2703 1929 2738 die

1971 307 2018 333 An.
2033 306 2060 334 C.
2084 307 2151 335 16¹4

2004 688 2047 709 flu
2067 688 2150 710 titt-ns

1964 717 2070 742 perpetuo
2097 715 2148 736 nti·

1964 744 2022 763 taras
2037 741 2140 764 decernit.

1990 1006 2103 1028 Decretum
2121 1005 2148 1026 ir-

1963 1034 2030 1055 ritans
2044 1032 2139 1060 apponii.

1989 1378 2145 1409 Contrarinqne

1961 1411 2032 1428 omnin
2041 1408 2144 1427 removet.
