2293 3231
263 289 310 314 Αιι.
327 287 356 314 c,
377 287 441 315 162¹
491 278 555 313 630
1040 283 1219 308 eruanimi
1239 282 1394 306 nomnen

461 335 636 369 decessoris
653 334 765 366 Leonis
782 332 893 365 litteris
910 332 947 364 de
964 331 1060 364 veibo
1077 331 1115 363 ad
1128 341 1198 363 τοι·
1215 335 1313 368 ster,
1334 329 1444 362 eodem
1470 328 1613 372 Philippo
1637 328 1676 361 lll
1701 328 1783 361 viam
1807 328 1971 361 universae
1986 345 2047 361 cem
2065 339 2104 361 mn
2122 338 2175 361 rin

461 388 536 421 bum
561 388 688 421 inserto
711 386 803 418 etiam
829 385 953 428 plenius
973 384 1160 417 continetur.
1215 370 1336 415 lem-nis
1357 381 1511 424 ingresso,
1527 391 1661 424 legnum
1679 381 1782 425 ipsum
1799 381 1922 415 Siciliae
1942 386 1972 414 et
1986 366 2043 393 '¹⁹⁹⁰
2058 366 2092 388 ω’

294 454 359 475 iunius
375 454 422 475 ιιι
506 442 521 483 fi
545 439 573 473 3.
600 441 641 471 Ac
666 438 794 470 demum
820 436 1003 470 recolendae
1028 435 1218 482 memoriae
1215 418 1428 468 Hierusalem
1447 445 1518 468 cum
1536 437 1600 468 tota
1618 436 1703 467 terra
1719 434 1879 478 praedicta
1896 434 1973 469 citra

261 461 448 533 εἶῖῗιιιωνιῖἶιῗρὶὲὀ
463 493 558 525 lulius
582 491 663 534 Papa
687 490 736 530 lll,
754 490 847 522 etiam
873 489 1059 534 praedessor
1083 494 1200 529 noster,
1216 488 1370 521 'Pharum
1391 499 1490 531 usque
1511 487 1550 520 ad
1568 487 1703 521 confinia
1722 492 1880 520 termium
1896 487 1975 520 eius-

262 539 325 554 ¹²⁰⁰¹¹
314 533 361 553 m
463 544 588 589 praevia
605 543 841 576 iemmciatione
858 542 1009 586 praedicti
1025 541 1126 575 Caroli
1144 542 1202 575 Ro-
1216 537 1306 575 dem
1328 542 1483 575 Ecclesiae
1509 543 1667 576 Romanae
1692 542 1836 585 (excepta
1852 540 1975 574 civitate

464 597 547 629 mani
566 595 767 639 lmpeiatoris
784 606 933 639 semper.
926 595 1062 637 auousti‚
1082 594 1201 627 dictum
1217 573 1220 606 l
1236 595 1463 635 Bencxentanffi't
1479 605 1551 628 cum
1568 595 1636 627 eius
1649 594 1818 635 territorio,
1831 593 1976 626 districtu

463 660 596 693 regnum
621 649 744 682 Siciliae
769 653 797 681 et
824 649 1021 682 llieiusalem
1045 659 1116 681 cum
1138 649 1221 681 tota
1218 638 1265 680 'et
1282 647 1488 691 pertinentiis,
1504 658 1561 692 pei
1584 657 1617 680 se
1640 658 1695 681 seu
1716 647 1784 680 eius
1803 651 1833 679 ct
1852 650 1977 680 nostros

464 704 549 735 teria
569 702 646 735 citra
667 701 803 734 Pharum
820 712 946 745 usque
937 701 975 734 ad
992 701 1127 734 confinia
1146 702 1221 734 Ro-
1220 711 1311 744 piae
1315 701 1496 734 decessores
1513 701 1671 734 Romanos
1688 700 1855 734 Pontifices
1870 699 1978 732 distin-

1987 279 2038 306 An.
2053 278 2083 308 C.
2103 277 2169 307 ¹08¹

1218 670 1221 702 l

305 2573 361 2594 End„
358 2579 384 2594 =m
404 2573 462 2594 inve-

278 2602 353 2620 autur:-
381 2607 393 2620 a
418 2600 462 2620 Cle·

463 763 573 785 manae
597 752 753 785 Ecclesiae
778 754 927 796 (excepta
953 753 1075 785 civitate
1105 752 1221 785 Bene-⁴

464 807 595 838 wentana
620 816 691 838 cum
720 805 786 838 eius
818 805 977 840 territorio
1001 811 1030 838 ct
1059 806 1221 839 districtu*

464 864 496 891 ut
521 866 636 902 supra)
661 858 794 902 inclytae
818 859 990 892 memoriae
1015 859 1160 902 Philippo
1179 859 1201 890 ll

464 918 535 945 tunc
549 912 678 955 Angliae
694 913 761 955 regi
778 918 805 945 et
820 913 1040 956 Hispaniarum
1058 913 1203 957 principi,

464 975 522 1007 pro
547 975 591 1005 se,
609 965 736 1008 suisque
761 965 949 999 haeredibus
969 970 997 1000 et
1018 966 1204 999 suecessori-

465 1018 522 1050 bus
530 1019 706 1061 Aragoniae
721 1019 859 1061 regibus,
870 1025 932 1052 tam
947 1020 1094 1052 masculis
1109 1030 1202 1063 qnam
1221 1021 1223 1033 ”

465 1073 598 1112 seminis,
619 1084 654 1105 cx
672 1083 709 1105 eo
727 1075 813 1105 recta
835 1073 917 1106 linea
933 1073 1203 1113 descendentibus,

465 1126 545 1159 natis
576 1131 605 1159 et
638 1126 820 1166 nascituris,
845 1136 880 1159 ac
905 1126 974 1159 aliis
1005 1127 1148 1170 personis
1173 1126 1204 1159 in

465 1179 722 1213 concessionibus
741 1179 809 1212 Iulii
826 1183 856 1213 et
873 1179 984 1213 Leonis
1001 1180 1206 1223 comprehen-

466 1233 518 1273 sis,
536 1236 566 1266 et
586 1243 644 1276 per
661 1243 712 1265 eas
737 1232 866 1272 vocatis,
887 1232 917 1264 in
942 1232 1069 1265 seudum
1095 1243 1206 1276 perpe—

466 1291 554 1318 tuum
569 1295 628 1329 pro
641 1285 734 1318 solito
749 1295 854 1318 annuo
871 1295 966 1318 censu
983 1290 1103 1329 septem
1121 1286 1205 1318 mille

467 1338 655 1380 ducatorum
671 1338 739 1371 auri
756 1339 794 1371 de
811 1341 937 1372 camera
955 1343 985 1373 et
1003 1339 1095 1372 unius
1119 1350 1207 1383 para-

466 1391 565 1425 l'raeni
581 1391 642 1424 albi
659 1392 818 1433 solvendo,
837 1397 865 1425 et
887 1392 944 1425 sub
964 1392 1206 1433 conditionibus,

467 1445 568 1478 modis
589 1450 619 1478 et
635 1445 754 1486 formis,
771 1445 1009 1485 adiectionibus,
1026 1446 1207 1489 promissio-

467 1497 569 1538 nibus,
586 1498 751 1538 elausulis,
776 1498 920 1539 cautelis,
946 1499 1158 1532 voluntatibus
1178 1503 1207 1533 et

467 1551 717 1584 ordinationibus
740 1551 771 1583 in
796 1551 907 1584 litteris
937 1552 1006 1584 lulii
1031 1557 1059 1584 et
1085 1562 1208 1585 conces-

467 1604 554 1638 sione
577 1604 688 1637 Leonis
708 1605 871 1645 contentis,
889 1616 968 1648 quae
988 1616 1044 1648 per
1064 1605 1206 1638 eamdem

467 1657 579 1691 Scdcm
598 1657 748 1691 remissae
765 1668 828 1691 non
847 1664 1045 1702 apparerent,
1063 1659 1208 1692 similiter

468 1711 633 1751 concessit,
650 1716 680 1744 ct
695 1711 733 1744 de
746 1721 783 1744 eo
797 1711 890 1744 etiam
904 1712 1008 1756 ipsum
1028 1712 1206 1756 Philippum

469 1775 576 1808 regem
598 1764 764 1805 investivit,
788 1770 818 1798 et
841 1765 943 1799 dictus
967 1766 1129 1810 Philippus
1153 1777 1207 1799 rex

469 1829 526 1862 per
556 1818 714 1861 quondam
746 1819 979 1852 Fcrdinandum
1007 1819 1208 1854 Franciscum

469 1872 582 1905 Avolos
603 1872 641 1905 dc
662 1872 785 1916 Aquino
805 1873 1022 1906 marchionem
1042 1873 1208 1915 Piscariac,

471 1930 544 1958 tunc
568 1925 600 1958 in
624 1926 771 1959 humanis
795 1932 950 1968 agentem,
970 1932 1001 1960 et
1024 1927 1124 1971 ipsius
1142 1928 1210 1961 Phi—

471 1979 548 2023 lippi
571 1979 656 2022 regis
684 1979 768 2023 apud
796 1979 908 2012 Iulium
933 1980 1209 2023 praedecessorem

471 2038 502 2065 et
517 2031 629 2065 sedem
641 2033 818 2076 praedictos
835 2038 1073 2077 procuratorem
1091 2034 1211 2078 specia-

472 2086 544 2126 lem,
561 2085 780 2127 obedientiam,
805 2086 989 2129 homagium
1007 2092 1036 2120 et
1056 2087 1212 2121 iuramen-

472 2143 539 2171 tum
563 2138 721 2172 lidclitatis
740 2145 924 2172 consuetum
941 2140 1104 2183 praestitit,
1117 2146 1212 2184 prout

473 2191 504 2224 in
521 2192 617 2236 ipsius
633 2192 726 2225 etiam
745 2192 812 2225 lulii
829 2192 1080 2236 praedecessoris
1100 2193 1211 2227 litteris

473 2246 595 2289 plenius
610 2246 805 2280 continetur:
826 2257 905 2290 quac
923 2247 1029 2280 omnia
1046 2247 1126 2280 idem
1145 2247 1211 2280 l‘hi-

474 2299 578 2343 lippus
607 2310 663 2333 rex
687 2300 861 2333 successive
895 2310 950 2343 per
978 2300 1097 2333 bullam
1122 2311 1210 2334 suam

473 2362 612 2393 auream,
626 2352 684 2386 sub
708 2352 815 2386 datum
841 2352 993 2386 Bruxellis
1009 2363 1091 2387 anno
1111 2354 1213 2387 Domi-

474 2407 505 2439 ni
526 2416 610 2440 MnLv
627 2406 678 2439 die
694 2416 704 2440 1
721 2406 869 2448 octobris,
890 2417 984 2440 manu
1000 2409 1056 2440 sua
1075 2407 1212 2441 subscri-

475 2459 575 2504 ptam¹
588 2460 793 2504 approbando
808 2465 838 2494 et
850 2460 1041 2505 acceptando
1053 2461 1213 2495 consessus

475 2513 533 2546 suit
557 2518 587 2546 et
606 2515 797 2557 recognovit.

521 2567 535 2609 ἓ
559 2566 588 2599 4.
614 2567 776 2601 Postremo
807 2573 911 2601 autem
936 2568 1034 2601 felicis
1065 2568 1212 2602 iecorda-

279 2629 347 2648 mente
360 2626 404 2649 Vtu
415 2633 462 2648 con·
477 2619 569 2653 tionis
585 2620 725 2654 Clemens
742 2621 824 2665 Papa
842 2622 906 2655 vlu
923 2632 970 2666 pr
963 2621 1146 2655 acdceessor
1161 2632 1214 2656 no-

514 2685 524 2710 1
543 2682 613 2711 Edit.
629 2681 708 2712 Main.
724 2683 788 2718 legit
805 2684 997 2719 subscription
1011 2684 1048 2719 (n-
1063 2684 1111 2719 Τ.)-

1237 755 1304 796 ctis,
1321 766 1356 788 ac
1373 765 1484 789 eorum
1502 755 1623 796 incolis,
1640 765 1734 799 quam
1752 753 1811 786 sibi
1828 757 1859 787 et
1874 752 1975 786 eidem

1238 808 1394 841 Ecclesiae
1411 808 1588 852 specialiter
1603 807 1731 842 retinuit
1747 813 1777 840 et
1793 805 1978 849 reservavit)

1238 862 1340 894 clarae
1358 861 1528 894 memoriae
1546 861 1689 905 Philippo
1705 860 1745 893 111
1761 860 1854 894 etiam
1870 859 1979 903 Hispa-

1238 915 1360 947 niarum
1379 915 1446 957 regi
1460 914 1625 955 catholico,
1639 924 1699 958 pro
1713 924 1755 954 se,
1769 914 1897 957 suisque
1909 913 1980 946 hae-

1239 967 1365 1000 redibus
1386 973 1415 999 et
1440 967 1676 1000 suecessoribus
1700 966 1875 1009 Aragoniae
1899 966 1981 1009 regi-

1238 1020 1314 1060 bus,
1336 1026 1397 1053 tam
1423 1020 1570 1053 masculis
1594 1030 1687 1064 quam
1712 1019 1855 1060 seminis,
1880 1029 1917 1052 ex
1942 1029 1980 1052 eo

1240 1075 1324 1106 recta
1346 1073 1427 1105 linea
1445 1073 1720 1114 descendentibus,
1737 1073 1818 1106 natis
1835 1077 1866 1105 et
1881 1071 1982 1105 nasci-

1240 1127 1329 1167 turis,
1353 1137 1388 1159 ac
1408 1127 1476 1159 aliis
1500 1127 1644 1170 personis
1669 1127 1701 1159 in
1725 1125 1981 1160 concessionibus

1239 1180 1405 1224 utriusque
1434 1181 1503 1214 Iulii
1536 1184 1566 1214 et
1601 1180 1714 1214 Leonis
1745 1179 1980 1224 praedictorum

1240 1233 1421 1266 huiusmodi
1447 1234 1695 1278 comprehensis,
1719 1238 1750 1266 et
1772 1243 1831 1277 per
1854 1242 1907 1265 eas
1930 1243 1982 1266 vo-

1241 1287 1337 1327 eatis,
1364 1287 1393 1320 in
1426 1288 1552 1320 seudum
1583 1293 1771 1331 perpetuum
1801 1297 1860 1330 pro
1889 1285 1982 1319 solito

1240 1351 1343 1374 annuo
1353 1351 1449 1374 censu
1459 1346 1579 1384 septem
1595 1341 1728 1373 millium
1745 1340 1932 1373 ducatorum
1945 1339 1983 1372 si-

1241 1394 1362 1427 milium
1389 1400 1419 1427 et
1443 1395 1535 1427 unius
1551 1393 1731 1437 parati-aeni
1747 1393 1822 1433 albi,
1842 1398 1876 1426 ut
1894 1403 1983 1437 prae-

1241 1449 1357 1488 fertur,
1382 1448 1554 1488 solvendo,
1585 1453 1615 1481 et
1644 1447 1702 1481 sub
1733 1446 1982 1487 conditionibus,

1241 1501 1352 1542 modis,
1377 1502 1502 1543 formis,
1527 1501 1772 1542 adiectionibus,
1797 1500 1982 1545 promissio-

1241 1555 1343 1595 nibus,
1368 1555 1526 1595 clausulis,
1551 1555 1691 1595 cautelis,
1716 1554 1929 1588 voluntatibus
1949 1558 1981 1586 et

1242 1608 1492 1642 ordinationibus
1508 1608 1540 1641 in
1556 1608 1668 1641 litteris
1683 1608 1847 1652 utriusque
1864 1607 1934 1640 Iulii
1953 1611 1983 1640 et

1242 1661 1445 1694 concessione
1458 1661 1571 1694 Leonis
1583 1660 1862 1705 praedecessorum
1878 1659 1984 1693 huius—

1242 1713 1327 1746 modi
1352 1714 1515 1756 contentis,
1533 1724 1668 1758 quarum
1692 1713 1911 1747 remissionem
1926 1722 1983 1756 per

1243 1767 1354 1800 Sedcm
1380 1767 1575 1811 praedictam
1599 1768 1712 1801 saetam
1731 1767 1828 1800 fuisse
1847 1776 1910 1800 non
1934 1776 1985 1810 ap-

1243 1825 1390 1864 pareret,
1421 1820 1578 1864 praestitis
1594 1820 1602 1836 ¹
1626 1821 1715 1864 prius
1746 1826 1852 1853 tamen
1879 1819 1984 1853 eidem

1243 1874 1393 1906 Clementi
1416 1873 1653 1917 praedecessori
1678 1883 1714 1906 ac
1737 1873 1809 1908 Sedi
1830 1878 1861 1906 et
1882 1873 1985 1906 Eccle-

1244 1926 1307 1960 siae
1324 1926 1492 1970 praedictis
1516 1927 1643 1960 nomine
1668 1926 1766 1970 ipsius
1790 1926 1925 1970 Philippi
1945 1926 1984 1960 111

1243 1979 1327 2022 regis
1351 1990 1408 2023 per
1434 1980 1549 2013 bonam
1578 1979 1766 2013 memoriam
1796 1979 1922 2013 Antonii
1946 1979 1985 2012 de

1243 2032 1385 2066 Cardona
1402 2038 1432 2066 et
1451 2033 1605 2074 Corduba,
1625 2033 1739 2067 ducem
1757 2033 1904 2074 Smssae,
1928 2032 1985 2066 So·

1244 2096 1323 2127 mae,
1340 2087 1470 2128 Van-nac,
1485 2087 1632 2121 comitem
1646 2087 1763 2122 Gabrae
1780 2092 1810 2120 et
1826 2086 1984 2128 Palemos,

1245 2140 1459 2173 vicecomitem
1481 2141 1520 2174 de
1544 2141 1683 2184 Ibregar,
1704 2146 1734 2174 ct
1751 2140 1849 2185 ipsius
1866 2139 1985 2184 Philip-

1245 2194 1276 2237 pi
1289 2194 1327 2226 lll
1342 2194 1426 2237 regis
1437 2195 1706 2237 consanguineum
1716 2199 1747 2228 et
1759 2193 1984 2235 consiliarium,

1245 2247 1326 2291 apud
1339 2247 1486 2281 eumdem
1502 2248 1692 2281 Clementem
1707 2247 1985 2292 praedecessorem

1245 2305 1275 2333 et
1291 2300 1402 2333 Sedcm
1428 2300 1620 2344 praedictam
1645 2303 1804 2334 oratorem
1820 2305 1850 2333 et
1868 2309 1984 2343 procu-

1245 2359 1383 2387 ratorem
1401 2364 1436 2387 ac
1451 2353 1679 2386 mandatarium
1695 2362 1787 2386 suum
1803 2351 1984 2396 specialem,

1246 2418 1302 2451 per
1325 2407 1471 2440 eumdem
1494 2407 1684 2441 Clementem
1707 2405 1985 2450 praedecessorem

1246 2460 1382 2493 admissa
1405 2459 1593 2501 obedientia,
1610 2465 1703 2504 atque
1727 2458 1875 2502 homagio
1892 2463 1923 2491 ct
1941 2457 1986 2491 iu-

1246 2519 1390 2548 ramento
1403 2513 1571 2554 fidelitatis,
1582 2512 1639 2546 sub
1653 2513 1740 2546 certa
1751 2516 1824 2546 tunc
1837 2513 1985 2556 expressa

1246 2567 1359 2608 forma,
1380 2567 1500 2611 pariter
1523 2565 1676 2600 concessit
1699 2571 1730 2599 et
1753 2565 1904 2609 elargitus
1928 2570 1984 2607 est,

1284 2640 1295 2666 l
1314 2638 1384 2666 Edit.
1400 2638 1480 2666 Main.
1496 2637 1562 2674 legit
1576 2637 1747 2673 praestitam
1767 2637 1816 2664 sed
1834 2637 1984 2672 praestita,

1247 2691 1344 2719 nempe
1360 2682 1524 2719 obedientia,
1541 2682 1582 2710 vel
1594 2682 1745 2718 praestitis
1759 2681 1865 2718 legend.
1882 2684 1920 2717 (n.
1934 2682 1984 2718 τ.).
