2293 3231
67 278 81 286 *
94 307 147 334 An.
165 306 195 333 C.
213 305 282 334 16¹2

114 949 226 976 Monetqne
236 949 277 970 sut*-

28 967 30 970 Ι
59 982 62 983 ’
95 977 205 1002 fragancos
234 977 278 1002 cpi-

50 1006 60 1022 ·*.
94 1008 177 1029 scopos.
195 1004 217 1024 ut
236 1004 278 1024 elo-

11 1031 13 1037 ’
44 1031 72 1050 ’τ’
94 1032 128 1051 clo
144 1029 252 1051 obediant.

0 2377 4 2406 ζ
16 2396 17 2399 =
104 2394 110 2401 ·
123 2384 262 2408 Prooemium.

940 307 1059 332 PAULUS
1084 307 1103 332 V
1128 307 1175 332 ΡΡ.

290 352 439 386 ecclesiae
451 352 706 397 Salisburgensis,
717 354 849 388 ecclesia
863 354 928 398 ipsa
943 359 1030 388 certo

290 411 363 439 tunc
388 416 537 450 expresso
568 407 662 440 modo
691 408 824 451 pastoris
846 408 956 442 solatio
980 408 1032 441 de—

290 458 406 500 stituta,
431 459 578 493 canonice
604 460 811 501 celebratam,
837 460 874 493 dc
899 459 1048 494 fratrum*

290 517 471 545 nostrorum
496 513 626 547 consilio
651 513 821 557 apostolica
847 513 1048 557 auctoritate,

290 564 534 609 approbavimus
559 570 589 600 et
612 566 885 607 confirmavimus,
915 566 1048 612 ipsum-,¹

290 629 350 662 que
375 618 419 651 illi
443 618 472 651 in
498 619 770 663 archiepiscopum
803 619 1030 663 praefecimus,

291 669 335 705 et¹
353 672 541 715 pastoralem
566 683 694 713 curam,
719 673 861 716 regimen
885 676 915 706 et
938 672 1032 705 admi-

290 724 507 758 nistrationem
531 725 629 769 ipsius
653 725 803 759 ecclcsiae
819 725 1032 768 Salisburgen-

291 777 333 810 sis
358 777 418 810 sibi
443 777 474 810 in
499 777 713 821 spiritualibus
743 782 772 812 et
804 777 1032 821 temporalibus

291 830 432 874 plenarie
461 831 706 872 committendo,
731 835 823 875 prout
855 831 886 864 in
916 831 1032 864 nostris

293 883 364 917 inde
388 884 536 918 confectis
559 884 679 925 litteris,
703 884 825 928 plenius
845 884 1030 918 continetur.

338 937 353 980 ᾗ
377 937 406 970 ⁶2.
438 937 611 977 Quodcirca
635 937 871 971 universitatem
896 941 1032 971 vestram

292 1001 456 1024 monemus
480 994 509 1024 et
532 991 698 1024 hortamur
722 994 846 1031 attente,
863 990 953 1023 vobis
976 1001 1032 1034 per

291 1043 462 1088 apostolica
486 1043 602 1087 scripta
626 1043 828 1083 mandantes,
858 1047 1031 1087 quatenus,

292 1096 392 1130 eidem
417 1097 520 1130 Marco
544 1096 639 1131 Sitico
669 1096 910 1140 archiepiscopo
934 1097 1050 1147 eleeto,

290 1153 450 1194 tamquam
475 1150 618 1183 membra
635 1150 729 1195 capiti
749 1150 967 1194 obsequentes,
985 1150 1050 1183 exst¹

291 1203 426 1238 hibeatis
460 1203 488 1236 ei
524 1203 733 1238 obedientiam
765 1208 795 1238 et
825 1203 1033 1238 reverentiam

291 1257 413 1290 debitas
437 1262 467 1290 et
491 1257 632 1297 devotas,
657 1258 699 1292 ita
723 1257 807 1301 quod
828 1261 935 1292 mutua
952 1258 1033 1290 inter

291 1322 347 1345 vos
371 1314 401 1345 et
424 1311 530 1355 ipsum
554 1311 655 1354 gratia
671 1315 776 1354 gratos
792 1311 941 1345 sortiatur
962 1311 1033 1344 effe—

292 1369 377 1407 ctus,
401 1377 520 1411 nosque
547 1366 745 1400 devotionern
772 1370 908 1399 vestram
937 1366 1034 1410 possi-

292 1431 364 1454 mus
388 1424 557 1465 propterea
579 1420 612 1453 in
631 1420 764 1455 Domino
782 1420 946 1464 condignis
961 1420 1034 1453 acti-

292 1473 351 1507 bus
375 1474 488 1507 merito
512 1474 743 1507 commendare.

336 1527 447 1560 Datum
472 1527 589 1560 Romae
616 1527 700 1572 apud
730 1533 871 1561 sanctum
895 1528 1033 1561 Marcum

292 1590 373 1613 anno
397 1580 623 1614 Incarnationis
642 1581 823 1614 Dominicae
839 1591 958 1622 iuncxit,
979 1591 1032 1614 xlv

292 1633 439 1668 kalendas
456 1635 533 1676 iulii,
546 1635 745 1679 pontificatus
757 1636 858 1669 nostri
870 1646 952 1669 anno
966 1646 1030 1669 vm.

328 1697 386 1724 Dat.
401 1697 456 1731 die,
472 1705 575 1732 mense,
591 1706 715 1733 annoque
730 1698 841 1727 eisdem.

616 1829 710 1892 cclx.

407 1946 462 1981 Ad
485 1947 663 1981 Matthiam
687 1948 917 1992 imperatorem

447 2001 485 2034 in
501 2001 587 2035 idem
610 2001 873 2045 a⁷·9umentum².

514 2100 625 2127 Paulus
638 2100 809 2134 *Episcopus

477 2160 583 2181 servus
610 2161 764 2181 servorum
783 2154 848 2187 Dei,
1049 2182 1051 2195 l

293 2215 474 2243 charissimo
489 2215 520 2242 in
537 2214 653 2243 christo
672 2215 734 2242 filio
753 2216 899 2244 Matthiae
918 2217 1034 2252 Hunqa-

327 2260 391 2288 riae
410 2259 473 2294 regi
486 2260 518 2286 in
533 2260 729 2287 Romanorum
748 2260 956 2294 imperatorem
977 2263 1033 2289 ele-

329 2307 385 2338 cto,
395 2305 525 2332 salutem
535 2307 566 2332 et
576 2305 772 2338 apostolicam
781 2305 1032 2333 benedictionem.

339 2382 462 2417 Gratiae
486 2383 607 2415 divinae
626 2383 803 2426 praemium
827 2387 857 2417 ct
880 2384 1033 2418 humanae

294 2435 395 2469 laudis
418 2435 621 2480 praeconium
650 2436 839 2480 acquiritur,
865 2437 889 2469 si
913 2447 970 2480 per
991 2447 1035 2470 se-

334 2534 344 2559 1
368 2531 415 2559 vet
430 2531 582 2560 coniunctio
597 2535 624 2560 et
638 2532 784 2568 redundat,
799 2532 840 2560 vel
857 2536 950 2569 postea
963 2541 1034 2561 com-

294 2577 429 2605 misimus
443 2585 493 2612 pro
514 2578 716 2605 committendo
735 2577 788 2613 legi
811 2577 906 2611 debet3
924 2578 965 2605 vel
985 2587 1033 2614 po-

295 2621 347 2648 tius
365 2620 508 2657 legendum
523 2623 555 2648 in
576 2622 823 2657 archiepiscopum
839 2623 1031 2657 praefecimus

295 2668 322 2695 et
333 2668 489 2701 pastorem,
504 2674 616 2702 curam,
633 2670 685 2694 etc.
705 2667 742 2702 (a.
761 2667 810 2702 τ.).

331 2709 349 2738 2
365 2709 405 2737 Ex
423 2714 522 2748 regest.
544 2711 665 2740 Cancell.
685 2711 776 2748 Apost.

1710 300 1769 333 175

1063 355 1184 388 culares
1216 355 1375 400 principes
1403 356 1607 389 ecclesiarum
1634 356 1802 399 praelatis,

1064 409 1246 451 praesertim
1272 408 1440 452 pontificali
1466 408 1615 451 dignitate
1637 409 1802 453 praeditis,

1064 461 1230 504 opportuni
1252 461 1364 494 favoris
1381 462 1573 505 praesidium
1590 466 1619 496 et
1637 462 1738 495 honor
1755 462 1803 493 (lv-

1065 513 1146 546 bitus
1171 513 1376 556 imlwndatm‘.

1109 568 1123 608 ξ
1145 566 1168 597 l.
1189 566 1286 598 llodic
1303 567 1457 610 siquidum
1474 569 1658 601 electionem
1676 568 1713 601 de
1732 579 1803 612 per·
1846 582 1905 604 raet·
1921 582 1990 603 auios.

1066 620 1142 651 sona
1163 619 1266 652 dilecti
1292 620 1346 651 lilii
1372 621 1464 653 Marri
1490 621 1575 654 Sitici
1600 622 1689 654 electi
1716 622 1807 655 Salis-

1065 671 1231 713 burgtmsis
1245 671 1274 703 in
1295 666 1566 717 ar‹.·liie11›is‹}opum
1588 674 1806 717 Salisburgon-

1066 734 1131 756 sem
1148 734 1204 767 per
1221 724 1351 757 dilectos
1368 725 1448 758 tilios
1464 727 1635 770 capitulum
1657 728 1807 760 ccclesiae

1066 776 1327 819 Salisburgensis,
1353 778 1484 810 ccclesia
1517 779 1585 822 ipsa
1618 784 1703 813 certo
1733 783 1807 813 tunc

1066 840 1214 873 expresso
1239 830 1333 863 modo
1357 831 1492 874 pastoris
1517 832 1626 866 solatio
1651 833 1805 873 destituta,

1067 883 1215 916 canonice
1240 884 1444 923 celebratam,
1469 885 1506 918 dc
1531 886 1664 919 fratrum
1688 891 1807 921 nostro-

1067 946 1137 968 rum
1163 936 1292 969 consilio
1311 938 1482 981 apostolica
1499 939 1681 972 auctoritate
1697 950 1808 984 appro-

1066 989 1209 1023 bavimus
1233 994 1263 1024 et
1287 991 1557 1032 continuavimus,
1579 992 1745 1036 ipsumque
1764 994 1807 1026 illi

1067 1044 1098 1076 in
1123 1044 1396 1089 archiepiscopum
1414 1046 1632 1089 praefecimus,
1649 1046 1695 1079 et¹
1709 1051 1809 1091 pasto·

1068 1097 1165 1130 ralem
1190 1108 1320 1138 curam,
1350 1099 1492 1142 regimen
1517 1103 1545 1133 et
1570 1100 1810 1135 administratio-

1067 1161 1139 1184 nem
1156 1151 1254 1195 ipsius
1271 1152 1420 1185 ecclesiae
1438 1153 1684 1197 Salisburgensis
1702 1154 1761 1188 sibi
1779 1155 1808 1188 in

1067 1204 1283 1249 spiritualibus
1296 1210 1324 1240 et
1338 1208 1563 1251 temporalibus
1576 1209 1713 1253 plenarie
1728 1219 1810 1242 com-

1067 1258 1228 1299 mittendo,
1253 1263 1346 1303 prout
1371 1260 1401 1292 in
1426 1261 1541 1294 nostris
1565 1261 1636 1294 inde
1661 1262 1810 1295 confectis

1067 1310 1178 1344 litteris
1202 1312 1324 1356 plenius
1348 1314 1533 1348 continetur.

1112 1365 1126 1408 ξ
1147 1365 1175 1398 ⁹2.
1193 1366 1269 1399 Cum
1290 1367 1404 1410 itaque,
1422 1368 1466 1400 fili
1484 1368 1678 1409 charissime,
1696 1369 1734 1402 sit
1751 1369 1809 1402 vir-
1883 1380 2007 1414 sosoriano

1067 1418 1141 1451 tutis
1165 1429 1244 1463 opus
1268 1420 1322 1453 Dei
1348 1421 1508 1454 ministros
1537 1422 1675 1466 benigno
1704 1424 1808 1457 favore
1824 1407 2007 1467 {lli-{¹³2‘l'clil‘2fil?

1066 1473 1231 1516 prosequi,
1257 1484 1291 1506 ac
1317 1484 1371 1507 eos
1396 1474 1498 1507 verbis
1523 1481 1551 1507 et
1577 1476 1726 1519 operibus
1750 1487 1808 1520 pro
1824 1467 1890 1510 iffi?
1909 1463 2008 1488 pfflfflm'

1067 1526 1150 1569 rcgis
1174 1527 1292 1559 aeterni
1318 1528 1418 1570 gloria
1442 1529 1595 1569 venerari,
1616 1529 1808 1564 maiestatem

1067 1582 1150 1612 tuam
1164 1580 1283 1623 regiam
1302 1591 1450 1624 rogamus
1464 1587 1492 1614 et
1506 1582 1669 1615 hortamus
1682 1588 1808 1623 attente,

1066 1637 1235 1676 quatenus,
1261 1635 1407 1667 eumdem
1432 1636 1571 1669 Marcum
1596 1637 1727 1670 Siticum
1751 1637 1810 1670 ele-

1066 1691 1151 1721 ctum
1177 1692 1206 1721 et
1230 1690 1401 1732 praefatam
1426 1690 1590 1723 ecclesiam
1615 1701 1689 1723 suae
1716 1702 1809 1724 curae

1067 1741 1267 1774 commissam
1299 1743 1417 1775 habens
1445 1754 1503 1787 pro
1534 1746 1641 1776 nostra
1668 1749 1695 1777 et
1720 1744 1809 1778 Sedis

1066 1795 1262 1838 Apostolicae
1298 1796 1473 1829 reverentia
1505 1797 1692 1841 propensius
1723 1809 1810 1832 com-

1066 1849 1239 1889 mendatos,
1263 1850 1295 1882 in
1319 1850 1506 1894 ampliandis
1531 1857 1558 1884 et
1585 1852 1808 1885 conservandis

1066 1902 1187 1935 iuribus
1211 1903 1275 1936 suis
1310 1904 1353 1936 sic
1385 1914 1438 1937 eos
1464 1904 1507 1937 tui
1538 1905 1665 1948 benigni
1694 1905 1808 1939 favoris

1066 1956 1182 1989 auxilio
1207 1958 1420 2001 prosequaris,
1438 1958 1523 2001 quod
1542 1958 1608 2002 ipsc
1626 1959 1748 1992 Marcus
1764 1959 1807 1993 Si-

1067 2009 1146 2043 ticus
1170 2010 1296 2050 electus,
1314 2013 1384 2043 tuae
1401 2011 1593 2045 celsitudinis
1611 2011 1706 2045 fultus
1721 2023 1809 2056 prae-

1067 2062 1155 2103 sidio,
1182 2063 1213 2095 in
1241 2064 1410 2097 commisso
1435 2064 1493 2096 sibi
1519 2076 1612 2098 curae
1642 2066 1808 2109 pastoralis

1066 2117 1170 2150 officio
1193 2117 1302 2160 possit,
1319 2118 1382 2151 Deo
1399 2118 1546 2162 propitio,
1564 2120 1754 2163 prosperari,
1773 2130 1808 2153 ac

1067 2170 1121 2205 tibi
1146 2171 1257 2204 exinde
1274 2182 1291 2203 a
1307 2171 1441 2205 Domino
1458 2173 1604 2216 perennis
1621 2173 1699 2206 vitae
1716 2184 1808 2216 prae—

1067 2224 1175 2265 mium,
1193 2230 1221 2257 et
1238 2236 1254 2257 a
1271 2225 1362 2258 nobis
1379 2225 1533 2268 condigna
1550 2226 1711 2269 proveniat
1728 2226 1808 2259 actio

1067 2277 1249 2320 gratiarum.

1110 2330 1221 2364 Datum
1251 2331 1366 2364 Romae
1398 2332 1480 2375 apud
1505 2332 1533 2365 S.
1560 2332 1698 2365 Marcum
1727 2342 1808 2365 anno

1067 2383 1290 2418 Incarnationis
1322 2385 1500 2417 Dominicae
1525 2395 1651 2424 uncxn,
1676 2395 1730 2418 x1v
1756 2386 1809 2418 ka-

1066 2436 1174 2469 lendas
1198 2437 1282 2478 iulii,
1300 2437 1498 2481 pontificatus
1520 2438 1618 2471 nostri
1643 2448 1724 2472 anno
1740 2448 1804 2472 V111.

1816 311 1863 335 Au-
1882 309 1909 336 C.
1935 308 2001 336 th‘Z

1102 2499 1160 2526 Dat.
1177 2500 1231 2535 die,
1247 2509 1371 2536 annoque
1386 2501 1499 2528 eisdem.

1100 2607 1114 2634 1
1136 2606 1203 2634 Vide
1222 2610 1301 2634 antea
1321 2610 1376 2634 not.
1394 2615 1484 2642 praec.
