<?xml version="1.0" encoding="UTF-8"?>
<!DOCTYPE html PUBLIC "-//W3C//DTD XHTML 1.0 Transitional//EN"
    "http://www.w3.org/TR/xhtml1/DTD/xhtml1-transitional.dtd">
<html xmlns="http://www.w3.org/1999/xhtml" xml:lang="en" lang="en">
 <head>
  <title>
</title>
<meta http-equiv="Content-Type" content="text/html;charset=utf-8" />
  <meta name='ocr-system' content='tesseract 3.04.00' />
  <meta name='ocr-capabilities' content='ocr_page ocr_carea ocr_par ocr_line ocrx_word'/>
</head>
<body>
  <div class='ocr_page' id='page_1' title='image "./bullarumdiplomat12cath_0624.png"; bbox 0 0 2293 3231; ppageno 0'>
   <div class='ocr_carea' id='block_1_1' title="bbox 283 258 2011 2286">
    <p class='ocr_par' dir='ltr' id='par_1_1' title="bbox 283 258 2011 2286">
     <span class='ocr_line' id='line_1_1' title="bbox 283 258 1400 297; baseline -0.009 1"><span class='ocrx_word' id='word_1_1' title='bbox 283 271 328 297; x_wconf 60' lang='lat' dir='ltr'>tn.</span> <span class='ocrx_word' id='word_1_2' title='bbox 345 269 374 296; x_wconf 81' lang='lat' dir='ltr'>c.</span> <span class='ocrx_word' id='word_1_3' title='bbox 399 269 460 297; x_wconf 69' lang='lat'><strong>¹62¹</strong></span> <span class='ocrx_word' id='word_1_4' title='bbox 511 258 576 294; x_wconf 68' lang='lat'>586</span> <span class='ocrx_word' id='word_1_5' title='bbox 1044 265 1220 289; x_wconf 50' lang='lat' dir='ltr'>artemium</span> <span class='ocrx_word' id='word_1_6' title='bbox 1247 265 1400 288; x_wconf 61' lang='lat' dir='ltr'>nonnum</span> 
     </span>
     <span class='ocr_line' id='line_1_2' title="bbox 481 312 1999 358; baseline -0.003 -7"><span class='ocrx_word' id='word_1_7' title='bbox 481 319 538 351; x_wconf 83' lang='lat' dir='ltr'>bus</span> <span class='ocrx_word' id='word_1_8' title='bbox 555 317 699 354; x_wconf 49' lang='lat' dir='ltr'>diensi-t</span> <span class='ocrx_word' id='word_1_9' title='bbox 715 316 783 347; x_wconf 80' lang='lat' dir='ltr'>aliis</span> <span class='ocrx_word' id='word_1_10' title='bbox 799 313 980 358; x_wconf 87' lang='lat' dir='ltr'>apostolicis</span> <span class='ocrx_word' id='word_1_11' title='bbox 997 312 1352 346; x_wconf 81' lang='lat' dir='ltr'>constitutioni-&#39;etiam</span> <span class='ocrx_word' id='word_1_12' title='bbox 1385 313 1637 355; x_wconf 76' lang='lat' dir='ltr'>praedecessoris</span> <span class='ocrx_word' id='word_1_13' title='bbox 1664 314 1782 354; x_wconf 77' lang='lat' dir='ltr'>nostri,</span> <span class='ocrx_word' id='word_1_14' title='bbox 1807 314 1838 346; x_wconf 89' lang='lat' dir='ltr'>iu</span> <span class='ocrx_word' id='word_1_15' title='bbox 1862 313 1999 347; x_wconf 91' lang='lat' dir='ltr'>concilio</span> 
     </span>
     <span class='ocr_line' id='line_1_3' title="bbox 481 343 2002 411; baseline -0.003 -7"><span class='ocrx_word' id='word_1_16' title='bbox 481 371 540 404; x_wconf 81' lang='lat' dir='ltr'>bus</span> <span class='ocrx_word' id='word_1_17' title='bbox 553 376 583 403; x_wconf 92' lang='lat' dir='ltr'>et</span> <span class='ocrx_word' id='word_1_18' title='bbox 595 368 856 406; x_wconf 84' lang='lat' dir='ltr'>ordinationibus,</span> <span class='ocrx_word' id='word_1_19' title='bbox 869 376 990 400; x_wconf 84' lang='lat' dir='ltr'>necnon</span> <span class='ocrx_word' id='word_1_20' title='bbox 1009 366 1224 406; x_wconf 80' lang='lat' dir='ltr'>ecclesiarum,</span> <span class='ocrx_word' id='word_1_21' title='bbox 1241 343 1243 382; x_wconf 57' lang='grc' dir='ltr'>Ι</span> <span class='ocrx_word' id='word_1_22' title='bbox 1260 366 1402 398; x_wconf 80' lang='lat' dir='ltr'>Vienensi</span> <span class='ocrx_word' id='word_1_23' title='bbox 1425 365 1539 398; x_wconf 90' lang='lat' dir='ltr'>editam</span> <span class='ocrx_word' id='word_1_24' title='bbox 1561 365 1816 400; x_wconf 86' lang='lat' dir='ltr'>constitutionem</span> <span class='ocrx_word' id='word_1_25' title='bbox 1837 369 1887 411; x_wconf 81' lang='lat' dir='ltr'>(ac</span> <span class='ocrx_word' id='word_1_26' title='bbox 1912 377 2002 411; x_wconf 86' lang='lat' dir='ltr'>prac-</span> 
     </span>
     <span class='ocr_line' id='line_1_4' title="bbox 483 396 2000 463; baseline -0.003 -6"><span class='ocrx_word' id='word_1_27' title='bbox 483 420 1224 463; x_wconf 81' lang='lat' dir='ltr'>monasteriorum,ordinum,congregationum,</span> <span class='ocrx_word' id='word_1_28' title='bbox 1241 396 1244 440; x_wconf 53' lang='lat' dir='ltr'>i</span> <span class='ocrx_word' id='word_1_29' title='bbox 1259 419 1367 451; x_wconf 87' lang='lat' dir='ltr'>sertim</span> <span class='ocrx_word' id='word_1_30' title='bbox 1386 418 1471 462; x_wconf 89' lang='lat' dir='ltr'>quod</span> <span class='ocrx_word' id='word_1_31' title='bbox 1487 418 1526 451; x_wconf 86' lang='lat' dir='ltr'>ad</span> <span class='ocrx_word' id='word_1_32' title='bbox 1544 424 1702 451; x_wconf 81' lang='lat' dir='ltr'>monetam</span> <span class='ocrx_word' id='word_1_33' title='bbox 1715 425 1893 453; x_wconf 88' lang='lat' dir='ltr'>currentem</span> <span class='ocrx_word' id='word_1_34' title='bbox 1906 420 2000 463; x_wconf 81' lang='lat' dir='ltr'>exigi,</span> 
     </span>
     <span class='ocr_line' id='line_1_5' title="bbox 483 455 2000 530; baseline -0.002 -21"><span class='ocrx_word' id='word_1_35' title='bbox 483 476 685 520; x_wconf 78' lang='lat' dir='ltr'>hospitalium</span> <span class='ocrx_word' id='word_1_36' title='bbox 706 481 735 507; x_wconf 92' lang='lat' dir='ltr'>et</span> <span class='ocrx_word' id='word_1_37' title='bbox 757 475 899 508; x_wconf 89' lang='lat' dir='ltr'>locorum</span> <span class='ocrx_word' id='word_1_38' title='bbox 925 473 1159 517; x_wconf 84' lang='lat' dir='ltr'>praedictorum</span> <span class='ocrx_word' id='word_1_39' title='bbox 1179 475 1224 516; x_wconf 91' lang='lat' dir='ltr'>(e—</span> <span class='ocrx_word' id='word_1_40' title='bbox 1241 455 1244 530; x_wconf 54' lang='grc' dir='ltr'><strong>μ</strong></span> <span class='ocrx_word' id='word_1_41' title='bbox 1259 472 1406 516; x_wconf 84' lang='lat' dir='ltr'>quodque</span> <span class='ocrx_word' id='word_1_42' title='bbox 1426 482 1483 505; x_wconf 86' lang='lat' dir='ltr'>nec</span> <span class='ocrx_word' id='word_1_43' title='bbox 1508 471 1632 512; x_wconf 87' lang='lat' dir='ltr'>calices,</span> <span class='ocrx_word' id='word_1_44' title='bbox 1652 481 1710 505; x_wconf 91' lang='lat' dir='ltr'>nec</span> <span class='ocrx_word' id='word_1_45' title='bbox 1730 471 1813 513; x_wconf 89' lang='lat' dir='ltr'>libri,</span> <span class='ocrx_word' id='word_1_46' title='bbox 1833 477 2000 516; x_wconf 83' lang='lat' dir='ltr'>ceteraque</span> 
     </span>
     <span class='ocr_line' id='line_1_6' title="bbox 483 524 1990 570; baseline -0.003 -7"><span class='ocrx_word' id='word_1_47' title='bbox 483 531 556 563; x_wconf 88' lang='lat' dir='ltr'>tiam</span> <span class='ocrx_word' id='word_1_48' title='bbox 576 529 763 567; x_wconf 67' lang='lat' dir='ltr'>iuramento,</span> <span class='ocrx_word' id='word_1_49' title='bbox 781 527 1021 561; x_wconf 76' lang='lat' dir='ltr'>confirmatione</span> <span class='ocrx_word' id='word_1_50' title='bbox 1042 527 1225 570; x_wconf 72' lang='lat' dir='ltr'>apostolica,</span> <span class='ocrx_word' id='word_1_51' title='bbox 1242 534 1244 549; x_wconf 67' lang='lat'>³</span> <span class='ocrx_word' id='word_1_52' title='bbox 1259 525 1464 558; x_wconf 87' lang='lat' dir='ltr'>eeclesiarum</span> <span class='ocrx_word' id='word_1_53' title='bbox 1482 530 1666 558; x_wconf 87' lang='lat' dir='ltr'>ornamenta</span> <span class='ocrx_word' id='word_1_54' title='bbox 1685 524 1792 559; x_wconf 91' lang='lat' dir='ltr'>divino</span> <span class='ocrx_word' id='word_1_55' title='bbox 1807 525 1904 558; x_wconf 90' lang='lat' dir='ltr'>cultui</span> <span class='ocrx_word' id='word_1_56' title='bbox 1921 525 1990 559; x_wconf 85' lang='lat' dir='ltr'>dica</span> 
     </span>
     <span class='ocr_line' id='line_1_7' title="bbox 484 579 2001 626; baseline -0.003 -11"><span class='ocrx_word' id='word_1_57' title='bbox 484 583 530 615; x_wconf 83' lang='lat' dir='ltr'>vel</span> <span class='ocrx_word' id='word_1_58' title='bbox 546 581 656 626; x_wconf 80' lang='lat' dir='ltr'>quavis</span> <span class='ocrx_word' id='word_1_59' title='bbox 674 581 822 614; x_wconf 75' lang='lat' dir='ltr'>firmitate</span> <span class='ocrx_word' id='word_1_60' title='bbox 835 581 895 613; x_wconf 79' lang='lat' dir='ltr'>alia</span> <span class='ocrx_word' id='word_1_61' title='bbox 913 580 1089 623; x_wconf 83' lang='lat' dir='ltr'>roboratis)</span> <span class='ocrx_word' id='word_1_62' title='bbox 1103 580 1226 613; x_wconf 78' lang='lat' dir='ltr'>statutis</span> <span class='ocrx_word' id='word_1_63' title='bbox 1260 585 1300 618; x_wconf 84' lang='lat' dir='ltr'>ta,</span> <span class='ocrx_word' id='word_1_64' title='bbox 1318 579 1441 623; x_wconf 81' lang='lat' dir='ltr'>aliaque</span> <span class='ocrx_word' id='word_1_65' title='bbox 1462 580 1603 623; x_wconf 77' lang='lat' dir='ltr'><strong>supellex</strong></span> <span class='ocrx_word' id='word_1_66' title='bbox 1619 579 1841 620; x_wconf 85' lang='lat' dir='ltr'>ecclesiastica,</span> <span class='ocrx_word' id='word_1_67' title='bbox 1855 589 1892 612; x_wconf 88' lang='lat' dir='ltr'>ex</span> <span class='ocrx_word' id='word_1_68' title='bbox 1909 581 2001 612; x_wconf 72' lang='lat' dir='ltr'>causa</span> 
     </span>
     <span class='ocr_line' id='line_1_8' title="bbox 483 632 2003 677; baseline -0.001 -10"><span class='ocrx_word' id='word_1_69' title='bbox 483 639 513 669; x_wconf 88' lang='lat' dir='ltr'>et</span> <span class='ocrx_word' id='word_1_70' title='bbox 533 633 829 673; x_wconf 74' lang='lat' dir='ltr'>consuetudinibus,</span> <span class='ocrx_word' id='word_1_71' title='bbox 854 633 1089 673; x_wconf 82' lang='lat' dir='ltr'>stabilimentis‚</span> <span class='ocrx_word' id='word_1_72' title='bbox 1115 633 1226 665; x_wconf 76' lang='lat' dir='ltr'>usibus</span> <span class='ocrx_word' id='word_1_73' title='bbox 1243 632 1245 665; x_wconf 78' lang='lat' dir='ltr'>i</span> <span class='ocrx_word' id='word_1_74' title='bbox 1261 633 1403 677; x_wconf 72' lang='lat' dir='ltr'>pignoris</span> <span class='ocrx_word' id='word_1_75' title='bbox 1418 633 1498 677; x_wconf 84' lang='lat' dir='ltr'>capi,</span> <span class='ocrx_word' id='word_1_76' title='bbox 1516 633 1613 677; x_wconf 91' lang='lat' dir='ltr'>recipi</span> <span class='ocrx_word' id='word_1_77' title='bbox 1631 633 1678 666; x_wconf 76' lang='lat' dir='ltr'>vel</span> <span class='ocrx_word' id='word_1_78' title='bbox 1695 632 1839 673; x_wconf 82' lang='lat' dir='ltr'>distrahi,</span> <span class='ocrx_word' id='word_1_79' title='bbox 1859 638 1912 666; x_wconf 88' lang='lat' dir='ltr'>aut</span> <span class='ocrx_word' id='word_1_80' title='bbox 1927 633 2003 666; x_wconf 75' lang='lat' dir='ltr'>alias</span> 
     </span>
     <span class='ocr_line' id='line_1_9' title="bbox 484 672 2003 731; baseline -0.001 -9"><span class='ocrx_word' id='word_1_81' title='bbox 484 692 513 722; x_wconf 86' lang='lat' dir='ltr'>et</span> <span class='ocrx_word' id='word_1_82' title='bbox 536 687 675 727; x_wconf 86' lang='lat' dir='ltr'>naturis,</span> <span class='ocrx_word' id='word_1_83' title='bbox 699 687 848 731; x_wconf 88' lang='lat' dir='ltr'>quodque</span> <span class='ocrx_word' id='word_1_84' title='bbox 874 686 1018 731; x_wconf 88' lang='lat' dir='ltr'>personis</span> <span class='ocrx_word' id='word_1_85' title='bbox 1041 686 1226 730; x_wconf 55' lang='lat' dir='ltr'>praedit-tu,</span> <span class='ocrx_word' id='word_1_86' title='bbox 1243 672 1245 712; x_wconf 80' lang='grc' dir='ltr'>Ι</span> <span class='ocrx_word' id='word_1_87' title='bbox 1261 687 1499 730; x_wconf 72' lang='lat' dir='ltr'>quomodolibet</span> <span class='ocrx_word' id='word_1_88' title='bbox 1523 686 1671 730; x_wconf 90' lang='lat' dir='ltr'>occupari</span> <span class='ocrx_word' id='word_1_89' title='bbox 1696 686 1862 730; x_wconf 85' lang='lat' dir='ltr'>debeant),</span> <span class='ocrx_word' id='word_1_90' title='bbox 1887 685 2003 731; x_wconf 84' lang='lat' dir='ltr'>ubique</span> 
     </span>
     <span class='ocr_line' id='line_1_10' title="bbox 484 729 2003 784; baseline -0.001 -10"><span class='ocrx_word' id='word_1_91' title='bbox 484 751 658 784; x_wconf 90' lang='lat' dir='ltr'>corumque</span> <span class='ocrx_word' id='word_1_92' title='bbox 678 740 819 774; x_wconf 85' lang='lat' dir='ltr'>ecclesiis</span> <span class='ocrx_word' id='word_1_93' title='bbox 837 745 867 773; x_wconf 89' lang='lat' dir='ltr'>et</span> <span class='ocrx_word' id='word_1_94' title='bbox 888 740 976 779; x_wconf 88' lang='lat' dir='ltr'>locis,</span> <span class='ocrx_word' id='word_1_95' title='bbox 996 740 1044 772; x_wconf 80' lang='lat' dir='ltr'>vel</span> <span class='ocrx_word' id='word_1_96' title='bbox 1064 739 1228 782; x_wconf 62' lang='lat' dir='ltr'>quibusvis</span> <span class='ocrx_word' id='word_1_97' title='bbox 1243 729 1246 780; x_wconf 61' lang='lat' dir='ltr'>l,</span> <span class='ocrx_word' id='word_1_98' title='bbox 1261 740 1475 784; x_wconf 84' lang='lat' dir='ltr'>praecipimus</span> <span class='ocrx_word' id='word_1_99' title='bbox 1497 740 1669 773; x_wconf 81' lang='lat' dir='ltr'>observari.</span> <span class='ocrx_word' id='word_1_100' title='bbox 1689 740 1835 779; x_wconf 89' lang='lat' dir='ltr'>Quinimo</span> <span class='ocrx_word' id='word_1_101' title='bbox 1859 740 2003 774; x_wconf 82' lang='lat' dir='ltr'>volumus</span> 
     </span>
     <span class='ocr_line' id='line_1_11' title="bbox 484 781 2003 838; baseline -0.001 -10"><span class='ocrx_word' id='word_1_102' title='bbox 484 795 553 828; x_wconf 87' lang='lat' dir='ltr'>aliis</span> <span class='ocrx_word' id='word_1_103' title='bbox 577 795 788 828; x_wconf 88' lang='lat' dir='ltr'>communiter</span> <span class='ocrx_word' id='word_1_104' title='bbox 807 805 825 826; x_wconf 91' lang='lat' dir='ltr'>a</span> <span class='ocrx_word' id='word_1_105' title='bbox 844 794 1004 838; x_wconf 80' lang='lat' dir='ltr'>praedicta</span> <span class='ocrx_word' id='word_1_106' title='bbox 1025 794 1063 826; x_wconf 86' lang='lat' dir='ltr'>sit</span> <span class='ocrx_word' id='word_1_107' title='bbox 1081 793 1160 827; x_wconf 85' lang='lat' dir='ltr'>Sede</span> <span class='ocrx_word' id='word_1_108' title='bbox 1181 793 1228 826; x_wconf 93' lang='lat' dir='ltr'>in-</span> <span class='ocrx_word' id='word_1_109' title='bbox 1243 781 1246 834; x_wconf 63' lang='grc' dir='ltr'>ξ</span> <span class='ocrx_word' id='word_1_110' title='bbox 1262 799 1305 833; x_wconf 82' lang='lat' dir='ltr'>ut,</span> <span class='ocrx_word' id='word_1_111' title='bbox 1323 793 1407 827; x_wconf 70' lang='lat' dir='ltr'>illius</span> <span class='ocrx_word' id='word_1_112' title='bbox 1424 794 1600 833; x_wconf 79' lang='lat' dir='ltr'>occasione,</span> <span class='ocrx_word' id='word_1_113' title='bbox 1618 793 1779 834; x_wconf 80' lang='lat' dir='ltr'>ecelesiae,</span> <span class='ocrx_word' id='word_1_114' title='bbox 1803 793 2003 834; x_wconf 87' lang='lat' dir='ltr'>monasteria,</span> 
     </span>
     <span class='ocr_line' id='line_1_12' title="bbox 484 842 2003 897; baseline -0.001 -14"><span class='ocrx_word' id='word_1_115' title='bbox 484 849 617 889; x_wconf 82' lang='lat' dir='ltr'>tlultum,</span> <span class='ocrx_word' id='word_1_116' title='bbox 635 849 718 893; x_wconf 90' lang='lat' dir='ltr'>quod</span> <span class='ocrx_word' id='word_1_117' title='bbox 744 848 898 888; x_wconf 67' lang='lat' dir='ltr'>interdici,</span> <span class='ocrx_word' id='word_1_118' title='bbox 923 847 1082 892; x_wconf 67' lang='lat' dir='ltr'>suspendi,</span> <span class='ocrx_word' id='word_1_119' title='bbox 1109 848 1155 880; x_wconf 80' lang='lat' dir='ltr'>vel</span> <span class='ocrx_word' id='word_1_120' title='bbox 1180 857 1229 880; x_wconf 79' lang='lat' dir='ltr'>ex·</span> <span class='ocrx_word' id='word_1_121' title='bbox 1244 842 1247 897; x_wconf 52' lang='grc' dir='ltr'><strong>ζ</strong></span> <span class='ocrx_word' id='word_1_122' title='bbox 1262 847 1385 892; x_wconf 84' lang='lat' dir='ltr'>aliaque</span> <span class='ocrx_word' id='word_1_123' title='bbox 1403 848 1453 892; x_wconf 90' lang='lat' dir='ltr'>pia</span> <span class='ocrx_word' id='word_1_124' title='bbox 1472 853 1502 880; x_wconf 91' lang='lat' dir='ltr'>ct</span> <span class='ocrx_word' id='word_1_125' title='bbox 1519 857 1607 880; x_wconf 88' lang='lat' dir='ltr'>sacra</span> <span class='ocrx_word' id='word_1_126' title='bbox 1627 847 1695 881; x_wconf 89' lang='lat' dir='ltr'>loca</span> <span class='ocrx_word' id='word_1_127' title='bbox 1713 857 1931 891; x_wconf 87' lang='lat' dir='ltr'>quaecumque</span> <span class='ocrx_word' id='word_1_128' title='bbox 1949 846 2003 881; x_wconf 87' lang='lat' dir='ltr'>de·</span> 
     </span>
     <span class='ocr_line' id='line_1_13' title="bbox 485 900 2004 947; baseline -0.002 -10"><span class='ocrx_word' id='word_1_129' title='bbox 485 903 712 937; x_wconf 86' lang='lat' dir='ltr'>communicari</span> <span class='ocrx_word' id='word_1_130' title='bbox 731 913 793 935; x_wconf 92' lang='lat' dir='ltr'>non</span> <span class='ocrx_word' id='word_1_131' title='bbox 810 902 929 947; x_wconf 68' lang='lat' dir='ltr'>possint</span> <span class='ocrx_word' id='word_1_132' title='bbox 945 913 1002 946; x_wconf 89' lang='lat' dir='ltr'>per</span> <span class='ocrx_word' id='word_1_133' title='bbox 1019 902 1138 936; x_wconf 79' lang='lat' dir='ltr'>litteras</span> <span class='ocrx_word' id='word_1_134' title='bbox 1157 911 1228 945; x_wconf 86' lang='lat' dir='ltr'>apo·</span> <span class='ocrx_word' id='word_1_135' title='bbox 1245 903 1247 943; x_wconf 70' lang='grc' dir='ltr'>ξ</span> <span class='ocrx_word' id='word_1_136' title='bbox 1262 901 1334 934; x_wconf 77' lang='lat' dir='ltr'>bitis</span> <span class='ocrx_word' id='word_1_137' title='bbox 1359 907 1526 945; x_wconf 81' lang='lat' dir='ltr'>propterea</span> <span class='ocrx_word' id='word_1_138' title='bbox 1544 911 1605 934; x_wconf 91' lang='lat' dir='ltr'>non</span> <span class='ocrx_word' id='word_1_139' title='bbox 1627 900 1811 934; x_wconf 75' lang='lat' dir='ltr'>fraudentur</span> <span class='ocrx_word' id='word_1_140' title='bbox 1833 900 2004 945; x_wconf 78' lang='lat' dir='ltr'>obsequiis,</span> 
     </span>
     <span class='ocr_line' id='line_1_14' title="bbox 486 944 2004 1000; baseline -0.001 -10"><span class='ocrx_word' id='word_1_141' title='bbox 486 957 612 991; x_wconf 83' lang='lat' dir='ltr'>stolicas</span> <span class='ocrx_word' id='word_1_142' title='bbox 623 967 686 990; x_wconf 90' lang='lat' dir='ltr'>non</span> <span class='ocrx_word' id='word_1_143' title='bbox 701 957 848 990; x_wconf 75' lang='lat' dir='ltr'>facientes</span> <span class='ocrx_word' id='word_1_144' title='bbox 865 956 988 1000; x_wconf 87' lang='lat' dir='ltr'>plenam</span> <span class='ocrx_word' id='word_1_145' title='bbox 1003 961 1034 988; x_wconf 81' lang='lat' dir='ltr'>et</span> <span class='ocrx_word' id='word_1_146' title='bbox 1047 966 1226 999; x_wconf 73' lang='lat' dir='ltr'>expressam</span> <span class='ocrx_word' id='word_1_147' title='bbox 1245 944 1247 971; x_wconf 61' lang='lat'>*¹</span> <span class='ocrx_word' id='word_1_148' title='bbox 1263 965 1298 987; x_wconf 84' lang='lat' dir='ltr'>ac</span> <span class='ocrx_word' id='word_1_149' title='bbox 1315 954 1439 988; x_wconf 77' lang='lat' dir='ltr'>divinus</span> <span class='ocrx_word' id='word_1_150' title='bbox 1454 955 1484 988; x_wconf 86' lang='lat' dir='ltr'>in</span> <span class='ocrx_word' id='word_1_151' title='bbox 1504 955 1541 987; x_wconf 78' lang='lat' dir='ltr'>iis</span> <span class='ocrx_word' id='word_1_152' title='bbox 1557 955 1660 988; x_wconf 80' lang='lat' dir='ltr'>cultus</span> <span class='ocrx_word' id='word_1_153' title='bbox 1675 960 1706 988; x_wconf 90' lang='lat' dir='ltr'>et</span> <span class='ocrx_word' id='word_1_154' title='bbox 1723 954 1832 989; x_wconf 87' lang='lat' dir='ltr'>solitus</span> <span class='ocrx_word' id='word_1_155' title='bbox 1844 955 2004 988; x_wconf 82' lang='lat' dir='ltr'>Altissimo</span> 
     </span>
     <span class='ocr_line' id='line_1_15' title="bbox 485 1007 2007 1045; baseline -0.003 0"><span class='ocrx_word' id='word_1_156' title='bbox 485 1022 522 1045; x_wconf 88' lang='lat' dir='ltr'>ac</span> <span class='ocrx_word' id='word_1_157' title='bbox 538 1011 577 1045; x_wconf 88' lang='lat' dir='ltr'>de</span> <span class='ocrx_word' id='word_1_158' title='bbox 597 1011 694 1044; x_wconf 87' lang='lat' dir='ltr'>verho</span> <span class='ocrx_word' id='word_1_159' title='bbox 714 1010 752 1043; x_wconf 86' lang='lat' dir='ltr'>ad</span> <span class='ocrx_word' id='word_1_160' title='bbox 771 1010 901 1043; x_wconf 81' lang='lat' dir='ltr'>verbum</span> <span class='ocrx_word' id='word_1_161' title='bbox 922 1009 960 1042; x_wconf 82' lang='lat' dir='ltr'>de</span> <span class='ocrx_word' id='word_1_162' title='bbox 982 1009 1104 1043; x_wconf 62' lang='lat' dir='ltr'>indulto</span> <span class='ocrx_word' id='word_1_163' title='bbox 1125 1009 1230 1042; x_wconf 82' lang='lat' dir='ltr'>liuius·</span> <span class='ocrx_word' id='word_1_164' title='bbox 1263 1009 1480 1042; x_wconf 70' lang='lat' dir='ltr'>famulantium</span> <span class='ocrx_word' id='word_1_165' title='bbox 1494 1014 1523 1041; x_wconf 86' lang='lat' dir='ltr'>et</span> <span class='ocrx_word' id='word_1_166' title='bbox 1541 1008 1759 1042; x_wconf 80' lang='lat' dir='ltr'>ministrorum</span> <span class='ocrx_word' id='word_1_167' title='bbox 1774 1018 1926 1042; x_wconf 87' lang='lat' dir='ltr'>numerus</span> <span class='ocrx_word' id='word_1_168' title='bbox 1939 1007 2007 1041; x_wconf 87' lang='lat' dir='ltr'>nul·</span> 
     </span>
     <span class='ocr_line' id='line_1_16' title="bbox 486 1036 2006 1107; baseline -0.002 -8"><span class='ocrx_word' id='word_1_169' title='bbox 486 1065 571 1099; x_wconf 87' lang='lat' dir='ltr'>modi</span> <span class='ocrx_word' id='word_1_170' title='bbox 597 1065 801 1103; x_wconf 78' lang='lat' dir='ltr'>mentionem,</span> <span class='ocrx_word' id='word_1_171' title='bbox 821 1069 852 1096; x_wconf 88' lang='lat' dir='ltr'>et</span> <span class='ocrx_word' id='word_1_172' title='bbox 870 1063 1064 1107; x_wconf 69' lang='lat' dir='ltr'>quibuslibet</span> <span class='ocrx_word' id='word_1_173' title='bbox 1083 1063 1152 1096; x_wconf 82' lang='lat' dir='ltr'>aliis</span> <span class='ocrx_word' id='word_1_174' title='bbox 1169 1036 1386 1107; x_wconf 55' lang='lat' dir='ltr'>pri-&#39;latentis</span> <span class='ocrx_word' id='word_1_175' title='bbox 1411 1062 1582 1102; x_wconf 87' lang='lat' dir='ltr'>minuatur,</span> <span class='ocrx_word' id='word_1_176' title='bbox 1606 1073 1664 1095; x_wconf 79' lang='lat' dir='ltr'>nee.</span> <span class='ocrx_word' id='word_1_177' title='bbox 1689 1062 1734 1095; x_wconf 83' lang='lat' dir='ltr'>eis</span> <span class='ocrx_word' id='word_1_178' title='bbox 1758 1072 1886 1106; x_wconf 87' lang='lat' dir='ltr'>quoquo</span> <span class='ocrx_word' id='word_1_179' title='bbox 1911 1061 2006 1096; x_wconf 90' lang='lat' dir='ltr'>modo</span> 
     </span>
     <span class='ocr_line' id='line_1_17' title="bbox 486 1116 2006 1162; baseline -0.001 -10"><span class='ocrx_word' id='word_1_180' title='bbox 486 1119 618 1162; x_wconf 78' lang='lat' dir='ltr'>vilegiis,</span> <span class='ocrx_word' id='word_1_181' title='bbox 632 1118 899 1162; x_wconf 77' lang='lat' dir='ltr'>exemptionibus,</span> <span class='ocrx_word' id='word_1_182' title='bbox 919 1116 1180 1157; x_wconf 77' lang='lat' dir='ltr'>immunitatibus,</span> <span class='ocrx_word' id='word_1_183' title='bbox 1199 1117 1230 1150; x_wconf 96' lang='lat' dir='ltr'>in</span> <span class='ocrx_word' id='word_1_184' title='bbox 1265 1116 1402 1150; x_wconf 83' lang='lat' dir='ltr'>iniuncta</span> <span class='ocrx_word' id='word_1_185' title='bbox 1421 1126 1528 1156; x_wconf 87' lang='lat' dir='ltr'>onera,</span> <span class='ocrx_word' id='word_1_186' title='bbox 1545 1123 1594 1149; x_wconf 82' lang='lat' dir='ltr'>aut</span> <span class='ocrx_word' id='word_1_187' title='bbox 1619 1116 1670 1160; x_wconf 89' lang='lat' dir='ltr'>pia</span> <span class='ocrx_word' id='word_1_188' title='bbox 1693 1127 1775 1160; x_wconf 83' lang='lat' dir='ltr'>quae</span> <span class='ocrx_word' id='word_1_189' title='bbox 1797 1116 1938 1150; x_wconf 73' lang='lat' dir='ltr'>exerceri</span> <span class='ocrx_word' id='word_1_190' title='bbox 1958 1127 2006 1150; x_wconf 84' lang='lat' dir='ltr'>so·</span> 
     </span>
     <span class='ocr_line' id='line_1_18' title="bbox 487 1170 2006 1216; baseline -0.001 -10"><span class='ocrx_word' id='word_1_191' title='bbox 487 1182 602 1216; x_wconf 77' lang='lat' dir='ltr'>genere</span> <span class='ocrx_word' id='word_1_192' title='bbox 626 1172 674 1204; x_wconf 78' lang='lat' dir='ltr'>vel</span> <span class='ocrx_word' id='word_1_193' title='bbox 700 1171 730 1204; x_wconf 90' lang='lat' dir='ltr'>iu</span> <span class='ocrx_word' id='word_1_194' title='bbox 755 1171 871 1215; x_wconf 71' lang='lat' dir='ltr'>specie,</span> <span class='ocrx_word' id='word_1_195' title='bbox 895 1170 1135 1215; x_wconf 81' lang='lat' dir='ltr'>quomodolibet</span> <span class='ocrx_word' id='word_1_196' title='bbox 1161 1181 1231 1205; x_wconf 89' lang='lat' dir='ltr'>con·</span> <span class='ocrx_word' id='word_1_197' title='bbox 1264 1171 1327 1204; x_wconf 88' lang='lat' dir='ltr'>lent</span> <span class='ocrx_word' id='word_1_198' title='bbox 1344 1181 1441 1215; x_wconf 88' lang='lat' dir='ltr'>opera</span> <span class='ocrx_word' id='word_1_199' title='bbox 1455 1170 1611 1210; x_wconf 78' lang='lat' dir='ltr'>etofficia,</span> <span class='ocrx_word' id='word_1_200' title='bbox 1626 1170 1690 1204; x_wconf 89' lang='lat' dir='ltr'>ullo</span> <span class='ocrx_word' id='word_1_201' title='bbox 1711 1170 1806 1204; x_wconf 90' lang='lat' dir='ltr'>modo</span> <span class='ocrx_word' id='word_1_202' title='bbox 1823 1171 2006 1204; x_wconf 87' lang='lat' dir='ltr'>minuantur</span> 
     </span>
     <span class='ocr_line' id='line_1_19' title="bbox 487 1224 2007 1269; baseline -0.003 -9"><span class='ocrx_word' id='word_1_203' title='bbox 487 1227 601 1267; x_wconf 86' lang='lat' dir='ltr'>cessis,</span> <span class='ocrx_word' id='word_1_204' title='bbox 625 1225 821 1259; x_wconf 81' lang='lat' dir='ltr'>confirmatis</span> <span class='ocrx_word' id='word_1_205' title='bbox 845 1231 875 1257; x_wconf 90' lang='lat' dir='ltr'>et</span> <span class='ocrx_word' id='word_1_206' title='bbox 901 1224 1067 1264; x_wconf 84' lang='lat' dir='ltr'>innovatis,</span> <span class='ocrx_word' id='word_1_207' title='bbox 1091 1229 1121 1257; x_wconf 87' lang='lat' dir='ltr'>et</span> <span class='ocrx_word' id='word_1_208' title='bbox 1146 1225 1230 1258; x_wconf 86' lang='lat' dir='ltr'>solu-</span> <span class='ocrx_word' id='word_1_209' title='bbox 1264 1235 1318 1257; x_wconf 88' lang='lat' dir='ltr'>seu</span> <span class='ocrx_word' id='word_1_210' title='bbox 1343 1225 1554 1268; x_wconf 77' lang='lat' dir='ltr'>negligantur,</span> <span class='ocrx_word' id='word_1_211' title='bbox 1571 1224 1626 1258; x_wconf 85' lang='lat' dir='ltr'>sed</span> <span class='ocrx_word' id='word_1_212' title='bbox 1646 1234 1757 1258; x_wconf 86' lang='lat' dir='ltr'>eorum</span> <span class='ocrx_word' id='word_1_213' title='bbox 1778 1234 1919 1267; x_wconf 83' lang='lat' dir='ltr'>congrue</span> <span class='ocrx_word' id='word_1_214' title='bbox 1935 1234 2007 1269; x_wconf 86' lang='lat' dir='ltr'>sup-</span> 
     </span>
     <span class='ocr_line' id='line_1_20' title="bbox 489 1278 2006 1334; baseline -0.001 -21"><span class='ocrx_word' id='word_1_215' title='bbox 489 1280 590 1314; x_wconf 89' lang='lat' dir='ltr'>tiones</span> <span class='ocrx_word' id='word_1_216' title='bbox 606 1280 802 1313; x_wconf 86' lang='lat' dir='ltr'>decimarum</span> <span class='ocrx_word' id='word_1_217' title='bbox 820 1279 922 1319; x_wconf 86' lang='lat' dir='ltr'>aliter,</span> <span class='ocrx_word' id='word_1_218' title='bbox 942 1289 1036 1323; x_wconf 89' lang='lat' dir='ltr'>quam</span> <span class='ocrx_word' id='word_1_219' title='bbox 1057 1278 1229 1312; x_wconf 82' lang='lat' dir='ltr'>seeundum</span> <span class='ocrx_word' id='word_1_220' title='bbox 1247 1306 1249 1334; x_wconf 50' lang='grc' dir='ltr'>ἰ</span> <span class='ocrx_word' id='word_1_221' title='bbox 1264 1285 1430 1323; x_wconf 87' lang='lat' dir='ltr'>portentur</span> <span class='ocrx_word' id='word_1_222' title='bbox 1453 1289 1551 1312; x_wconf 89' lang='lat' dir='ltr'>onera</span> <span class='ocrx_word' id='word_1_223' title='bbox 1575 1284 1734 1318; x_wconf 85' lang='lat' dir='ltr'>consueta;</span> <span class='ocrx_word' id='word_1_224' title='bbox 1751 1288 1809 1312; x_wconf 89' lang='lat' dir='ltr'>nec</span> <span class='ocrx_word' id='word_1_225' title='bbox 1828 1278 2006 1322; x_wconf 80' lang='lat' dir='ltr'>quisquam,</span> 
     </span>
     <span class='ocr_line' id='line_1_21' title="bbox 488 1331 2007 1378; baseline -0.001 -12"><span class='ocrx_word' id='word_1_226' title='bbox 488 1333 648 1378; x_wconf 84' lang='lat' dir='ltr'>antiquam</span> <span class='ocrx_word' id='word_1_227' title='bbox 673 1338 786 1373; x_wconf 77' lang='lat' dir='ltr'>taxam,</span> <span class='ocrx_word' id='word_1_228' title='bbox 807 1338 837 1366; x_wconf 90' lang='lat' dir='ltr'>et</span> <span class='ocrx_word' id='word_1_229' title='bbox 856 1332 916 1365; x_wconf 88' lang='lat' dir='ltr'>nisi</span> <span class='ocrx_word' id='word_1_230' title='bbox 938 1332 967 1365; x_wconf 93' lang='lat' dir='ltr'>in</span> <span class='ocrx_word' id='word_1_231' title='bbox 988 1331 1157 1365; x_wconf 77' lang='lat' dir='ltr'>universali</span> <span class='ocrx_word' id='word_1_232' title='bbox 1176 1331 1230 1364; x_wconf 86' lang='lat' dir='ltr'>de·</span> <span class='ocrx_word' id='word_1_233' title='bbox 1247 1375 1249 1378; x_wconf 22' lang='lat'><em>⁴</em></span> <span class='ocrx_word' id='word_1_234' title='bbox 1264 1333 1357 1365; x_wconf 80' lang='lat' dir='ltr'>etiam</span> <span class='ocrx_word' id='word_1_235' title='bbox 1369 1333 1460 1377; x_wconf 89' lang='lat' dir='ltr'>plura</span> <span class='ocrx_word' id='word_1_236' title='bbox 1475 1332 1606 1366; x_wconf 77' lang='lat' dir='ltr'>soi-tasse</span> <span class='ocrx_word' id='word_1_237' title='bbox 1615 1331 1768 1365; x_wconf 80' lang='lat' dir='ltr'>beneficia</span> <span class='ocrx_word' id='word_1_238' title='bbox 1777 1337 1829 1364; x_wconf 90' lang='lat' dir='ltr'>aut</span> <span class='ocrx_word' id='word_1_239' title='bbox 1840 1332 2007 1376; x_wconf 85' lang='lat' dir='ltr'>pensiones</span> 
     </span>
     <span class='ocr_line' id='line_1_22' title="bbox 487 1385 2006 1430; baseline 0 -11"><span class='ocrx_word' id='word_1_240' title='bbox 487 1386 641 1420; x_wconf 89' lang='lat' dir='ltr'>cimarum</span> <span class='ocrx_word' id='word_1_241' title='bbox 659 1396 716 1430; x_wconf 87' lang='lat' dir='ltr'>per</span> <span class='ocrx_word' id='word_1_242' title='bbox 733 1385 843 1419; x_wconf 86' lang='lat' dir='ltr'>orbem</span> <span class='ocrx_word' id='word_1_243' title='bbox 872 1391 925 1418; x_wconf 88' lang='lat' dir='ltr'>aut</span> <span class='ocrx_word' id='word_1_244' title='bbox 946 1396 1003 1429; x_wconf 87' lang='lat' dir='ltr'>per</span> <span class='ocrx_word' id='word_1_245' title='bbox 1023 1385 1168 1418; x_wconf 74' lang='lat' dir='ltr'>universa</span> <span class='ocrx_word' id='word_1_246' title='bbox 1186 1396 1231 1418; x_wconf 86' lang='lat' dir='ltr'>re·</span> <span class='ocrx_word' id='word_1_247' title='bbox 1248 1391 1249 1401; x_wconf 69' lang='lat'>³</span> <span class='ocrx_word' id='word_1_248' title='bbox 1265 1386 1491 1430; x_wconf 79' lang='lat' dir='ltr'>cuiuscumque</span> <span class='ocrx_word' id='word_1_249' title='bbox 1518 1385 1633 1419; x_wconf 83' lang='lat' dir='ltr'>valoris</span> <span class='ocrx_word' id='word_1_250' title='bbox 1652 1385 1809 1425; x_wconf 84' lang='lat' dir='ltr'>obtinens,</span> <span class='ocrx_word' id='word_1_251' title='bbox 1835 1395 1895 1429; x_wconf 91' lang='lat' dir='ltr'>pro</span> <span class='ocrx_word' id='word_1_252' title='bbox 1922 1385 2006 1429; x_wconf 87' lang='lat' dir='ltr'>quie-</span> 
     </span>
     <span class='ocr_line' id='line_1_23' title="bbox 488 1431 2006 1484; baseline -0.001 -11"><span class='ocrx_word' id='word_1_253' title='bbox 488 1440 540 1484; x_wconf 86' lang='lat' dir='ltr'>gni</span> <span class='ocrx_word' id='word_1_254' title='bbox 565 1440 715 1474; x_wconf 86' lang='lat' dir='ltr'>Franciae</span> <span class='ocrx_word' id='word_1_255' title='bbox 742 1439 893 1484; x_wconf 82' lang='lat' dir='ltr'>praedicti</span> <span class='ocrx_word' id='word_1_256' title='bbox 920 1440 988 1473; x_wconf 87' lang='lat' dir='ltr'>loca</span> <span class='ocrx_word' id='word_1_257' title='bbox 1012 1437 1229 1482; x_wconf 74' lang='lat' dir='ltr'>impositione.¹</span> <span class='ocrx_word' id='word_1_258' title='bbox 1247 1431 1249 1468; x_wconf 55' lang='lat' dir='ltr'>l</span> <span class='ocrx_word' id='word_1_259' title='bbox 1265 1439 1361 1472; x_wconf 82' lang='lat' dir='ltr'>tantia</span> <span class='ocrx_word' id='word_1_260' title='bbox 1378 1439 1461 1472; x_wconf 88' lang='lat' dir='ltr'>ultra</span> <span class='ocrx_word' id='word_1_261' title='bbox 1476 1439 1661 1482; x_wconf 80' lang='lat' dir='ltr'>vigesimam</span> <span class='ocrx_word' id='word_1_262' title='bbox 1680 1444 1802 1483; x_wconf 88' lang='lat' dir='ltr'>partem</span> <span class='ocrx_word' id='word_1_263' title='bbox 1816 1438 2006 1472; x_wconf 83' lang='lat' dir='ltr'>uniusaurei</span> 
     </span>
     <span class='ocr_line' id='line_1_24' title="bbox 488 1478 1700 1538; baseline -0.002 -11"><span class='ocrx_word' id='word_1_264' title='bbox 488 1493 557 1527; x_wconf 81' lang='lat' dir='ltr'>fieri</span> <span class='ocrx_word' id='word_1_265' title='bbox 581 1493 838 1538; x_wconf 81' lang='lat' dir='ltr'>prohibentibus,</span> <span class='ocrx_word' id='word_1_266' title='bbox 863 1502 985 1525; x_wconf 83' lang='lat' dir='ltr'>necnon</span> <span class='ocrx_word' id='word_1_267' title='bbox 1011 1491 1231 1535; x_wconf 81' lang='lat' dir='ltr'>promissioni·</span> <span class='ocrx_word' id='word_1_268' title='bbox 1247 1478 1249 1531; x_wconf 53' lang='grc' dir='ltr'><strong>ξ</strong></span> <span class='ocrx_word' id='word_1_269' title='bbox 1264 1493 1386 1526; x_wconf 86' lang='lat' dir='ltr'>nummi</span> <span class='ocrx_word' id='word_1_270' title='bbox 1411 1493 1534 1527; x_wconf 83' lang='lat' dir='ltr'>solvere</span> <span class='ocrx_word' id='word_1_271' title='bbox 1558 1498 1700 1536; x_wconf 87' lang='lat' dir='ltr'>cogatur;</span> 
     </span>
     <span class='ocr_line' id='line_1_25' title="bbox 489 1537 2009 1590; baseline -0.001 -9"><span class='ocrx_word' id='word_1_272' title='bbox 489 1546 563 1587; x_wconf 80' lang='lat' dir='ltr'>bus,</span> <span class='ocrx_word' id='word_1_273' title='bbox 587 1546 831 1586; x_wconf 86' lang='lat' dir='ltr'>donationibus,</span> <span class='ocrx_word' id='word_1_274' title='bbox 856 1545 1121 1588; x_wconf 76' lang='lat' dir='ltr'>obligationibus,</span> <span class='ocrx_word' id='word_1_275' title='bbox 1147 1537 1249 1578; x_wconf 66' lang='lat' dir='ltr'>iura-³</span> <span class='ocrx_word' id='word_1_276' title='bbox 1309 1547 1368 1590; x_wconf 68' lang='lat'>§7-</span> <span class='ocrx_word' id='word_1_277' title='bbox 1391 1546 1605 1580; x_wconf 80' lang='lat' dir='ltr'>Praesentium</span> <span class='ocrx_word' id='word_1_278' title='bbox 1622 1556 1698 1579; x_wconf 82' lang='lat' dir='ltr'>vero</span> <span class='ocrx_word' id='word_1_279' title='bbox 1713 1545 1888 1579; x_wconf 86' lang='lat' dir='ltr'>litterarum</span> <span class='ocrx_word' id='word_1_280' title='bbox 1905 1556 2009 1580; x_wconf 85' lang='lat' dir='ltr'>exem—</span> 
     </span>
     <span class='ocr_line' id='line_1_26' title="bbox 490 1598 2010 1644; baseline 0 -11"><span class='ocrx_word' id='word_1_281' title='bbox 490 1600 613 1640; x_wconf 80' lang='lat' dir='ltr'>mentis,</span> <span class='ocrx_word' id='word_1_282' title='bbox 626 1598 927 1638; x_wconf 62' lang='lat' dir='ltr'>renunciationibm,</span> <span class='ocrx_word' id='word_1_283' title='bbox 942 1598 1074 1631; x_wconf 88' lang='lat' dir='ltr'>vinculis</span> <span class='ocrx_word' id='word_1_284' title='bbox 1087 1603 1118 1631; x_wconf 84' lang='lat' dir='ltr'>et</span> <span class='ocrx_word' id='word_1_285' title='bbox 1131 1604 1232 1632; x_wconf 85' lang='lat' dir='ltr'>caute-</span> <span class='ocrx_word' id='word_1_286' title='bbox 1248 1633 1250 1642; x_wconf 23' lang='lat' dir='ltr'>k</span> <span class='ocrx_word' id='word_1_287' title='bbox 1264 1600 1326 1644; x_wconf 84' lang='lat' dir='ltr'>pla,</span> <span class='ocrx_word' id='word_1_288' title='bbox 1342 1600 1435 1633; x_wconf 88' lang='lat' dir='ltr'>etiam</span> <span class='ocrx_word' id='word_1_289' title='bbox 1453 1599 1616 1644; x_wconf 86' lang='lat' dir='ltr'>impressa,</span> <span class='ocrx_word' id='word_1_290' title='bbox 1636 1599 1751 1633; x_wconf 90' lang='lat' dir='ltr'>notarii</span> <span class='ocrx_word' id='word_1_291' title='bbox 1770 1599 1889 1643; x_wconf 88' lang='lat' dir='ltr'>publici</span> <span class='ocrx_word' id='word_1_292' title='bbox 1913 1609 2010 1633; x_wconf 87' lang='lat' dir='ltr'>manu</span> 
     </span>
     <span class='ocr_line' id='line_1_27' title="bbox 489 1643 2009 1697; baseline -0.001 -11"><span class='ocrx_word' id='word_1_293' title='bbox 489 1653 565 1686; x_wconf 89' lang='lat' dir='ltr'>lisin</span> <span class='ocrx_word' id='word_1_294' title='bbox 578 1652 788 1696; x_wconf 76' lang='lat' dir='ltr'>assignatione</span> <span class='ocrx_word' id='word_1_295' title='bbox 797 1652 1030 1696; x_wconf 86' lang='lat' dir='ltr'>praedictarum</span> <span class='ocrx_word' id='word_1_296' title='bbox 1043 1651 1230 1696; x_wconf 87' lang='lat' dir='ltr'>pensionum</span> <span class='ocrx_word' id='word_1_297' title='bbox 1248 1643 1249 1648; x_wconf 34' lang='lat'>¹</span> <span class='ocrx_word' id='word_1_298' title='bbox 1265 1653 1453 1697; x_wconf 85' lang='lat' dir='ltr'>subscripta,</span> <span class='ocrx_word' id='word_1_299' title='bbox 1470 1658 1523 1686; x_wconf 85' lang='lat' dir='ltr'>aut</span> <span class='ocrx_word' id='word_1_300' title='bbox 1538 1652 1671 1686; x_wconf 88' lang='lat' dir='ltr'>alicuius</span> <span class='ocrx_word' id='word_1_301' title='bbox 1688 1663 1842 1697; x_wconf 84' lang='lat' dir='ltr'>personae</span> <span class='ocrx_word' id='word_1_302' title='bbox 1855 1652 1887 1685; x_wconf 90' lang='lat' dir='ltr'>in</span> <span class='ocrx_word' id='word_1_303' title='bbox 1911 1652 2009 1697; x_wconf 85' lang='lat' dir='ltr'>digni·</span> 
     </span>
     <span class='ocr_line' id='line_1_28' title="bbox 488 1705 2009 1751; baseline 0.001 -13"><span class='ocrx_word' id='word_1_304' title='bbox 488 1706 588 1746; x_wconf 86' lang='lat' dir='ltr'>sactis,</span> <span class='ocrx_word' id='word_1_305' title='bbox 608 1706 723 1751; x_wconf 88' lang='lat' dir='ltr'>quibus</span> <span class='ocrx_word' id='word_1_306' title='bbox 746 1716 803 1750; x_wconf 85' lang='lat' dir='ltr'>per</span> <span class='ocrx_word' id='word_1_307' title='bbox 827 1705 1060 1750; x_wconf 87' lang='lat' dir='ltr'>impositionem</span> <span class='ocrx_word' id='word_1_308' title='bbox 1088 1705 1228 1739; x_wconf 82' lang='lat' dir='ltr'>decima·</span> <span class='ocrx_word' id='word_1_309' title='bbox 1266 1713 1326 1740; x_wconf 87' lang='lat' dir='ltr'>tate</span> <span class='ocrx_word' id='word_1_310' title='bbox 1348 1707 1559 1741; x_wconf 79' lang='lat' dir='ltr'>ecclesiastica</span> <span class='ocrx_word' id='word_1_311' title='bbox 1583 1706 1770 1741; x_wconf 85' lang='lat' dir='ltr'>constitutae</span> <span class='ocrx_word' id='word_1_312' title='bbox 1796 1706 1900 1750; x_wconf 83' lang='lat' dir='ltr'>sigillo</span> <span class='ocrx_word' id='word_1_313' title='bbox 1924 1706 2009 1740; x_wconf 91' lang='lat' dir='ltr'>ohsi-</span> 
     </span>
     <span class='ocr_line' id='line_1_29' title="bbox 490 1758 2011 1803; baseline 0 -11"><span class='ocrx_word' id='word_1_314' title='bbox 490 1770 559 1792; x_wconf 88' lang='lat' dir='ltr'>rum</span> <span class='ocrx_word' id='word_1_315' title='bbox 575 1759 756 1792; x_wconf 89' lang='lat' dir='ltr'>huiusmodi</span> <span class='ocrx_word' id='word_1_316' title='bbox 769 1759 928 1792; x_wconf 87' lang='lat' dir='ltr'>neminem</span> <span class='ocrx_word' id='word_1_317' title='bbox 943 1759 1052 1800; x_wconf 86' lang='lat' dir='ltr'>teneri,</span> <span class='ocrx_word' id='word_1_318' title='bbox 1065 1769 1167 1803; x_wconf 91' lang='lat' dir='ltr'>neque</span> <span class='ocrx_word' id='word_1_319' title='bbox 1180 1770 1232 1793; x_wconf 84' lang='lat' dir='ltr'>eas</span> <span class='ocrx_word' id='word_1_320' title='bbox 1265 1765 1377 1803; x_wconf 79' lang='lat' dir='ltr'>gnata,</span> <span class='ocrx_word' id='word_1_321' title='bbox 1405 1759 1548 1792; x_wconf 85' lang='lat' dir='ltr'>eamdem</span> <span class='ocrx_word' id='word_1_322' title='bbox 1575 1759 1606 1792; x_wconf 92' lang='lat' dir='ltr'>in</span> <span class='ocrx_word' id='word_1_323' title='bbox 1631 1759 1748 1793; x_wconf 89' lang='lat' dir='ltr'>iudicio</span> <span class='ocrx_word' id='word_1_324' title='bbox 1767 1765 1797 1793; x_wconf 89' lang='lat' dir='ltr'>et</span> <span class='ocrx_word' id='word_1_325' title='bbox 1821 1765 1910 1793; x_wconf 78' lang='lat' dir='ltr'>extra</span> <span class='ocrx_word' id='word_1_326' title='bbox 1933 1758 2011 1793; x_wconf 91' lang='lat' dir='ltr'>illud</span> 
     </span>
     <span class='ocr_line' id='line_1_30' title="bbox 489 1812 2010 1857; baseline -0.001 -10"><span class='ocrx_word' id='word_1_327' title='bbox 489 1813 591 1857; x_wconf 91' lang='lat' dir='ltr'>quoad</span> <span class='ocrx_word' id='word_1_328' title='bbox 610 1813 785 1857; x_wconf 86' lang='lat' dir='ltr'>praemissa</span> <span class='ocrx_word' id='word_1_329' title='bbox 804 1818 914 1846; x_wconf 90' lang='lat' dir='ltr'>eontra</span> <span class='ocrx_word' id='word_1_330' title='bbox 934 1823 1168 1857; x_wconf 86' lang='lat' dir='ltr'>quemcumque</span> <span class='ocrx_word' id='word_1_331' title='bbox 1186 1813 1232 1847; x_wconf 93' lang='lat' dir='ltr'>lo·</span> <span class='ocrx_word' id='word_1_332' title='bbox 1265 1813 1381 1857; x_wconf 87' lang='lat' dir='ltr'>ubique</span> <span class='ocrx_word' id='word_1_333' title='bbox 1399 1813 1542 1847; x_wconf 88' lang='lat' dir='ltr'>locorum</span> <span class='ocrx_word' id='word_1_334' title='bbox 1558 1812 1654 1846; x_wconf 87' lang='lat' dir='ltr'>fidem</span> <span class='ocrx_word' id='word_1_335' title='bbox 1675 1813 1788 1852; x_wconf 82' lang='lat' dir='ltr'>facere,</span> <span class='ocrx_word' id='word_1_336' title='bbox 1806 1823 1900 1856; x_wconf 85' lang='lat' dir='ltr'>quam</span> <span class='ocrx_word' id='word_1_337' title='bbox 1923 1812 2010 1857; x_wconf 84' lang='lat' dir='ltr'>ipsae</span> 
     </span>
     <span class='ocr_line' id='line_1_31' title="bbox 490 1866 2009 1910; baseline -0.001 -10"><span class='ocrx_word' id='word_1_338' title='bbox 490 1877 561 1900; x_wconf 77' lang='lat' dir='ltr'>curn</span> <span class='ocrx_word' id='word_1_339' title='bbox 582 1866 699 1899; x_wconf 89' lang='lat' dir='ltr'>habere</span> <span class='ocrx_word' id='word_1_340' title='bbox 722 1866 930 1906; x_wconf 86' lang='lat' dir='ltr'>declaramus,</span> <span class='ocrx_word' id='word_1_341' title='bbox 950 1866 1083 1910; x_wconf 80' lang='lat' dir='ltr'>aliisque</span> <span class='ocrx_word' id='word_1_342' title='bbox 1104 1866 1232 1900; x_wconf 86' lang='lat' dir='ltr'>indultis</span> <span class='ocrx_word' id='word_1_343' title='bbox 1265 1867 1437 1910; x_wconf 84' lang='lat' dir='ltr'>originales</span> <span class='ocrx_word' id='word_1_344' title='bbox 1458 1867 1606 1908; x_wconf 80' lang='lat' dir='ltr'>facerent,</span> <span class='ocrx_word' id='word_1_345' title='bbox 1624 1866 1649 1900; x_wconf 88' lang='lat' dir='ltr'>si</span> <span class='ocrx_word' id='word_1_346' title='bbox 1666 1871 1770 1900; x_wconf 80' lang='lat' dir='ltr'>essent</span> <span class='ocrx_word' id='word_1_347' title='bbox 1786 1866 1945 1900; x_wconf 84' lang='lat' dir='ltr'>exhibitae</span> <span class='ocrx_word' id='word_1_348' title='bbox 1962 1866 2009 1899; x_wconf 76' lang='lat' dir='ltr'>vel</span> 
     </span>
     <span class='ocr_line' id='line_1_32' title="bbox 490 1919 1417 1965; baseline 0 -12"><span class='ocrx_word' id='word_1_349' title='bbox 490 1925 521 1953; x_wconf 88' lang='lat' dir='ltr'>et</span> <span class='ocrx_word' id='word_1_350' title='bbox 532 1920 544 1936; x_wconf 87' lang='lat'>&#39;</span> <span class='ocrx_word' id='word_1_351' title='bbox 563 1919 675 1952; x_wconf 90' lang='lat' dir='ltr'>litteris</span> <span class='ocrx_word' id='word_1_352' title='bbox 688 1919 868 1964; x_wconf 86' lang='lat' dir='ltr'>apostolicis</span> <span class='ocrx_word' id='word_1_353' title='bbox 882 1919 1084 1963; x_wconf 80' lang='lat' dir='ltr'>generalibus</span> <span class='ocrx_word' id='word_1_354' title='bbox 1101 1920 1148 1953; x_wconf 85' lang='lat' dir='ltr'>vel</span> <span class='ocrx_word' id='word_1_355' title='bbox 1166 1931 1233 1965; x_wconf 86' lang='lat' dir='ltr'>spe·</span> <span class='ocrx_word' id='word_1_356' title='bbox 1265 1926 1417 1954; x_wconf 84' lang='lat' dir='ltr'>ostensae.</span> 
     </span>
     <span class='ocr_line' id='line_1_33' title="bbox 490 1955 2010 2018; baseline 0 -12"><span class='ocrx_word' id='word_1_357' title='bbox 490 1972 633 2013; x_wconf 76' lang='lat' dir='ltr'>cialibus,</span> <span class='ocrx_word' id='word_1_358' title='bbox 647 1973 874 2017; x_wconf 81' lang='lat' dir='ltr'>cuiuscumque</span> <span class='ocrx_word' id='word_1_359' title='bbox 887 1973 1006 2007; x_wconf 84' lang='lat' dir='ltr'>tenoris</span> <span class='ocrx_word' id='word_1_360' title='bbox 1019 1973 1162 2013; x_wconf 76' lang='lat' dir='ltr'>existant,</span> <span class='ocrx_word' id='word_1_361' title='bbox 1175 1984 1232 2018; x_wconf 88' lang='lat' dir='ltr'>per</span> <span class='ocrx_word' id='word_1_362' title='bbox 1247 1955 1250 1982; x_wconf 67' lang='lat'><strong>¹</strong></span> <span class='ocrx_word' id='word_1_363' title='bbox 1309 1974 1420 2008; x_wconf 87' lang='lat' dir='ltr'>Datum</span> <span class='ocrx_word' id='word_1_364' title='bbox 1434 1975 1563 2015; x_wconf 86' lang='lat' dir='ltr'>Romae,</span> <span class='ocrx_word' id='word_1_365' title='bbox 1577 1973 1659 2018; x_wconf 88' lang='lat' dir='ltr'>apud</span> <span class='ocrx_word' id='word_1_366' title='bbox 1670 1973 1836 2008; x_wconf 58' lang='lat' dir='ltr'>&amp;Mariam</span> <span class='ocrx_word' id='word_1_367' title='bbox 1849 1973 2010 2014; x_wconf 82' lang='lat' dir='ltr'>Maiorem,</span> 
     </span>
     <span class='ocr_line' id='line_1_34' title="bbox 490 2026 2011 2071; baseline 0.001 -12"><span class='ocrx_word' id='word_1_368' title='bbox 490 2036 570 2070; x_wconf 87' lang='lat' dir='ltr'>quae</span> <span class='ocrx_word' id='word_1_369' title='bbox 594 2026 813 2070; x_wconf 83' lang='lat' dir='ltr'>praesentibus</span> <span class='ocrx_word' id='word_1_370' title='bbox 837 2036 900 2059; x_wconf 91' lang='lat' dir='ltr'>non</span> <span class='ocrx_word' id='word_1_371' title='bbox 925 2036 1088 2071; x_wconf 85' lang='lat' dir='ltr'>expressa,</span> <span class='ocrx_word' id='word_1_372' title='bbox 1113 2031 1166 2061; x_wconf 89' lang='lat' dir='ltr'>aut</span> <span class='ocrx_word' id='word_1_373' title='bbox 1190 2032 1232 2061; x_wconf 90' lang='lat' dir='ltr'>to·</span> <span class='ocrx_word' id='word_1_374' title='bbox 1265 2028 1322 2061; x_wconf 89' lang='lat' dir='ltr'>sub</span> <span class='ocrx_word' id='word_1_375' title='bbox 1346 2028 1462 2061; x_wconf 86' lang='lat' dir='ltr'>annulo</span> <span class='ocrx_word' id='word_1_376' title='bbox 1481 2027 1656 2067; x_wconf 70' lang='lat' dir='ltr'>piscatoris,</span> <span class='ocrx_word' id='word_1_377' title='bbox 1677 2027 1727 2060; x_wconf 92' lang='lat' dir='ltr'>die</span> <span class='ocrx_word' id='word_1_378' title='bbox 1743 2037 1800 2061; x_wconf 86' lang='lat' dir='ltr'>xm</span> <span class='ocrx_word' id='word_1_379' title='bbox 1820 2026 2011 2071; x_wconf 85' lang='lat' dir='ltr'>septembris</span> 
     </span>
     <span class='ocr_line' id='line_1_35' title="bbox 491 2078 1877 2125; baseline 0.001 -12"><span class='ocrx_word' id='word_1_380' title='bbox 491 2079 594 2113; x_wconf 85' lang='lat' dir='ltr'>taliter</span> <span class='ocrx_word' id='word_1_381' title='bbox 606 2090 668 2113; x_wconf 93' lang='lat' dir='ltr'>non</span> <span class='ocrx_word' id='word_1_382' title='bbox 682 2079 807 2119; x_wconf 88' lang='lat' dir='ltr'>inserta,</span> <span class='ocrx_word' id='word_1_383' title='bbox 821 2078 950 2112; x_wconf 79' lang='lat' dir='ltr'>effectus</span> <span class='ocrx_word' id='word_1_384' title='bbox 963 2090 1072 2113; x_wconf 90' lang='lat' dir='ltr'>earum</span> <span class='ocrx_word' id='word_1_385' title='bbox 1087 2080 1231 2125; x_wconf 86' lang='lat' dir='ltr'>impediri</span> <span class='ocrx_word' id='word_1_386' title='bbox 1265 2092 1395 2121; x_wconf 61' lang='lat' dir='ltr'>nncxxn</span> <span class='ocrx_word' id='word_1_387' title='bbox 1413 2081 1614 2125; x_wconf 82' lang='lat' dir='ltr'>pontificatus</span> <span class='ocrx_word' id='word_1_388' title='bbox 1636 2081 1736 2115; x_wconf 88' lang='lat' dir='ltr'>nostri</span> <span class='ocrx_word' id='word_1_389' title='bbox 1759 2091 1842 2115; x_wconf 93' lang='lat' dir='ltr'>anno</span> <span class='ocrx_word' id='word_1_390' title='bbox 1859 2091 1877 2115; x_wconf 90' lang='grc' dir='ltr'>ι.</span> 
     </span>
     <span class='ocr_line' id='line_1_36' title="bbox 491 2133 1948 2178; baseline 0.001 -11"><span class='ocrx_word' id='word_1_391' title='bbox 491 2135 591 2168; x_wconf 88' lang='lat' dir='ltr'>valeat</span> <span class='ocrx_word' id='word_1_392' title='bbox 622 2133 860 2178; x_wconf 87' lang='lat' dir='ltr'>quomodolibet</span> <span class='ocrx_word' id='word_1_393' title='bbox 895 2134 942 2167; x_wconf 76' lang='lat' dir='ltr'>vel</span> <span class='ocrx_word' id='word_1_394' title='bbox 971 2134 1110 2174; x_wconf 78' lang='lat' dir='ltr'>differri,</span> <span class='ocrx_word' id='word_1_395' title='bbox 1135 2140 1166 2167; x_wconf 86' lang='lat' dir='ltr'>et</span> <span class='ocrx_word' id='word_1_396' title='bbox 1193 2134 1231 2167; x_wconf 89' lang='lat' dir='ltr'>de</span> <span class='ocrx_word' id='word_1_397' title='bbox 1302 2143 1360 2171; x_wconf 64' lang='lat' dir='ltr'>Dat.</span> <span class='ocrx_word' id='word_1_398' title='bbox 1377 2143 1420 2170; x_wconf 80' lang='lat' dir='ltr'>die</span> <span class='ocrx_word' id='word_1_399' title='bbox 1439 2145 1469 2171; x_wconf 68' lang='lat' dir='ltr'>ta</span> <span class='ocrx_word' id='word_1_400' title='bbox 1484 2142 1649 2178; x_wconf 73' lang='lat' dir='ltr'>septembris</span> <span class='ocrx_word' id='word_1_401' title='bbox 1663 2143 1741 2174; x_wconf 74' lang='lat'><strong>1621,</strong></span> <span class='ocrx_word' id='word_1_402' title='bbox 1757 2143 1850 2178; x_wconf 76' lang='lat' dir='ltr'>pontis.</span> <span class='ocrx_word' id='word_1_403' title='bbox 1868 2150 1913 2170; x_wconf 85' lang='lat' dir='ltr'>an.</span> <span class='ocrx_word' id='word_1_404' title='bbox 1931 2149 1948 2171; x_wconf 80' lang='grc' dir='ltr'>ι.</span> 
     </span>
     <span class='ocr_line' id='line_1_37' title="bbox 491 2188 1232 2233; baseline -0.001 -11"><span class='ocrx_word' id='word_1_405' title='bbox 491 2189 616 2233; x_wconf 81' lang='lat' dir='ltr'>quibus,</span> <span class='ocrx_word' id='word_1_406' title='bbox 629 2198 802 2231; x_wconf 88' lang='lat' dir='ltr'>eorumque</span> <span class='ocrx_word' id='word_1_407' title='bbox 816 2188 890 2221; x_wconf 87' lang='lat' dir='ltr'>totis</span> <span class='ocrx_word' id='word_1_408' title='bbox 908 2188 1069 2221; x_wconf 86' lang='lat' dir='ltr'>tenoribus</span> <span class='ocrx_word' id='word_1_409' title='bbox 1090 2188 1232 2221; x_wconf 87' lang='lat' dir='ltr'>habenda</span> 
     </span>
     <span class='ocr_line' id='line_1_38' title="bbox 491 2242 1231 2286; baseline -0.001 -10"><span class='ocrx_word' id='word_1_410' title='bbox 491 2243 531 2276; x_wconf 85' lang='lat' dir='ltr'>sit</span> <span class='ocrx_word' id='word_1_411' title='bbox 545 2243 575 2276; x_wconf 90' lang='lat' dir='ltr'>in</span> <span class='ocrx_word' id='word_1_412' title='bbox 592 2242 708 2276; x_wconf 81' lang='lat' dir='ltr'>nostris</span> <span class='ocrx_word' id='word_1_413' title='bbox 722 2242 835 2275; x_wconf 85' lang='lat' dir='ltr'>litteris</span> <span class='ocrx_word' id='word_1_414' title='bbox 847 2242 965 2275; x_wconf 88' lang='lat' dir='ltr'>mentio</span> <span class='ocrx_word' id='word_1_415' title='bbox 979 2242 1125 2286; x_wconf 81' lang='lat' dir='ltr'>specialis</span> <span class='ocrx_word' id='word_1_416' title='bbox 1138 2243 1231 2286; x_wconf 79' lang='lat' dir='ltr'>(quae</span> 
     </span>
    </p>
   </div>
   <div class='ocr_carea' id='block_1_2' title="bbox 1540 2223 1738 2228">
    <p class='ocr_par' dir='ltr' id='par_1_2' title="bbox 1540 2223 1738 2228">
     <span class='ocr_line' id='line_1_39' title="bbox 1540 2223 1738 2228; baseline 0 0"><span class='ocrx_word' id='word_1_417' title='bbox 1540 2223 1738 2228; x_wconf 95' lang='lat' dir='ltr'> </span> 
     </span>
    </p>
   </div>
   <div class='ocr_carea' id='block_1_3' title="bbox 491 2295 2010 2448">
    <p class='ocr_par' dir='ltr' id='par_1_3' title="bbox 491 2295 2010 2448">
     <span class='ocr_line' id='line_1_40' title="bbox 491 2295 1684 2340; baseline -0.002 -10"><span class='ocrx_word' id='word_1_418' title='bbox 491 2296 597 2331; x_wconf 86' lang='lat' dir='ltr'>omnia</span> <span class='ocrx_word' id='word_1_419' title='bbox 613 2302 722 2329; x_wconf 90' lang='lat' dir='ltr'>contra</span> <span class='ocrx_word' id='word_1_420' title='bbox 741 2295 899 2340; x_wconf 82' lang='lat' dir='ltr'>praedicta</span> <span class='ocrx_word' id='word_1_421' title='bbox 920 2296 1068 2329; x_wconf 89' lang='lat' dir='ltr'>nolumus</span> <span class='ocrx_word' id='word_1_422' title='bbox 1085 2296 1231 2339; x_wconf 86' lang='lat' dir='ltr'>cuiquam</span> <span class='ocrx_word' id='word_1_423' title='bbox 1595 2304 1684 2338; x_wconf 64' lang='lat' dir='ltr'>xxx,</span> 
     </span>
     <span class='ocr_line' id='line_1_41' title="bbox 492 2349 1230 2393; baseline -0.001 -9"><span class='ocrx_word' id='word_1_424' title='bbox 492 2349 657 2393; x_wconf 75' lang='lat' dir='ltr'>suffragari</span> <span class='ocrx_word' id='word_1_425' title='bbox 672 2377 680 2391; x_wconf 91' lang='lat'><em>‚</em></span> <span class='ocrx_word' id='word_1_426' title='bbox 704 2349 880 2393; x_wconf 85' lang='lat' dir='ltr'>ceterisque</span> <span class='ocrx_word' id='word_1_427' title='bbox 905 2349 1072 2383; x_wconf 88' lang='lat' dir='ltr'>contrariis</span> <span class='ocrx_word' id='word_1_428' title='bbox 1097 2350 1230 2393; x_wconf 86' lang='lat' dir='ltr'>quibus-</span> 
     </span>
     <span class='ocr_line' id='line_1_42' title="bbox 493 2393 2010 2448; baseline -0.007 -11"><span class='ocrx_word' id='word_1_429' title='bbox 493 2414 638 2448; x_wconf 87' lang='lat' dir='ltr'>cumque.</span> <span class='ocrx_word' id='word_1_430' title='bbox 994 2426 997 2429; x_wconf 97' lang='lat'>.</span> <span class='ocrx_word' id='word_1_431' title='bbox 1269 2395 1313 2428; x_wconf 82' lang='lat' dir='ltr'>De</span> <span class='ocrx_word' id='word_1_432' title='bbox 1332 2394 1436 2427; x_wconf 63' lang='lat' dir='ltr'>decimi</span> <span class='ocrx_word' id='word_1_433' title='bbox 1454 2394 1546 2427; x_wconf 71' lang='lat' dir='ltr'>mille</span> <span class='ocrx_word' id='word_1_434' title='bbox 1563 2394 1690 2426; x_wconf 68' lang='lat' dir='ltr'>climatis</span> <span class='ocrx_word' id='word_1_435' title='bbox 1706 2393 1846 2437; x_wconf 76' lang='lat' dir='ltr'>sili-icae</span> <span class='ocrx_word' id='word_1_436' title='bbox 1861 2394 1892 2428; x_wconf 90' lang='lat' dir='ltr'>S.</span> <span class='ocrx_word' id='word_1_437' title='bbox 1918 2393 2010 2427; x_wconf 78' lang='lat' dir='ltr'>Petri</span> 
     </span>
    </p>
   </div>
   <div class='ocr_carea' id='block_1_4' title="bbox 294 2446 2009 2521">
    <p class='ocr_par' dir='ltr' id='par_1_4' title="bbox 294 2446 2009 2521">
     <span class='ocr_line' id='line_1_43' title="bbox 294 2446 2009 2521; baseline -0.002 -39"><span class='ocrx_word' id='word_1_438' title='bbox 294 2468 476 2521; x_wconf 44' lang='lat' dir='ltr'>miumg&#39;i&#39;fimi&#39;</span> <span class='ocrx_word' id='word_1_439' title='bbox 537 2459 552 2502; x_wconf 62' lang='grc' dir='ltr'><strong>ἓ</strong></span> <span class='ocrx_word' id='word_1_440' title='bbox 575 2457 604 2491; x_wconf 52' lang='grc'>6,</span> <span class='ocrx_word' id='word_1_441' title='bbox 628 2458 660 2491; x_wconf 73' lang='grc' dir='ltr'>1η</span> <span class='ocrx_word' id='word_1_442' title='bbox 677 2457 888 2502; x_wconf 55' lang='lat' dir='ltr'>percipiendis</span> <span class='ocrx_word' id='word_1_443' title='bbox 908 2467 983 2490; x_wconf 50' lang='lat' dir='ltr'>„vm-0</span> <span class='ocrx_word' id='word_1_444' title='bbox 1001 2456 1131 2490; x_wconf 54' lang='lat' dir='ltr'>decimis</span> <span class='ocrx_word' id='word_1_445' title='bbox 1148 2467 1235 2501; x_wconf 53' lang='lat' dir='ltr'>prae,</span> <span class='ocrx_word' id='word_1_446' title='bbox 1311 2448 1490 2492; x_wconf 77' lang='lat' dir='ltr'>quotannis</span> <span class='ocrx_word' id='word_1_447' title='bbox 1505 2446 1722 2490; x_wconf 68' lang='lat' dir='ltr'>persolvendis</span> <span class='ocrx_word' id='word_1_448' title='bbox 1738 2457 1777 2479; x_wconf 72' lang='lat' dir='ltr'>ew</span> <span class='ocrx_word' id='word_1_449' title='bbox 1789 2446 2009 2490; x_wconf 71' lang='lat' dir='ltr'>eleemosynis,</span> 
     </span>
     <span class='ocr_line' id='line_1_44' title="bbox 333 2500 476 2515; baseline 0 -1"><span class='ocrx_word' id='word_1_450' title='bbox 333 2502 351 2515; x_wconf 55' lang='grc' dir='ltr'>θα</span> <span class='ocrx_word' id='word_1_451' title='bbox 389 2502 401 2514; x_wconf 77' lang='grc' dir='ltr'>υ</span> <span class='ocrx_word' id='word_1_452' title='bbox 418 2500 426 2510; x_wconf 83' lang='grc'><em>“</em></span> <span class='ocrx_word' id='word_1_453' title='bbox 473 2506 476 2509; x_wconf 91' lang='grc'><strong><em>·</em></strong></span> 
     </span>
    </p>
   </div>
   <div class='ocr_carea' id='block_1_5' title="bbox 295 2498 2010 2597">
    <p class='ocr_par' dir='ltr' id='par_1_5' title="bbox 295 2498 2010 2597">
     <span class='ocr_line' id='line_1_45' title="bbox 295 2498 2010 2556; baseline 0.001 -16"><span class='ocrx_word' id='word_1_454' title='bbox 295 2522 324 2541; x_wconf 70' lang='lat' dir='ltr'>uo</span> <span class='ocrx_word' id='word_1_455' title='bbox 346 2524 367 2542; x_wconf 64' lang='lat' dir='ltr'>et</span> <span class='ocrx_word' id='word_1_456' title='bbox 389 2521 478 2542; x_wconf 72' lang='lat' dir='ltr'>Couctltt</span> <span class='ocrx_word' id='word_1_457' title='bbox 492 2510 594 2552; x_wconf 88' lang='lat' dir='ltr'>dictis,</span> <span class='ocrx_word' id='word_1_458' title='bbox 610 2511 679 2556; x_wconf 87' lang='lat' dir='ltr'>piae</span> <span class='ocrx_word' id='word_1_459' title='bbox 698 2510 869 2545; x_wconf 86' lang='lat' dir='ltr'>memoriae</span> <span class='ocrx_word' id='word_1_460' title='bbox 894 2511 1063 2544; x_wconf 84' lang='lat' dir='ltr'>Clementis</span> <span class='ocrx_word' id='word_1_461' title='bbox 1081 2510 1181 2555; x_wconf 85' lang='lat' dir='ltr'>Papae</span> <span class='ocrx_word' id='word_1_462' title='bbox 1201 2510 1234 2551; x_wconf 65' lang='lat' dir='ltr'>V,</span> <span class='ocrx_word' id='word_1_463' title='bbox 1312 2511 1396 2544; x_wconf 79' lang='lat' dir='ltr'>quae</span> <span class='ocrx_word' id='word_1_464' title='bbox 1416 2501 1447 2532; x_wconf 53' lang='lat'>²¹1³</span> <span class='ocrx_word' id='word_1_465' title='bbox 1465 2510 1562 2541; x_wconf 70' lang='lat' dir='ltr'>&#39;&#39;e.‘l¹1⁰</span> <span class='ocrx_word' id='word_1_466' title='bbox 1580 2500 1608 2533; x_wconf 85' lang='grc' dir='ltr'><em>Ρ</em></span> <span class='ocrx_word' id='word_1_467' title='bbox 1610 2498 1754 2541; x_wconf 66' lang='grc' dir='ltr'><em>ΟΓΙΠθαΗ</em></span> <span class='ocrx_word' id='word_1_468' title='bbox 1758 2499 1808 2532; x_wconf 46' lang='grc' dir='ltr'>’Ἀθ</span> <span class='ocrx_word' id='word_1_469' title='bbox 1823 2509 1862 2532; x_wconf 67' lang='lat'>0⁵⁶</span> <span class='ocrx_word' id='word_1_470' title='bbox 1873 2499 2010 2543; x_wconf 61' lang='lat' dir='ltr'>l‘rfl&#39;ile·</span> 
     </span>
     <span class='ocr_line' id='line_1_46' title="bbox 1313 2551 1815 2597; baseline -0.006 -10"><span class='ocrx_word' id='word_1_471' title='bbox 1313 2554 1378 2597; x_wconf 73' lang='lat' dir='ltr'>qiis</span> <span class='ocrx_word' id='word_1_472' title='bbox 1396 2554 1558 2586; x_wconf 76' lang='lat' dir='ltr'>cruciatae</span> <span class='ocrx_word' id='word_1_473' title='bbox 1579 2552 1781 2595; x_wconf 71' lang='lat' dir='ltr'>colligyuntur</span> <span class='ocrx_word' id='word_1_474' title='bbox 1797 2551 1815 2583; x_wconf 87' lang='lat'>¹.</span> 
     </span>
    </p>
   </div>
   <div class='ocr_carea' id='block_1_6' title="bbox 1249 1569 1256 2683">
    <p class='ocr_par' dir='ltr' id='par_1_6' title="bbox 1249 1569 1256 2683">
     <span class='ocr_line' id='line_1_47' title="bbox 1249 1569 1256 2683; baseline 0 0"><span class='ocrx_word' id='word_1_475' title='bbox 1249 1569 1256 2683; x_wconf 95' lang='lat' dir='ltr'> </span> 
     </span>
    </p>
   </div>
   <div class='ocr_carea' id='block_1_7' title="bbox 529 2624 1778 2716">
    <p class='ocr_par' dir='ltr' id='par_1_7' title="bbox 529 2624 1778 2716">
     <span class='ocr_line' id='line_1_48' title="bbox 531 2624 1255 2670; baseline 0 -8"><span class='ocrx_word' id='word_1_476' title='bbox 531 2637 542 2662; x_wconf 80' lang='grc' dir='ltr'>ι</span> <span class='ocrx_word' id='word_1_477' title='bbox 561 2635 630 2662; x_wconf 81' lang='lat' dir='ltr'>Edit.</span> <span class='ocrx_word' id='word_1_478' title='bbox 648 2635 727 2663; x_wconf 78' lang='lat' dir='ltr'>Maio.</span> <span class='ocrx_word' id='word_1_479' title='bbox 742 2635 806 2668; x_wconf 63' lang='lat' dir='ltr'>tegit</span> <span class='ocrx_word' id='word_1_480' title='bbox 826 2635 1020 2670; x_wconf 62' lang='lat' dir='ltr'>impositiones</span> <span class='ocrx_word' id='word_1_481' title='bbox 1034 2635 1072 2670; x_wconf 78' lang='lat' dir='ltr'>(n.</span> <span class='ocrx_word' id='word_1_482' title='bbox 1090 2636 1138 2669; x_wconf 85' lang='grc' dir='ltr'>τ.).</span> <span class='ocrx_word' id='word_1_483' title='bbox 1253 2624 1255 2647; x_wconf 76' lang='lat'>³</span> 
     </span>
     <span class='ocr_line' id='line_1_49' title="bbox 529 2675 1778 2716; baseline -0.005 -8"><span class='ocrx_word' id='word_1_484' title='bbox 529 2680 548 2707; x_wconf 76' lang='lat'><strong>2</strong></span> <span class='ocrx_word' id='word_1_485' title='bbox 561 2679 631 2708; x_wconf 75' lang='lat' dir='ltr'>Edit.</span> <span class='ocrx_word' id='word_1_486' title='bbox 647 2681 731 2708; x_wconf 79' lang='lat' dir='ltr'>Mam.</span> <span class='ocrx_word' id='word_1_487' title='bbox 747 2681 811 2715; x_wconf 79' lang='lat' dir='ltr'>legit</span> <span class='ocrx_word' id='word_1_488' title='bbox 827 2681 857 2707; x_wconf 77' lang='lat' dir='ltr'>in</span> <span class='ocrx_word' id='word_1_489' title='bbox 878 2689 927 2716; x_wconf 86' lang='lat' dir='ltr'>pro</span> <span class='ocrx_word' id='word_1_490' title='bbox 942 2683 968 2707; x_wconf 80' lang='lat' dir='ltr'>el</span> <span class='ocrx_word' id='word_1_491' title='bbox 983 2686 1020 2708; x_wconf 78' lang='lat' dir='ltr'>tn.</span> <span class='ocrx_word' id='word_1_492' title='bbox 1036 2684 1084 2710; x_wconf 84' lang='grc' dir='ltr'>τ.).</span> <span class='ocrx_word' id='word_1_493' title='bbox 1254 2691 1256 2693; x_wconf 58' lang='grc'><strong><em>’</em></strong></span> <span class='ocrx_word' id='word_1_494' title='bbox 1311 2680 1319 2706; x_wconf 90' lang='lat' dir='ltr'>l</span> <span class='ocrx_word' id='word_1_495' title='bbox 1344 2678 1379 2705; x_wconf 74' lang='lat' dir='ltr'>Ex</span> <span class='ocrx_word' id='word_1_496' title='bbox 1402 2678 1507 2713; x_wconf 77' lang='lat' dir='ltr'>llegest.</span> <span class='ocrx_word' id='word_1_497' title='bbox 1531 2678 1557 2704; x_wconf 90' lang='lat' dir='ltr'>iu</span> <span class='ocrx_word' id='word_1_498' title='bbox 1578 2676 1681 2704; x_wconf 83' lang='lat' dir='ltr'>Secret.</span> <span class='ocrx_word' id='word_1_499' title='bbox 1704 2675 1778 2704; x_wconf 79' lang='lat' dir='ltr'>Brev.</span> 
     </span>
    </p>
   </div>
   <div class='ocr_carea' id='block_1_8' title="bbox 2020 263 2276 301">
    <p class='ocr_par' dir='ltr' id='par_1_8' title="bbox 2020 263 2276 301">
     <span class='ocr_line' id='line_1_50' title="bbox 2020 263 2276 301; baseline 0.008 -10"><span class='ocrx_word' id='word_1_500' title='bbox 2020 265 2068 292; x_wconf 76' lang='lat' dir='ltr'>An.</span> <span class='ocrx_word' id='word_1_501' title='bbox 2084 264 2114 292; x_wconf 89' lang='lat' dir='ltr'>C.</span> <span class='ocrx_word' id='word_1_502' title='bbox 2130 263 2195 293; x_wconf 78' lang='lat'>¹62¹</span> <span class='ocrx_word' id='word_1_503' title='bbox 2262 293 2276 301; x_wconf 63' lang='grc'>,</span> 
     </span>
    </p>
   </div>
   <div class='ocr_carea' id='block_1_9' title="bbox 2015 330 2200 407">
    <p class='ocr_par' dir='ltr' id='par_1_9' title="bbox 2015 330 2200 407">
     <span class='ocr_line' id='line_1_51' title="bbox 2016 330 2198 354; baseline -0.022 0"><span class='ocrx_word' id='word_1_504' title='bbox 2016 331 2142 354; x_wconf 68' lang='lat' dir='ltr'>viennensi·</span> <span class='ocrx_word' id='word_1_505' title='bbox 2156 330 2198 350; x_wconf 71' lang='lat' dir='ltr'>nta-</span> 
     </span>
     <span class='ocr_line' id='line_1_52' title="bbox 2015 359 2200 407; baseline -0.011 -27"><span class='ocrx_word' id='word_1_506' title='bbox 2015 363 2061 407; x_wconf 53' lang='lat' dir='ltr'>t‘qia</span> <span class='ocrx_word' id='word_1_507' title='bbox 2086 359 2200 379; x_wconf 67' lang='lat' dir='ltr'>observan-</span> 
     </span>
    </p>
   </div>
   <div class='ocr_carea' id='block_1_10' title="bbox 2023 1557 2208 1607">
    <p class='ocr_par' dir='ltr' id='par_1_10' title="bbox 2023 1557 2208 1607">
     <span class='ocr_line' id='line_1_53' title="bbox 2023 1557 2208 1607; baseline -0.005 0"><span class='ocrx_word' id='word_1_508' title='bbox 2023 1557 2208 1607; x_wconf 55' lang='lat' dir='ltr'>aafass&#39;lil&#39;ss’u’</span> 
     </span>
    </p>
   </div>
   <div class='ocr_carea' id='block_1_11' title="bbox 2220 0 2293 3231">
    <p class='ocr_par' dir='ltr' id='par_1_11' title="bbox 2220 0 2293 3231">
     <span class='ocr_line' id='line_1_54' title="bbox 2220 0 2293 3231; baseline 0 0"><span class='ocrx_word' id='word_1_509' title='bbox 2220 0 2293 3231; x_wconf 95' lang='lat' dir='ltr'> </span> 
     </span>
    </p>
   </div>
  </div>
 </body>
</html>
