2293 3231
554 283 617 318 738
687 274 707 293 '
1111 291 1291 315 ammaum
1314 290 1469 316 Romnum

522 340 721 374 facultatibus
753 345 781 372 et
810 338 937 371 indultis
970 338 1087 371 eisdem
1113 338 1263 372 fratribus
1279 346 1282 378 ξ
1298 348 1376 380 rem,
1401 338 1459 372 sub
1483 339 1600 372 annulo
1622 338 1806 380 piscatoris,
1829 339 1880 372 dle
1892 348 1966 373 xxxi
1988 348 2041 372 au—

524 402 586 428 tam
614 395 643 426 in
669 403 784 436 genere
810 402 903 435 quam
930 391 960 424 in
985 392 1104 435 specie,
1129 402 1165 424 ac
1189 391 1264 424 alias
1299 392 1382 435 gusti
1409 401 1556 431 uocxxn,
1576 391 1777 436 pontificatus
1792 393 1892 426 nostri
1909 401 2038 426 annon.

524 446 769 491 quomodolibet,
794 451 855 478 tam
882 456 938 488 per
962 455 1019 477 nos
1044 455 1138 488 quam
1159 455 1217 488 per
1237 441 1282 477 a-i
1334 453 1391 482 Dat.
1414 454 1458 482 die
1478 453 1508 482 31
1527 454 1633 490 augusti
1654 453 1730 487 1622,
1746 454 1949 490 pontif.an.1i.

523 501 581 533 lios
595 509 811 543 quoscumque
830 498 988 531 Romanos
1002 498 1167 531 Pontifices
1179 494 1283 541 pras}

523 553 703 586 decessores
726 557 851 585 nostros
875 552 1054 592 concessis,
1079 546 1283 584 auctoritateT

524 612 553 639 et
583 613 690 639 tenore
716 606 884 649 praedictis
914 605 951 638 dc
982 615 1082 645 novo,
1112 609 1283 649 quatenus

523 670 602 704 opus
627 659 675 699 sit,
700 659 852 701 erig-imus
876 662 905 692 et
929 658 1131 691 instituimus.

570 713 584 756 g
608 712 659 745 42).
686 713 747 745 Nec
764 722 827 745 non
847 712 965 745 eisdem
983 711 1133 744 fratribus
1153 710 1268 744 Discat-

500 760 509 769 ”
527 766 632 806 cernis,
657 771 690 798 ut
715 765 864 798 omnibus
880 770 909 798 et
927 765 1059 807 singulis
1082 764 1266 808 privilegiis,
1283 786 1285 800 2

443 816 510 851 ““““““-
526 819 635 863 gratiis
653 824 682 852 et
703 819 841 859 indultis,
858 824 921 851 tam
939 819 1156 863 spiritualibus
1172 828 1266 862 quam
1283 850 1285 855 .

345 897 354 909 ,
375 871 401 909 '.'''
419 899 433 907 .,
461 872 509 916 ζ’
526 873 777 917 temporalibus,
810 872 982 906 dummodo
1013 872 1075 905 siut
1099 872 1130 904 in
1154 882 1214 905 usu
1238 871 1285 912 et}

526 937 587 960 non
612 927 673 959 sint
698 932 860 966 revocata,
887 937 989 970 neque
1021 926 1078 959 sub
1110 920 1285 970 aliquibus}

525 980 780 1013 revocationibus
797 980 1037 1024 comprehensa,
1051 990 1087 1012 ac
1099 980 1179 1013 sacri
1193 980 1270 1013 Con—
1284 991 1286 1007 :

526 1034 588 1066 cilii
614 1033 786 1066 Tridentini
807 1033 924 1066 decreti
945 1038 976 1065 et
992 1032 1269 1066 constitutionibus

525 1087 704 1130 apostolicis
722 1097 784 1119 non
802 1086 1018 1126 adversentur,
1038 1092 1069 1119 et
1085 1086 1200 1130 quibus
1217 1085 1268 1118 alii
1284 1094 1286 1097 ’

526 1141 650 1174 Ordinis
675 1140 772 1173 sancti
798 1140 964 1183 Augustini
991 1141 1104 1174 fratres
1128 1145 1269 1181 utuntur,
1347 1138 1450 1182 Exigit
1474 1138 1628 1172 creditum
1654 1139 1744 1172 nobis
1768 1139 1905 1183 desuper
1923 1143 2047 1183 aposto-

524 1195 688 1238 potiuntur
712 1200 742 1227 et
765 1194 911 1237 gaudent,
937 1194 1004 1238 pari
1030 1194 1132 1227 modo‘
1146 1194 1202 1234 uti,
1219 1205 1271 1238 po·
1305 1192 1383 1224 licae
1399 1192 1558 1225 servitutis
1574 1192 1724 1229 officium,
1739 1197 1773 1225 ut
1785 1192 1824 1224 ad
1838 1202 1884 1232 ea,
1897 1202 1954 1236 per
1965 1203 2046 1236 quae

526 1248 611 1280 tirict
629 1248 767 1290 gaudere
785 1248 884 1280 libere
905 1252 934 1280 et
957 1247 1040 1280 licite
1065 1247 1196 1287 valeant,
1221 1258 1272 1280 au·
1305 1246 1410 1279 lilibus
1430 1251 1460 1279 et
1477 1246 1701 1279 controversiis
1722 1246 1803 1279 inter
1826 1245 2048 1279 christifideles

527 1302 672 1335 ctoritate
696 1307 726 1334 et
751 1306 859 1334 tenore
882 1301 1052 1345 praedietis
1069 1301 1271 1334 concedimus
1304 1291 1472 1343 quo'slibet,
1484 1299 1670 1344 praesertim
1685 1300 1716 1332 in
1734 1300 1816 1332 alma
1835 1299 1918 1333 Urbe
1938 1302 2048 1334 nostra

528 1362 559 1388 et
583 1355 795 1397 indulgemus.
1287 1353 1464 1396 *degentes
1482 1353 1676 1386 vertentibus
1701 1353 1890 1394 occurritur,
1913 1353 2048 1388 libenter

574 1409 589 1452 ἓ
613 1408 665 1441 43.
692 1408 911 1447 Decernentes‚
936 1413 1117 1452 praesentes
1142 1408 1271 1447 litteras,
1288 1400 1520 1450 intendamus,
1546 1417 1582 1439 ac
1613 1406 1750 1450 desuper
1781 1406 1921 1439 eiusdem
1953 1406 2047 1440 officii

530 1462 646 1495 validas
664 1462 771 1494 tirmas
789 1466 817 1495 et
836 1462 977 1494 ellicaees
997 1462 1132 1494 existere
1149 1466 1177 1495 et
1196 1462 1272 1502 sore,
1288 1463 1289 1468 ’
1308 1466 1412 1504 partes
1436 1460 1648 1493 stworabiliter
1673 1460 1929 1503 interponamus,
1953 1465 2049 1504 prout

530 1527 666 1559 suosque
686 1515 843 1560 plenarios
860 1520 890 1547 et
906 1514 1046 1557 integros
1063 1514 1193 1548 effectus
1210 1525 1274 1548 sor·
1289 1512 1290 1554 l
1307 1513 1520 1557 conspicimus
1543 1513 1711 1546 salubriter
1734 1513 1891 1557 expedire.

322 294 370 320 Λιι.
387 290 417 320 C.
440 292 507 321 ¹622

2044 289 2100 318 'Am
2115 288 2147 318 c.
2168 288 2237 319 tm
2259 330 2261 333 .

1593 569 1748 602 LXXVIII.

1299 640 1486 675 Declaratio
1514 645 1544 673 et
1578 640 1769 684 approbatio
1793 640 2044 684 privileqiorum

1344 694 1851 737 notariiarclticonsraternitatis
1863 693 2044 728 Charitalis

1345 747 1384 780 de
1404 747 1483 781 Urbe
1499 748 1586 780 circa
1612 747 1876 780 transmissiones
1899 748 2046 780 commis-

1345 803 1510 835 sariorum
1534 803 1571 834 in
1595 803 1702 835 causis
1726 806 1819 834 extra
1847 801 1980 841 Urbem,
2007 812 2046 834 ac

1345 855 1608 897 reyistrationem
1626 855 1908 898 compositionum,
1927 854 2046 888 libera-

1347 908 1485 948 tionum,
1508 918 1545 940 ac
1564 918 1846 951 quarumcumque
1857 907 2046 951 qratiarum

1346 972 1367 994 a
1383 972 1477 994 sacra
1496 960 1642 994 consalta
1659 959 1908 994 concessarum¹.

1506 1031 1665 1066 Gregorius
1686 1032 1765 1066 Papa
1783 1032 1840 1065 XV,

1446 1077 1482 1104 ad
1501 1076 1636 1104 futuram
1657 1084 1703 1104 rei
1721 1078 1902 1104 memoriam.

2086 1150 2230 1174 Prooemium.

328 1423 437 1444 clau-um
452 1427 514 1448 prae-

329 1453 446 1498 sdenrvauvas
477 1449 514 1470 ad-

530 1569 581 1602 tiri
606 1575 635 1602 et
660 1569 812 1608 obtinere,
839 1579 874 1601 ac
898 1568 1136 1611 congregationi
1162 1574 1192 1601 et
1216 1569 1275 1601 t'ra·

531 1623 631 1656 tribus
656 1621 824 1666 praedictis
844 1621 874 1654 in
900 1621 1047 1654 omnibus
1071 1627 1101 1654 et
1124 1632 1181 1665 per
1205 1628 1292 1668 om-]

530 1677 582 1709 nia
606 1675 787 1720 p!euissime
805 1674 982 1718 suffragari.
1290 1684 1291 1718 l

577 1731 591 1774 ξ
615 1729 666 1762 44.
693 1729 805 1773 Sit-que
823 1729 860 1762 ab
875 1729 1021 1762 omnibus
1046 1729 1167 1762 censeri
1186 1733 1215 1763 et
1232 1729 1273 1762 ita
1290 1749 1291 1752 =

531 1795 588 1828 per
613 1794 830 1826 quoscumque
849 1783 965 1816 iudices
982 1783 1160 1816 ordinarios
1177 1788 1207 1815 et
1223 1783 1274 1815 de·

532 1838 662 1879 legatos,
687 1838 779 1869 etiam
805 1847 970 1869 causarum
989 1836 1093 1880 palatii
1111 1836 1274 1880 apostolici
1290 1848 1291 1854 ¹

533 1890 700 1931 auditores,
727 1890 858 1923 iudicari
883 1890 1015 1930 debere,
1041 1900 1076 1923 ac
1102 1890 1225 1923 irritum
1246 1893 1275 1922 et

534 1945 624 1978 inane
643 1944 666 1977 si
693 1955 782 1978 secus
799 1954 893 1987 super
910 1943 957 1977 his
975 1954 990 1976 a
1009 1954 1180 1988 quoquam,
1204 1953 1276 1987 qua-

534 1999 580 2031 vis
605 1998 810 2036 auctoritate,
835 1998 971 2031 scienter
1002 1998 1050 2030 vel
1084 1997 1275 2040 ignoranter,

535 2052 701 2094 contigerit
719 2050 874 2084 attentari.
1292 2089 1293 2099 ἵ

579 2106 594 2149 ξ
617 2105 668 2138 45.
703 2106 768 2138 Non
799 2104 996 2138 obstantibus
1021 2104 1169 2137 omnibus
1193 2103 1254 2137 illis
1269 2131 1276 2145 ‚
1292 2109 1295 2147 ᾗ

359 1741 387 1761 Ae
403 1740 432 1760 ita
442 1741 462 1759 et
477 1745 517 1759 non

333 1768 394 1787 aliter
435 1766 516 1787 delium

333 1796 412 1814 statuit.

363 2113 471 2134 Contraria
483 2119 518 2134 :iu-

336 2140 382 2161 lert.

1292 2048 1393 2092 {quod
1414 2048 1635 2088 commissarii,
1653 2048 1716 2081 sive
1736 2059 1794 2092 per
1814 2049 1932 2082 litteras
1948 2054 2053 2093 paten-

1352 1567 1366 1610 ς
1390 1566 1419 1599 t.
1445 1567 1520 1600 Cum
1540 1567 1654 1610 itaque,
1677 1566 1756 1600 sicut
1772 1566 1962 1611 accepimus,
1977 1576 2049 1610 pro·
2076 1604 2081 1608 ⁵
2112 1577 2250 1609 envaegr

1308 1620 1411 1664 posita
1441 1620 1517 1653 alias
1548 1621 1606 1653 sub
1638 1620 1688 1653 die
1721 1630 1741 1653 x
1774 1620 1952 1653 decembris
1974 1620 2047 1654 anni
2061 1609 2133 1652 ξέἓῗιῖε
2149 1610 2252 1654 ⁰⁰3¹?ss

1309 1673 1431 1707 Domini
1457 1684 1574 1707 mocxxi
1604 1673 1636 1706 in
1661 1674 1905 1717 congregatione
1923 1657 2250 1716 venei-a-ig'issn‘ffissmiq'.

1308 1727 1417 1760 bil‘ium
1443 1727 1574 1760 fratrum
1600 1732 1782 1761 nostrorum
1800 1726 1830 1759 S.
1849 1727 1882 1760 R.
1899 1727 1933 1760 E.
1951 1726 2049 1760 cardi·
2062 1713 2248 1760 iii'riimem'ss‘iiss‘im.

1308 1781 1425 1813 nalium
1444 1780 1579 1823 negotiis
1595 1780 1815 1814 Status·nosti·i
1839 1765 2224 1814 Ecclesiastici35312?¹²¹¹¹¹¹'²‘¹

1309 1834 1560 1878 praepositorum
1577 1836 1670 1867 causa
1694 1834 1932 1877 privilegiorum
1950 1834 2050 1868 archi—

1309 1887 1573 1920 conflatu-nitatis
1609 1887 1638 1920 S.
1671 1888 1852 1932 Hieronymi
1884 1887 2050 1922 Chat-itatis

1309 1945 1507 1984 nuncupatae
1521 1939 1559 1973 de
1582 1940 1674 1981 Urbe,
1696 1941 1776 1973 inter
1796 1946 1900 1974 cetera
1925 1942 1984 1974 sub
2000 1941 2051 1975 die

1310 2003 1340 2027 lx
1364 1994 1465 2027 martii
1485 1994 1658 2038 praesentis
1675 1995 1747 2027 anni
1766 1995 1928 2028 decretum
1945 1995 2050 2037 suerit,

1311 2107 1356 2134 tes
1385 2101 1641 2144 congregationis
1667 2102 1864 2142 transmissi,
1889 2106 2052 2136 teneantur

535 2169 614 2202 quae
628 2158 658 2190 in
671 2158 761 2191 dictis
774 2158 885 2191 litteris
899 2167 1047 2191 concessa
1065 2163 1136 2190 sunt
1150 2167 1211 2190 non
1226 2158 1278 2190 ob·
1293 2152 1295 2171 ³
1311 2165 1471 2188 assumere
1495 2155 1653 2188 notarium
1678 2155 1778 2189 dictae
1795 2155 2054 2190 archiconfrater-

536 2217 627 2252 stare,
641 2212 817 2255 ceterisque
833 2211 999 2245 contrariis
1015 2211 1276 2254 quibuscumque.
1293 2224 1295 2253 ς
1312 2208 1426 2248 nitatis,
1444 2209 1591 2253 quodque
1609 2209 1639 2241 in
1653 2214 1814 2253 posterum
1831 2219 1895 2242 non
1911 2209 2054 2243 commit-

581 2266 596 2309 g
620 2264 671 2297 46.
698 2265 848 2298 Volumus
872 2269 976 2297 autem
991 2291 998 2304 ,
1024 2265 1109 2308 quod
1133 2259 1295 2331 praesen-¹
1314 2268 1417 2295 tantur
1441 2273 1552 2295 causae
1577 2263 1670 2296 alicui
1700 2262 1869 2303 tribunali,
1893 2262 1953 2296 nisi
1982 2268 2054 2308 post

536 2318 615 2350 tium
637 2318 850 2361 transumptis
875 2318 970 2350 etiam
996 2318 1168 2361 impressis,
1184 2329 1277 2351 manu
1312 2316 1582 2350 transmissionem
1609 2316 1912 2358 commissariorum,
1933 2322 1964 2350 et
1986 2317 2052 2351 viso

537 2371 668 2403 alicuius
693 2371 805 2403 notarii
831 2370 949 2414 publici
974 2371 1172 2414 subscriptis,
1189 2376 1220 2404 et
1242 2371 1279 2404 si-
1294 2382 1297 2418 ι
1312 2380 1462 2413 processu
1479 2381 1536 2414 per
1553 2380 1606 2404 eos
1623 2370 1789 2410 fabricat03
1804 2374 1835 2403 et
1850 2369 2052 2414 postmodum

537 2424 612 2465 gillo
636 2424 768 2456 alicuius
792 2434 945 2467 personae
963 2424 993 2457 in
1013 2424 1164 2467 dignitate
1184 2423 1295 2458 eccle?
1312 2424 1500 2458 venerabilis
1534 2424 1631 2457 frater
1661 2429 1768 2457 noster
1798 2423 1943 2457 Octavius
1974 2424 2053 2468 epis-

538 2477 661 2510 siastica
676 2477 862 2510 constitutae
877 2477 1015 2516 munitis,
1026 2477 1133 2510 eadem
1148 2489 1279 2521 prorsus
1312 2489 1410 2522 copus
1435 2478 1655 2511 Praenestinus
1678 2477 1836 2510 Bandinus
1867 2481 1897 2511 et
1920 2477 2052 2512 dilectus

377 2272 521 2297 Tranmmptis

338 2298 397 2319 endi
412 2300 476 2320 iubet.

538 2529 615 2562 fides
637 2530 752 2573 ubique
776 2531 972 2571 adhibeatur,
989 2542 1068 2575 quae
1090 2531 1163 2575 ipsis
1190 2542 1278 2575 prae-

540 2582 679 2616 sentibus
703 2583 920 2624 adhiberetur,
945 2584 970 2616 si
995 2585 1097 2617 forent
1121 2584 1277 2617 exhibitae

541 2636 587 2666 vel
612 2641 764 2668 ostensae.

586 2688 695 2721 Datum
719 2689 846 2731 Romae,
874 2690 957 2734 apud
981 2690 1010 2724 S.
1035 2691 1163 2724 Mariam
1186 2691 1278 2724 Maio·
1310 2699 1348 2734 (in
1363 2698 1390 2725 h.
1407 2706 1434 2726 n.
1451 2698 1514 2726 edit.
1529 2704 1594 2734 xm,
1611 2702 1675 2726 tom.
1690 2705 1718 2733 v,
1733 2705 1795 2734 pag.
1813 2698 1884 2733 739).

1348 2567 1358 2592 1
1378 2565 1605 2601 Approhationem
1630 2564 1709 2600 huius
1731 2565 1970 2600 confraternitatis,
1990 2573 2052 2594 cum

1312 2611 1370 2638 aliis
1390 2610 1628 2638 constitutionibus
1648 2609 1731 2645 ipsius
1751 2609 1890 2637 materiam
1917 2610 2051 2646 tangenti-

1313 2654 1371 2687 bus,
1390 2654 1481 2681 videre
1505 2654 1606 2689 poteris
1625 2653 1650 2680 in
1668 2653 1747 2680 Leon.
1767 2653 1784 2680 Χ
1799 2654 1889 2680 Const.
1916 2661 1951 2681 xt.
1968 2654 2052 2682 Illius
