2293 3231
109 275 159 303 An.
179 274 208 303 C.
226 274 293 302 ¹622

149 336 224 358 Christi
243 335 292 357 Cor-

110 369 149 391 pm
168 363 188 384 in
211 362 293 383 Eucha—

134 1720 203 1742 Divini
213 1721 291 1742 amoris

107 1747 190 1769 flamma
206 1748 290 1771 exarsit.

107 1774 196 1801 eiusque
220 1776 291 1795 incen-

107 1800 142 1822 dio
165 1802 206 1822 vita
221 1807 291 1822 exces-

107 1827 160 1849 sisse
178 1827 238 1849 duit,

915 275 1091 300 GREGORIUS
1115 275 1156 299 xv
1180 275 1228 299 PP.

351 321 366 365 ,ξ
383 321 411 355 5.
429 320 467 354 Et
479 320 638 365 quoniam,
655 321 693 354 ad
712 321 895 365 erigendum
910 323 1044 356 sublime
1060 326 1062 347 ³

108 391 168 420 rinna
183 390 292 420 manago-
308 374 549 407 christianarum
574 374 724 407 virtutum
754 375 948 416 aedificium,
973 376 1063 422 fidei,

108 417 292 469 {iiiiae¹¹ii‡il1¹.i²12;
307 428 543 462 fundamentum
568 428 747 472 ponendum
773 429 840 469 suit,
867 429 942 462 illud
967 429 1044 462 adeo

107 470 210 499 recolens.
221 472 290 490 mente

107 498 204 517 excessu.

306 481 416 514 stabile
440 492 475 514 ac
500 481 719 514 inconcussum
743 482 891 514 Theresia
911 482 1044 515 colloca-

305 535 359 575 vit,
376 541 419 576 ut,
434 536 517 568 iuxta
535 536 664 568 verbum
684 536 817 576 Domini,
835 536 1045 579 comparanda

305 589 344 623 sit
369 589 436 623 viro
461 590 609 633 sapienti,
635 590 688 633 qui
712 589 886 622 aedificavit
916 590 1063 622 domum'

305 653 392 676 suam
416 654 512 688 supra
536 648 670 687 petram:
697 646 733 677 ea
759 644 872 676 etenim
898 643 1045 677 firmitate

305 702 502 730 sacrosancta
526 697 683 730 Ecclesiae
708 702 913 737 sacramenta,
932 702 1046 729 cetera-

304 760 364 793 que
389 750 560 783 catholicae
586 751 748 793 religionis
773 751 920 793 dogmata
940 750 1041 783 crede-

304 803 355 837 bat
379 808 410 837 et
434 804 651 844 venerabatur,
677 809 711 836 ut
734 804 898 844 maiorem,
919 807 953 838 ut
977 804 1045 847 ipsa

305 857 429 901 saepius
453 857 690 898 testificabatur,
708 857 746 890 dc
770 857 907 901 qualibet
924 868 957 890 re
977 868 1044 890 cer-

304 910 470 944 titudinem
500 911 616 944 habere
648 921 710 944 non
743 917 861 954 posset:
887 911 944 943 hac
972 910 1044 943 fidei

304 963 435 997 lucerna
472 964 661 1004 illuminata,
694 964 818 996 Domini
847 963 946 997 nostri
976 964 1045 996 Iesu

304 1016 419 1050 Christi
436 1017 556 1061 Corpus
572 1018 602 1049 in
620 1017 831 1050 sacratissima
850 1017 1045 1050 Eucharistia

304 1070 418 1103 mentis
449 1071 548 1104 oculis
572 1070 650 1103 adeo
675 1071 758 1103 clare
790 1070 987 1110 intuebatur,
1011 1076 1046 1103 ut

304 1129 467 1163 assereret,
482 1123 560 1156 nihil
578 1134 645 1156 esse
663 1123 747 1166 quod
765 1123 918 1156 invideret
935 1134 1044 1156 eorum

304 1176 500 1217 beatitudini,
514 1177 568 1220 qui
586 1177 748 1220 corporeis
762 1177 860 1210 oculis
878 1178 1044 1210 Dominum

303 1229 565 1273 conspexissent¹,
578 1234 698 1262 tantum
712 1235 816 1262 autem
831 1230 917 1262 vivae
932 1230 996 1273 spei
1014 1230 1045 1262 in

303 1282 436 1316 Domino
461 1283 679 1323 collocaverat,
705 1288 737 1315 ut
761 1283 875 1326 iugiter
900 1283 1045 1326 deplora-

303 1342 361 1377 ret,
379 1336 463 1380 quod
482 1336 600 1369 tamdiu
617 1337 648 1369 in
667 1336 822 1380 praesenti
841 1337 966 1370 mortali
983 1336 1045 1369 vita

306 1389 511 1430 detineretur,
536 1400 616 1434 quae
641 1390 699 1422 sibi
725 1390 985 1433 impedimentum
1007 1390 1047 1422 as·

304 1443 416 1484 ferret,
442 1454 503 1487 quo
535 1443 638 1476 minus
662 1453 787 1487 semper
817 1454 888 1476 cum
913 1443 1045 1476 Domino

305 1501 395 1536 esset,
413 1507 470 1529 nec
493 1507 577 1536 raro,
598 1496 673 1529 dum
695 1496 725 1528 in
750 1496 845 1529 corde
869 1507 925 1529 suo
947 1496 1046 1530 caele—

305 1549 360 1582 stis
381 1550 502 1593 patriae
524 1549 636 1592 gaudia
657 1550 860 1591 recogitabat,
879 1554 981 1582 mente
998 1561 1047 1582 ex-

305 1602 444 1644 cedebat,
462 1609 491 1636 et
511 1603 549 1635 ad
567 1613 676 1636 eorum
702 1602 884 1635 fruitionem
903 1603 933 1634 in
954 1613 1047 1635 carne

305 1656 498 1700 rapiebatur.

351 1709 366 1753 ἓ
390 1708 418 1742 6.
445 1709 505 1743 Sed
529 1710 611 1742 inter
627 1714 747 1742 ceteras
763 1710 786 1742 T
789 1709 931 1742 heresiae
951 1709 1047 1741 virtu-

305 1767 352 1796 tes
380 1763 551 1807 praecipue
576 1763 704 1797 emicuit
727 1763 853 1796 dilectio
878 1763 948 1802 Dei;
967 1773 1047 1805 quae

306 1816 383 1850 adeo
407 1817 439 1849 in
463 1817 557 1850 corde
578 1816 644 1850 eius
666 1817 790 1856 exarsit,
808 1821 842 1849 ut
863 1816 1046 1849 confessarii

306 1870 406 1914 ipsius
422 1870 589 1904 Theresiae
607 1870 970 1913 charitatem,tamquam
983 1881 1046 1903 non

307 1923 454 1964 hominis,
470 1924 523 1956 sed
540 1923 699 1957 Cherubin
719 1924 894 1967 propriam,
911 1923 1046 1956 admira-

307 1982 417 2010 rentur
436 1982 466 2010 et
485 1978 691 2018 celebrarent,
709 1988 803 2020 quam
829 1977 922 2010 etiam
942 1977 1047 2010 Domi-

308 2039 366 2062 nus
378 2035 484 2063 noster
498 2030 583 2063 Iesus
593 2030 734 2064 Christus
746 2031 851 2063 multis
865 2030 1045 2070 visionibus,

308 2093 344 2116 ac
363 2083 606 2117 revelationibus
626 2084 811 2117 mirabiliter
835 2083 934 2123 auxit;
952 2094 1048 2127 quan-

309 2135 412 2179 doque
423 2136 505 2169 enim
516 2136 587 2168 data
601 2136 738 2176 dextera,
748 2137 898 2179 clavoque
911 2141 1046 2176 ostenso,

308 2190 393 2223 illam
415 2191 446 2223 in
471 2201 617 2234 sponsam
639 2201 728 2223 suam
753 2190 928 2234 adoptavit,
954 2195 1046 2234 atque

308 2243 357 2276 his
373 2244 477 2277 verbis
496 2243 613 2287 alloqui
631 2243 778 2286 dignatus
804 2247 864 2283 cst;
883 2243 1043 2288 deinceps,

307 2301 344 2330 ut
362 2307 437 2330 vera
461 2307 576 2341 sponsa
602 2307 709 2329 meum
733 2296 850 2329 zelabis
875 2297 1025 2329 honorem
1033 2308 1045 2337 ,-

307 2351 375 2383 iam
389 2351 456 2394 ipse
468 2361 541 2383 sum
559 2355 643 2384 totus
661 2355 757 2391 tuus;
778 2354 806 2383 et
829 2354 862 2383 lu
881 2354 943 2382 tota
963 2360 1042 2382 mea.

307 2403 482 2448 Aliquando
502 2404 594 2437 etiam
615 2404 760 2446 angelum
786 2403 871 2443 vidit,
890 2403 988 2446 ignito
1004 2403 1047 2435 ia-

309 2458 379 2491 culo
396 2458 455 2490 sibi
470 2458 657 2502 praecordia
673 2457 992 2496 transverberantem,
1009 2467 1045 2489 ex

308 2511 422 2554 quihus
457 2511 642 2544 caelestibus
677 2510 767 2543 donis
798 2509 894 2541 divini
929 2509 1046 2542 amoris

308 2564 435 2597 flamma
458 2564 490 2597 iu
515 2564 581 2597 eius
606 2564 701 2597 corde
725 2563 803 2596 adeo
827 2562 1046 2602 exaestuabat,

310 2622 344 2650 ut
366 2619 502 2651 maxime
525 2618 659 2650 arduum
684 2621 790 2651 votum
816 2627 833 2648 a
856 2617 920 2649 Deo
937 2615 1046 2648 edocta

346 2680 357 2707 1
373 2679 443 2708 Edit.
460 2679 538 2708 Μαίη.
554 2680 618 2716 legit
637 2680 822 2715 compeaeisset
836 2682 874 2714 (R.
890 2678 938 2713 T.).

1717 263 1782 297 675
1827 273 1879 300 An.
1899 272 1928 299 c.
1947 273 2014 300 1622

1079 323 1217 356 emiserit.
1242 321 1395 355 efficiendi
1421 331 1544 365 semper
1569 320 1718 365 quicquid
1746 332 1818 364 per-

1079 377 1188 409 fectius
1221 387 1287 409 esse
1314 381 1343 408 et
1368 375 1405 408 ad
1431 375 1582 408 maiorem
1607 375 1660 407 Dei
1685 375 1818 417 gloriam

1061 455 1062 463 i
1078 430 1236 473 pertinere
1250 429 1446 471 intelligeret,
1460 428 1534 472 quin
1547 428 1639 461 ctiam
1656 433 1726 472 post
1739 438 1821 460 mor-

1079 488 1140 515 tem
1167 483 1289 516 cuidam
1324 482 1448 515 moniali
1474 492 1531 525 per
1556 481 1655 514 visum
1685 481 1818 513 manife—

1080 537 1180 577 stavit,
1199 547 1230 569 se
1248 546 1310 569 non
1324 536 1350 568 vi
1368 535 1481 575 morbi,
1500 535 1552 567 scd
1566 546 1601 569 cx
1617 533 1818 567 intollerabili

1079 590 1173 622 divini
1200 590 1316 623 amoris
1338 589 1482 622 incendio
1503 589 1564 621 vitat
1581 589 1760 621 excessisse.

1125 644 1139 687 ξ
1165 643 1192 676 7.
1214 643 1273 677 Sed
1294 654 1387 687 quam
1402 644 1556 686 perpetua
1574 642 1724 675 charitate
1743 652 1818 685 pro·
1849 653 2018 684 charitatem.)-

1080 697 1197 730 ximum
1223 697 1382 737 dilexerit,
1408 696 1514 729 multis
1538 695 1732 738 argumentis
1758 681 2019 738 ma-i'=¹1¹÷¹‡¹¹¹iitil¹=3‹'·i‘¹¹2l

1079 750 1224 783 nisestum
1250 750 1323 791 fuit,
1349 750 1402 783 sed
1427 749 1612 793 praesertim
1637 760 1673 782 ex
1698 748 1819 781 ardenti
1834 735 2020 790 {iflsst‘l'lfiffflffl'ijfl

1079 804 1245 845 desiderio,
1263 815 1324 848 quo
1350 805 1526 837 animarum
1553 804 1683 837 salutem
1702 803 1820 836 deside·
1836 793 1866 808 ‘¹⁰
1882 787 2018 807 ⁶⁸⁵¹'jffl'n'

1079 859 1177 891 rabat⁴
1194 858 1367 891 Insidelium
1385 858 1467 891 enim
1485 863 1515 890 et
1531 857 1762 890 haereticorum
1780 862 1821 889 te-

1079 911 1192 944 nebras
1208 912 1368 955 perpetuis
1385 911 1531 955 lacrymis
1548 910 1691 951 deflebat,
1709 921 1744 943 ac
1761 921 1820 954 pro

1079 974 1190 997 eorum
1211 964 1438 997 illuminatione
1458 974 1520 997 non
1545 964 1645 996 solum
1671 964 1759 1007 iuges
1783 963 1821 995 ad

1080 1017 1176 1050 Deum
1190 1028 1300 1061 preces
1311 1018 1468 1058 fundebat,
1479 1018 1532 1051 sed
1543 1022 1571 1049 et
1584 1017 1708 1057 ieiunia,
1718 1017 1822 1060 flagel-

1079 1071 1220 1111 lationes,
1239 1082 1274 1103 ac
1291 1071 1367 1103 alias
1383 1071 1486 1104 carnis
1504 1070 1730 1104 macerationes
1748 1069 1821 1103 offe-

1080 1123 1177 1156 rebat.
1190 1124 1355 1168 Proposuit
1365 1125 1457 1157 ctiam
1472 1129 1577 1157 sancta
1586 1123 1675 1166 virgo
1685 1123 1716 1155 in
1726 1122 1821 1156 corde

1081 1187 1153 1216 sno,
1178 1177 1299 1210 nullum
1324 1177 1407 1209 diem
1435 1178 1501 1209 sine
1530 1177 1690 1209 charitatis
1718 1176 1820 1209 officio

1080 1230 1265 1273 transigere3
1277 1231 1308 1263 in
1321 1241 1383 1274 quo
1398 1231 1489 1263 etiam
1504 1231 1585 1263 Deus
1598 1230 1655 1274 ipsi
1670 1230 1820 1262 auxilium

1081 1284 1251 1327 praestitit:
1270 1295 1444 1327 numquam
1461 1284 1543 1316 enim
1569 1284 1596 1316 ei
1620 1284 1733 1323 defuit,
1754 1283 1821 1326 ipso

1080 1337 1253 1380 largiente,
1279 1337 1471 1370 exercendae
1496 1336 1656 1370 charitatis
1687 1336 1820 1369 occasio.

1125 1391 1139 1433 ἓ
1164 1390 1193 1424 8.
1219 1390 1403 1423 Mirabiliter
1428 1396 1530 1423 autem
1557 1390 1675 1422 imitata
1700 1395 1746 1422 est
1765 1389 1841 1427 Dos
1860 1398 2020 1436 incitatione

1081 1444 1201 1476 minum
1221 1450 1365 1477 nostrum
1390 1445 1491 1478 Iesum
1517 1444 1674 1478 Christum
1695 1445 1726 1476 in
1746 1444 1822 1476 dile·
1837 1431 2020 1497 'rgii'iiit‘ssiummi'is

1081 1498 1183 1531 ctione
1218 1498 1437 1531 inimicorum:
1466 1509 1537 1531 nam
1575 1509 1646 1531 eum
1679 1498 1821 1541 ingentes
1836 1484 1889 1526 {siin
1938 1481 2020 1499 ”mma

1081 1557 1243 1595 pateretur
1273 1553 1509 1596 persecutiones
1540 1556 1570 1586 et
1601 1552 1821 1591 adversitates,

1081 1605 1231 1648 diligebat
1255 1610 1360 1638 tamen
1391 1611 1632 1649 persequentes,
1657 1610 1688 1638 et
1711 1605 1822 1638 orabat

1080 1669 1138 1702 pro
1163 1659 1221 1699 his,
1247 1659 1300 1702 qui
1326 1659 1457 1692 oderant
1481 1669 1528 1699 se,
1554 1659 1696 1703 quinimo
1721 1658 1819 1692 detri-

1082 1718 1185 1745 menta
1205 1718 1234 1745 et
1259 1712 1459 1753 offensiones,
1477 1723 1554 1756 quas
1577 1712 1821 1756 perpetiebatur,

1081 1766 1198 1799 amoris
1220 1771 1248 1798 et
1274 1765 1434 1799 charitatis
1459 1765 1519 1809 ipsi
1544 1776 1647 1799 escam
1668 1765 1822 1798 ministra-

1080 1819 1164 1860 bant,
1183 1820 1260 1853 adeo
1278 1825 1312 1852 ut
1334 1819 1393 1852 viri
1418 1829 1528 1862 graves
1545 1819 1649 1852 dicere
1674 1819 1820 1852 solerent:

1081 1873 1140 1917 qui
1156 1874 1266 1906 amari
1282 1884 1303 1905 α
1323 1873 1474 1906 ΤΙιρνεεία,
1500 1873 1601 1913 vellet,
1621 1873 1739 1906 damno
1763 1876 1818 1906 aut

1083 1927 1211 1959 iniuria
1236 1931 1271 1959 ut
1296 1937 1366 1959 eam
1390 1926 1540 1970 afficeret,
1564 1931 1716 1970 oportere.

1125 1979 1140 2021 g
1164 1980 1193 2011 9.
1219 1979 1295 2011 Vota
1331 1990 1426 2020 vero,
1452 1989 1531 2022 quae
1563 1979 1595 2011 in
1625 1979 1820 2023 professione

1082 2032 1253 2074 Religionis
1278 2032 1341 2065 Deo
1366 2039 1503 2072 voverat,
1525 2032 1660 2065 maxima
1689 2034 1765 2065 cura
1785 2043 1820 2065 ac

1081 2084 1241 2127 diligentia
1258 2085 1410 2117 reddidit:
1428 2096 1485 2118 nec
1501 2086 1585 2118 enim
1602 2086 1820 2119 tantummodo

1081 2149 1190 2171 omnes
1215 2138 1388 2172 exteriores
1411 2144 1498 2171 actus
1523 2139 1724 2183 superiorum
1741 2139 1822 2172 arbi-

1082 2192 1142 2225 trio
1159 2192 1296 2224 maxima
1313 2203 1385 2224 cum
1406 2192 1566 2226 habilitate
1584 2193 1712 2236 spiritus
1730 2192 1821 2235 perfi-

1081 2245 1200 2285 ciebat,
1226 2246 1279 2278 sed
1310 2245 1444 2279 firmiter
1469 2246 1562 2278 etiam
1588 2246 1618 2278 in
1645 2246 1739 2278 corde
1764 2256 1820 2278 suo

1081 2297 1257 2337 constituit,
1283 2307 1393 2330 eorum
1419 2297 1569 2330 voluntati
1595 2307 1703 2330 omnes
1727 2296 1820 2329 etiam

1081 2350 1286 2392 cogitationes
1300 2360 1371 2382 suas
1384 2350 1547 2382 subiicere.
1561 2349 1654 2383 Cuius
1668 2349 1761 2381 etiam
1776 2349 1821 2381 rei

1081 2403 1208 2445 egregia
1232 2403 1377 2446 exempla
1400 2403 1536 2446 reliquit;
1556 2413 1628 2435 nam
1652 2402 1820 2435 Dominum

1081 2456 1183 2488 Iesum
1203 2455 1362 2488 Christum
1388 2455 1446 2488 sibi
1471 2456 1593 2499 saepius
1617 2461 1820 2498 apparentem

1081 2509 1247 2552 aliquando
1263 2519 1279 2541 a
1293 2509 1490 2542 confessariis
1504 2508 1596 2549 iussa,
1612 2508 1665 2552 qui
1679 2508 1821 2541 delusam

1080 2563 1118 2595 ab
1136 2563 1247 2605 angelo
1272 2563 1473 2595 tenebrarum
1499 2563 1746 2606 suspicabantur,
1764 2563 1822 2595 hu-

1082 2616 1197 2648 militer
1221 2616 1339 2656 irrisit,
1365 2616 1562 2659 sprevitque,
1586 2615 1640 2649 sed
1667 2626 1730 2649 non
1755 2615 1820 2648 sine

1081 2680 1195 2713 magno
1220 2674 1283 2702 tam
1314 2669 1489 2714 profundae
1513 2669 1708 2703 obedientiae
1732 2674 1827 2713 prae-'

1849 1983 1874 2004 Et
1884 1984 1970 2009 spiritus
1982 1984 2020 2005 hu-

1835 2012 1922 2031 militate
1954 2011 2020 2032 admi-

1837 2038 1933 2058 rabilttei·
1957 2043 2022 2064 prae-

1837 2064 1899 2085 fulsit.
