2293 3231
33 288 80 314 An.
97 288 123 314 C.
150 288 213 315 1612

852 290 970 313 PAULI&
996 290 1013 312 V
1038 291 1084 313 FP*

228 336 350 368 notario
367 340 451 367 scuta
469 335 542 373 duo,
560 336 663 377 sigillo
689 336 842 368 bononem
870 337 964 378 vigin-

229 389 371 431 tiseptem
390 398 461 420 cum
479 388 618 421 dimidio.

270 441 321 474 ⁶25.
347 441 522 474 Mandatum
548 442 734 486 suspicientis
752 443 840 483 fugae
866 455 964 487 usque

226 495 264 527 ad
289 505 520 538 quamcumque
545 507 712 535 summam,
737 497 829 528 etiam
858 497 964 538 vigore.

226 547 425 589 obligationis
446 549 619 588 cameratis,
637 560 694 593 pro
712 560 774 582 uno
800 540 847 581 wi
870 550 964 593 piuri-

227 600 295 640 hus,
320 604 354 632 ut
378 610 481 643 supra,
499 601 590 633 ctiam
617 607 703 645 parte
720 602 824 642 citata,
842 603 963 635 notario

226 652 292 685 iulii
309 652 446 697 quinque
460 665 530 686 cum
544 654 683 695 dimidio,
693 655 795 697 sigillo
808 656 962 689 bononeni

228 705 458 750 vigintiseptem
477 718 547 739 cum
566 707 705 741 dimidio.

269 759 321 793 ⁶26.
347 759 525 793 Mandatum
550 761 772 804 exequutivum
802 772 900 805 usque
925 761 963 793 ad

226 817 313 846 scuta
329 812 588 857 vigintiquinque,
601 824 659 857 pro
673 824 736 847 uno
746 814 791 846 vel
809 815 962 858 pluribus⁷

225 870 259 898 ut,
277 876 381 909 supra⁷
399 866 522 898 notario
539 866 605 898 iulii
626 866 774 910 quinque,
792 867 894 909 sigillo
911 868 963 900 bo-

224 918 337 952 noneni
355 918 585 963 vigintiseptem
603 930 674 952 cium
692 919 837 959 dimidi0;

268 971 319 1005 027.
344 972 369 1004 A
401 972 648 1016 vigintiquinque
681 983 779 1016 usque
809 974 847 1005 ad
877 974 963 1017 quin-

224 1029 326 1068 genta,
343 1026 466 1059 notario
484 1025 549 1058 iulii
575 1026 758 1069 vigintiduo,
775 1027 878 1069 sigillo
895 1028 961 1061 iulii

223 1077 385 1119 undecim;

268 1130 319 1164 28.
344 1131 368 1163 A
393 1130 571 1175 quingentis
596 1142 695 1175 usque
720 1132 757 1165 ad
783 1133 884 1174 mille,
909 1144 962 1167 no-

224 1183 304 1217 tario
336 1183 404 1216 iulii
433 1183 823 1228 quinquagintaquinque‚
856 1185 959 1229 sigillo

223 1237 289 1270 iulii
313 1236 474 1276 undecim;

266 1290 318 1324 ⁶29.
333 1291 356 1323 A
374 1290 459 1324 mille
468 1302 566 1334 usque
577 1291 615 1323 ad
629 1302 860 1335 quamcumque
879 1304 961 1325 sum-

224 1356 323 1387 mam,
346 1345 469 1378 notario
497 1350 584 1378 scuta
608 1355 719 1378 novem
752 1350 778 1378 et
812 1346 876 1379 iulii
907 1357 961 1379 no-

224 1412 303 1441 vem,
320 1400 423 1444 sigillo
440 1399 506 1432 iulii
524 1400 677 1433 undecim.

267 1455 319 1489 30.
345 1454 522 1488 Mandatum
554 1454 592 1487 de
623 1455 871 1495 excarcerando,
896 1455 960 1488 sive

224 1508 401 1548 relaxando,
418 1518 476 1552 pro
493 1518 555 1541 uno
571 1508 617 1540 vel
635 1508 788 1551 pluribus,
806 1513 837 1541 ut
855 1519 960 1552 supra,

225 1562 255 1595 in
268 1562 378 1595 eadem
392 1562 495 1601 causa,
513 1561 635 1594 notario
649 1561 715 1593 iulii
733 1561 872 1605 quinque
888 1573 959 1594 cum

224 1615 369 1656 dimidio,
401 1615 504 1657 sigillo
540 1615 694 1648 bononeni
729 1615 959 1659 vigintisel'utem

224 1681 296 1704 cum
320 1669 459 1703 dimidio.

267 1724 318 1757 311.
344 1724 404 1756 Pro
424 1723 565 1756 examine
579 1722 745 1755 cuiuslibet
770 1724 855 1756 testis
873 1724 901 1756 in
920 1724 961 1757 os-

224 1777 306 1817 ficio,
324 1781 387 1809 tam
413 1775 443 1808 in
467 1775 695 1808 commissaliis
711 1787 805 1819 quam
826 1776 856 1808 in
880 1777 961 1809 ordi-

223 1830 337 1870 nariis,
362 1840 434 1862 cum
458 1829 598 1862 articulis
630 1834 660 1861 et
688 1829 958 1872 interrogatoriis,

223 1883 346 1918 notario
370 1883 437 1916 iulii
458 1888 607 1927 quatuor;

266 1937 318 1971 3⁶2.
343 1937 374 1971 Si
398 1942 503 1970 autem
527 1947 622 1981 super
639 1937 778 1970 materiis
804 1939 959 1981 expressis

224 1991 255 2024 in
267 1990 424 2031 citatione,
441 1990 508 2023 iulii
523 1990 585 2023 duo
599 2001 606 2029 3

267 2043 319 2077 33.
344 2044 438 2077 Extra
454 2043 603 2084 officium,
617 2044 758 2087 capiatur
774 2044 903 2088 duplum
918 2057 925 2085 ;

266 2097 318 2131 34.
343 2098 377 2130 In
397 2097 572 2138 excessivis,
596 2097 727 2131 arbitrio
749 2098 870 2131 iudicis.

267 2150 319 2183 35.
344 2150 404 2183 Pro
421 2149 564 2183 examine
580 2150 747 2183 cuiuslibet
762 2151 849 2184 testis
865 2162 959 2195 super

224 2203 408 2243 intrusione,
425 2202 548 2235 notario
563 2203 657 2236 iulius
677 2213 767 2236 unus.

266 2257 318 2291 36.
342 2257 403 2290 Pro
427 2256 573 2289 mandato
590 2267 685 2300 super
701 2257 875 2290 intrusione
892 2258 958 2291 sine

224 2311 369 2352 testibus,
395 2310 489 2344 etiam
513 2320 572 2354 pro
596 2310 739 2354 pluribus
764 2316 794 2343 et
823 2312 958 2355 capitulo

224 2365 271 2398 vel
285 2364 498 2404 universitate,
508 2363 630 2397 notario
648 2363 712 2396 iulii
730 2364 869 2408 quinque
886 2376 958 2397 eum

224 2418 373 2459 dimidio,
405 2418 508 2461 sigillo
540 2417 696 2450 bononeni
729 2417 957 2461 vigintiseptem

225 2482 296 2505 cum
321 2471 461 2504 dimidio.

266 2524 319 2558 37.
344 2524 404 2558 Pro
428 2525 502 2557 notit
525 2524 695 2557 sententiae
725 2524 905 2557 diffinitivae
930 2525 959 2557 in

223 2577 326 2622 prima
350 2577 514 2617 instantia,
538 2587 596 2621 pro
621 2587 683 2610 uno
708 2577 772 2610 sive
796 2577 959 2621 pluribus,

224 2636 375 2674 utsupra,
391 2630 513 2664 notario
529 2630 596 2663 iulii
616 2630 864 2674 trigintaseptem
888 2642 959 2664 cum

225 2683 364 2724 dimidi03

308 2746 386 2774 Bull.
402 2746 483 2774 Rom.
502 2747 561 2774 Vol.
578 2746 642 2774 XII.
787 2747 820 2775 15

1647 280 1652 311 1
1669 281 1703 311 19»

1041 338 1090 369 :ts
1121 338 1150 369 ln
1168 338 1301 369 stu-undat
1323 337 1479 373 instantia,
1499 342 1584 368 scuta
1600 337 1667 372 tria‘,

1041 390 1092 422 tlt).
1122 390 1150 421 ln
1171 390 1260 421 tei-tiit
1281 389 1436 429 instantia,
1456 389 1519 421 iulii
1540 389 1721 429 vigintiduo.

1048 444 1092 475 w.
1121 445 1178 475 l'ro
1205 446 1276 475 notai
1309 444 1478 476 sententiae
1507 443 1733 481 absolutoriae,

998 508 1054 539 pro
1079 507 1140 528 utto
1165 498 1208 528 vel
1236 497 1399 539 pluribus,
1426 502 1455 528 ut
1484 508 1588 539 supra,
1611 501 1732 528 scutum

998 560 1103 581 llIlUlll.

1041 602 1092 634 sil.
1120 603 1177 634 Ιίἰ»
1195 604 1266 634 nota
1285 603 1518 643 declaratoriae,
1533 614 1590 646 pro
1608 613 1670 634 imo
1689 603 1732 635 vel

997 655 1149 698 pluribus,
1167 660 1196 687 ut
1217 666 1320 698 supra,
1338 660 1460 688 scutum
1479 666 1586 687 unum.

1041 708 1092 740 49.
1118 708 1177 740 Pro
1202 710 1274 740 nota
1302 709 1564 749 interlocutoriae,
1589 720 1647 752 pro
1672 720 1734 741 uno

997 761 1043 792 vel
1060 760 1213 804 pluribus,
1231 766 1264 793 ut,
1281 772 1385 804 supra,
1403 767 1525 794 scutum
1544 772 1652 794 unum.

1041 812 1091 845 43.
1117 813 1360 856 Transumptum
1387 818 1472 846 extra
1498 813 1616 846 curiam
1642 814 1734 847 alieu-

997 866 1044 899 ius
1068 866 1181 906 bullae,
1208 866 1418 907 instrumenti,
1443 878 1497 900 seu
1522 867 1661 907 cedulae,
1686 869 1732 900 vel

996 919 1089 951 ctiam
1114 919 1253 962 plurium
1279 919 1440 959 similium,
1466 920 1513 952 vel
1539 920 1673 952 aliorum
1692 920 1735 952 iu-

996 972 1078 1004 rium
1099 972 1129 1004 in
1146 972 1255 1004 eodem
1274 977 1471 1016 transumpto
1491 972 1734 1016 descriptorum,

995 1035 1057 1058 non
1082 1030 1186 1058 tamen
1210 1025 1248 1058 de
1279 1025 1444 1069 scripturis
1473 1025 1603 1058 archivii
1636 1036 1735 1058 came-

995 1089 1058 1119 rac,
1084 1079 1108 1111 si
1134 1078 1248 1111 fuerint
1273 1079 1304 1111 in
1328 1079 1428 1112 forma
1454 1079 1597 1123 probanti
1616 1079 1734 1122 (habita

994 1132 1115 1165 ratione
1143 1132 1316 1175 scripturae
1342 1132 1473 1165 arbitrio
1506 1132 1650 1175 iudicis),
1675 1143 1734 1176 pro

994 1195 1055 1218 uno
1081 1186 1127 1218 vel
1152 1185 1306 1229 pluribus,
1329 1190 1361 1217 ut
1385 1196 1496 1229 supra,
1521 1185 1642 1219 notario
1667 1185 1733 1218 iulii

993 1250 1064 1279 sex,
1090 1238 1193 1281 sigillo
1217 1238 1375 1271 bononeni
1402 1238 1633 1282 vigintiseptem
1662 1249 1731 1271 cum

993 1292 1131 1325 dimidio.

1038 1346 1089 1379 tt.
1116 1346 1175 1378 Pro
1201 1350 1399 1389 transumpto
1416 1345 1548 1378 alicuius
1565 1345 1667 1377 bullae
1685 1356 1732 1377 ex-

995 1406 1039 1433 tra
1065 1400 1235 1443 registrum
1261 1400 1419 1433 bullarum
1445 1399 1590 1438 archivii,
1609 1399 1732 1431 notario

993 1456 1124 1488 ducatus
1150 1465 1244 1495 unus,
1271 1453 1464 1497 sigillo-iulii
1497 1453 1635 1497 quinque
1660 1465 1730 1486 cum

993 1508 1134 1541 dimidio.

1039 1562 1088 1595 425.
1115 1563 1175 1595 Pro
1201 1567 1398 1606 transumpto
1415 1561 1546 1594 alicuius
1567 1561 1670 1593 bullae
1695 1572 1729 1593 ex

993 1616 1150 1656 archivio,
1172 1616 1296 1659 quaudo
1321 1626 1356 1648 ex
1383 1614 1506 1647 lieentiz't
1532 1614 1730 1657 superiorum

994 1669 1078 1702 dare¹
1093 1669 1268 1712 contigerit,
1280 1669 1363 1701 salve
1378 1678 1502 1711 semper
1518 1667 1731 1700 excessivitate

994 1723 1168 1767 scripturae
1191 1721 1323 1754 arbitrio
1340 1721 1461 1761 iudicis,
1476 1726 1537 1753 tam
1559 1721 1589 1753 in
1607 1726 1731 1764 sumpto

993 1788 1087 1820 quam
1102 1776 1131 1808 in
1145 1780 1352 1819 transumpto,
1362 1774 1484 1808 notario
1492 1775 1623 1807 ducatus
1640 1784 1730 1813 unus,

994 1830 1096 1873 sigillo
1114 1830 1180 1863 iulii
1198 1829 1374 1862 duodeeim.

1037 1884 1088 1917 lie.
1116 1884 1174 1916 Pro
1191 1883 1332 1927 quolibet
1348 1883 1556 1915 instrumento
1573 1881 1730 1925 publicato

995 1938 1107 1971 valoris
1118 1937 1262 1980 usquead
1273 1936 1498 1980 quinquaginta
1509 1935 1638 1968 ducatos
1651 1934 1730 1971 auri,

993 1992 1115 2025 notario
1133 1991 1198 2024 iulii
1216 1991 1364 2034 quinque,

1036 2045 1089 2077 47.
1115 2046 1218 2088 Usque
1242 2044 1279 2077 ad
1305 2049 1429 2077 centum
1456 2042 1617 2080 inclusive,
1641 2042 1730 2074 duca-

994 2104 1042 2131 tus
1067 2109 1165 2137 unus,

1036 2151 1087 2184 48.
1114 2151 1217 2194 Usque
1229 2150 1267 2183 ad
1284 2150 1483 2194 quingentos,
1501 2150 1631 2183 ducatus
1650 2160 1729 2182 uuus

992 2216 1049 2249 pro
1063 2205 1201 2249 quotibet
1220 2204 1415 2241 centenari03

1036 2258 1087 2291 49.
1113 2259 1135 2291 A
1154 2257 1332 2301 quingentis
1354 2268 1452 2300 usque
1474 2256 1511 2288 ad
1530 2256 1625 2295 mille,
1642 2256 1729 2288 dimi-

992 2312 1078 2344 dium
1102 2322 1160 2355 pro
1184 2311 1323 2354 quolibet
1346 2310 1525 2343 centenario
1533 2321 1540 2349 ;

1037 2364 1087 2397 50.
1113 2365 1137 2397 Α
1154 2364 1239 2396 mille
1256 2374 1360 2407 supra,
1372 2364 1510 2396 solvatur
1524 2373 1620 2395 unum
1639 2373 1729 2406 quar-

993 2423 1058 2451 tum
1078 2429 1137 2461 pro
1156 2417 1296 2460 quolibet
1312 2415 1491 2448 centenario
1505 2416 1683 2449 excedente.

1037 2471 1087 2505 5¹1.
1115 2472 1174 2503 Pro
1199 2469 1414 2502 instrumentis
1430 2479 1493 2501 non
1510 2469 1728 2509 cameralibus,

992 2535 1127 2568 quorum
1142 2535 1263 2557 merces
1276 2534 1338 2557 non
1354 2524 1482 2567 punitur
1496 2523 1525 2555 in
1540 2525 1654 2564 massa,
1668 2534 1729 2556 ser-

994 2584 1083 2611 vetur
1099 2583 1168 2610 taxa
1186 2577 1382 2610 notariorum
1399 2576 1551 2609 auditoris
1575 2587 1727 2610 camerae.

1030 2694 1040 2720 1
1064 2692 1164 2721 Forsan
1185 2691 1327 2728 legendum
1347 2691 1414 2720 dari
1434 2692 1469 2727 (R.
1486 2692 1534 2726 τ.).

1751 289 1786 314 Au
1816 289 1842 314 (ἶ.
1867 290 1931 315 tet?
