2293 3231
69 293 122 321 An.
139 292 168 321 G.
188 291 256 320 1622

80 618 134 644 Quid
145 618 251 644 agendum

68 646 96 666 sit
106 645 125 666 in
135 650 186 666 casu
197 651 251 666 mor-

67 672 94 693 tis
106 672 177 692 vicari·
190 677 250 697 geno-

66 698 123 722 ratis,
140 699 170 718 vet
190 698 251 718 abso·

28 735 32 741 »
65 725 151 747 lunonis
163 724 191 745 ab
207 724 251 745 osti-

66 752 164 776 cio‚aiite
182 752 250 777 exple-

66 779 108 799 tuin
124 780 205 804 tempus
218 778 250 799 sui

65 804 166 826 muneris.

65 1411 97 1434 Da
108 1412 182 1439 poenis
192 1412 249 1433 vica-

66 1439 99 1460 rio
114 1439 207 1464 generali
224 1439 249 1458 ir-

65 1465 164 1492 religioso
180 1472 250 1486 viven-

46 1494 49 1496 “
66 1491 89 1514 ti.
99 1495 136 1513 aut
150 1493 202 1513 male
213 1492 250 1512 ad-

39 1522 45 1526 '
64 1519 192 1540 ministranti
219 1519 249 1540 iu-

39 1555 43 1557 ·
66 1545 171 1572 fflgandis.

47 1686 57 1694 ‘-
79 1678 110 1700 De
120 1679 249 1700 auctoritate

65 1706 158 1732 priorum
165 1706 248 1732 provin-

38 1734 48 1759 θ
66 1732 150 1753 ciatium
166 1733 186 1753 iu
204 1734 247 1754 tota

29 1759 175 1786 spi-ovinuia
211 1759 247 1780 du-

36 1786 126 1810 ·y'rante
146 1791 185 1807 suo
205 1785 248 1807 ossi-

35 1811 108 1859 fficio.

40 1861 66 1885 ,ἲ-

78 2047 110 2069 Βο
125 2048 250 2069 officialibus

64 2074 86 2095 in
98 2076 206 2100 provincia
219 2076 250 2095 ln-

66 2101 149 2122 diarum
171 2102 248 2128 Phil-p-

82 2133 162 2157 inarum
171 2129 247 2155 eligen-

80 2159 105 2175 is.

93 2628 193 2654 Dataleis
200 2638 249 2654 con-

871 293 1047 333 GnEGontus
1071 294 1114 317 XV
1134 294 1182 318 PP.

267 339 429 373 absolutus
454 339 537 373 illius
562 340 697 381 triennii,
718 341 810 374 simul
836 352 906 374 cum
931 341 1007 374 deti-

267 393 369 426 nitore
393 398 423 426 et
450 393 585 427 discreto
610 394 692 426 illius
713 394 902 437 provinciae,
920 394 1008 427 cuius

269 445 371 479 officio
388 446 503 479 fuerint
519 457 598 490 quae
614 447 807 490 providenda
824 446 922 487 sunt¹,
936 448 1008 490 quia

267 499 420 531 maiorem
446 499 588 533 notitiam
610 499 768 533 habebunt
787 500 824 533 dc
842 505 922 532 statu
939 511 1008 544 pro-

269 551 459 591 vinciarum;

311 605 326 648 ἓ
350 604 401 638 35.
427 605 513 645 Item,
530 605 624 648 quod,
650 606 675 638 si
700 605 835 638 vicarius
852 606 1007 648 generalis

266 661 337 690 ante
361 657 484 690 finitum
509 662 634 701 tempus
664 657 711 690 sui
741 657 880 690 muneris
903 668 921 690 a
944 658 1007 690 vita

267 709 460 752 migraverit,
474 711 522 743 vel
540 710 578 743 ab
595 710 698 743 officio
716 715 838 744 amotus
851 711 954 751 fuerit,
968 711 1009 743 vi-

267 763 370 796 carius
389 763 561 805 absolutus,
580 769 619 803 et,
641 774 678 796 eo
695 764 867 803 (inficiente,
885 765 1008 807 provin-

267 815 364 856 cialis,
390 816 420 848 in
445 816 534 848 cuius
558 816 721 859 provincia
738 822 880 849 mortuus
903 817 1006 856 fuerit,

265 869 322 902 toti
354 869 593 911 congregationi
621 869 818 912 praesideat,
844 870 947 902 locum
978 873 1006 902 et

266 926 451 966 potestatem
476 922 584 954 vicarii
609 922 764 965 generalis
781 921 892 954 habeat
908 932 1007 965 usque

266 975 304 1007 ad
320 975 510 1008 dominicam
529 975 653 1007 tertiam
671 980 741 1018 post
761 975 879 1007 Pascha
896 975 1007 1007 Resur-

265 1027 413 1061 rectionis
441 1028 584 1072 proxime
607 1028 763 1068 futuram,
788 1027 820 1060 in
844 1038 904 1071 qua
929 1028 1007 1060 cele-

266 1081 351 1114 brari
375 1081 467 1115 l'aciat
490 1081 661 1124 capitulum
690 1082 836 1123 generale
861 1092 918 1124 pro
943 1081 1006 1114 ele-

265 1133 368 1167 ctione
390 1134 463 1166 novi
489 1133 595 1166 vicarii
619 1134 775 1176 generalis
800 1139 830 1166 et
852 1139 927 1166 tunc
953 1144 1006 1166 no-

265 1186 344 1220 viter
368 1187 486 1219 electus
509 1197 624 1219 munus
648 1197 739 1219 suum
769 1192 914 1220 exerceat
942 1197 1006 1219 non

265 1239 367 1272 solum
392 1250 491 1283 usque
509 1240 548 1272 ad
565 1240 736 1283 capitulum
756 1240 787 1272 in
804 1251 866 1283 quo
894 1240 1006 1272 sacien-

264 1295 322 1328 dae
346 1299 418 1327 sunt
441 1305 551 1327 omnes
572 1295 750 1335 electiones,
769 1295 823 1327 sed
839 1295 932 1328 etiam
948 1305 1005 1338 per

264 1359 397 1392 sequens
420 1348 606 1388 triennium3
1020 1346 1022 1384 t

309 1403 324 1446 ἓ
348 1401 399 1436 36.
425 1402 512 1442 Item⁷
529 1402 623 1445 quod,
644 1402 669 1434 si
694 1401 829 1434 vicarius
850 1402 1004 1444 generalis

265 1456 442 1499 irreligiose
465 1456 586 1496 vixerit,
610 1456 657 1488 vel
676 1456 771 1488 insui
793 1456 887 1488 officii
910 1456 1005 1488 admi-

264 1509 449 1543 nistratione
474 1510 555 1541 male
579 1519 611 1541 se
635 1509 777 1552 gesserit,
802 1509 839 1541 ad
860 1509 1004 1542 definito-

264 1563 347 1596 rium
364 1563 510 1606 generale
523 1563 554 1594 in
568 1562 712 1606 capitulis
723 1562 922 1605 generalibus
937 1562 1003 1595 eius
1020 1553 1021 1562 ¹

264 1616 371 1660 culpas
395 1616 556 1659 corrigere
573 1622 602 1648 et
619 1616 772 1658 castigare
796 1616 959 1659 pertineat;
1019 1640 1021 1668 ἱ

309 1671 324 1714 ἓ
347 1669 399 1703 37.
426 1670 520 1710 ltem,
545 1669 629 1713 quod
653 1670 775 1713 priores
795 1669 1020 1713 provinciales

264 1723 410 1767 (durante
435 1733 492 1756 suo
516 1722 633 1766 officio)
654 1732 722 1754 eam
739 1722 956 1756 auctoritatem
974 1728 1003 1755 et

263 1781 450 1821 potestatem
463 1772 636 1808 babeanlin
650 1777 713 1808 tota
727 1775 898 1818 provincia,
909 1786 1001 1818 quam

263 1830 361 1863 ceteri
385 1830 593 1874 provinciales
617 1830 733 1862 habere
757 1834 1002 1869 consueverunt,

263 1883 435 1917 dummodo
460 1883 609 1916 institutis
633 1883 733 1915 dictae
750 1882 1002 1925 congregationis

263 1946 326 1969 non
350 1936 563 1976 adversentur,
588 1936 635 1969 vel
660 1946 676 1968 a
701 1936 838 1979 capitulo
863 1935 1001 1977 generali

265 1989 331 2022 eius
354 1995 491 2033 potestas
514 2000 578 2023 non
602 1989 696 2023 fuerit
719 1989 865 2022 limitata:

309 2043 324 2085 ξ
340 2042 391 2076 38.
417 2043 505 2083 Item,
520 2043 603 2087 quod
617 2043 649 2075 in
666 2042 827 2086 provincia
843 2042 1000 2074 lndiarum

265 2095 524 2139 Philippinarum‚
547 2101 675 2139 propter
700 2106 847 2138 magnam
871 2095 929 2128 loci
954 2095 1000 2126 di-

264 2149 420 2188 stantiam,
438 2148 469 2180 in
489 2149 553 2181 suis
577 2149 721 2192 capitulis
746 2147 1001 2191 provincialibus,

263 2213 343 2246 quae
368 2202 436 2235 tieri
461 2202 576 2235 debent
600 2202 730 2244 singulis
758 2202 899 2235 trienniis
914 2228 921 2239 ‚
945 2201 1000 2233 eli-

264 2262 378 2299 gantur
408 2255 629 2299 provincialis‚
654 2260 788 2298 quatuor
819 2255 1000 2287 definitores

261 2309 478 2352 provinciales
504 2309 626 2352 priores
650 2313 870 2347 conventuum,
895 2313 925 2340 et
949 2307 1000 2339 alii

261 2363 420 2402 officiales,
434 2363 487 2406 qui
507 2362 538 2394 in
551 2361 707 2394 similibus
721 2361 863 2404 capitulis
878 2361 1002 2404 provin-

261 2415 394 2448 cialibus
418 2415 490 2458 eligi
515 2415 625 2454 solent,
646 2414 705 2446 nisi
726 2414 816 2446 aliter
835 2413 1000 2456 aliquando

263 2469 400 2512 capitulo
425 2468 563 2511 generali
588 2467 744 2500 videbitur
761 2467 917 2510 expedire,
935 2477 1000 2499 ser-

265 2524 333 2563 vata
356 2532 482 2565 semper
502 2521 722 2554 constitutione
747 2520 885 2562 generali
908 2520 1001 2553 totius

265 2574 519 2617 congregationis
529 2585 537 2613 ;

307 2627 387 2671 539.
405 2628 490 2667 ltem,
504 2627 588 2670 quod
605 2627 708 2659 nullus
727 2626 892 2669 religiosus
904 2626 1001 2659 laicus

300 2692 312 2717 1
329 2692 367 2717 Au
383 2695 456 2717 recta
471 2691 559 2721 lectio,
577 2690 666 2717 nesi-io
681 2692 710 2724 (a
737 2692 785 2724 T.).

348 2743 428 2772 Butt.
447 2744 531 2771 Rom.
551 2760 584 2764 -
603 2744 660 2771 Vol.
678 2744 743 2771 XII.
924 2742 958 2770 93

1685 284 1746 318 737
1795 293 1844 320 An.
1861 294 1889 321 c.
1911 293 1979 323 1622

1041 343 1136 376 totius
1161 342 1414 385 congregationis
1437 342 1534 386 possit
1556 343 1725 375 ascendere
1742 342 1780 375 ad
1796 355 1924 380 negatam,
1950 355 1976 376 aa

1041 396 1176 439 aliquem
1211 396 1353 429 ordinem
1392 407 1494 439 neque
1525 396 1563 429 ad
1599 396 1779 429 clericatum
1796 383 1916 428 iiijr'iiiiinii
1939 388 1979 429 23¹1}

1041 449 1158 492 absque
1172 449 1298 481 licentia
1312 449 1432 482 Summi
1445 448 1612 488 Pontit'tcis,
1626 449 1679 481 sed
1696 448 1780 492 quod
1796 435 1952 461 ⁹s⁰¹¹¹⁰v⁰⁰d¹⁵'

1033 503 1165 545 {temper
1190 507 1314 534 maneat
1338 501 1369 534 in
1393 503 1448 534 sua
1473 501 1677 545 professione.

1152 583 1161 593 ‘
1178 581 1355 625 Hucusque
1371 580 1494 614 decreta
1511 581 1658 624 capituli.

1086 660 1100 703 ἓ
1124 659 1175 693 40,
1194 660 1265 699 Nos,
1286 660 1324 692 ad
1340 660 1455 692 uberes
1472 663 1501 693 et
1521 670 1630 692 suaves
1646 660 1778 700 fructus,
1807 669 1864 690 aune
1875 670 1913 690 iste
1924 670 1978 690 1³0„-

1795 698 1843 716 tifex
1851 697 1977 717 electionem

1042 723 1120 755 quos
1145 713 1284 745 eiusdem
1309 713 1562 755 congregationis
1585 713 1778 756 professores
1795 729 1867 743 wem-¹·
1890 728 1978 748 acuera-

1794 750 1830 773 lisv
1851 750 1977 770 ‹tinnuli-:m

1042 766 1072 798 in
1097 766 1243 798 militanti
1266 766 1405 798 Ecclesia
1425 767 1456 798 in
1481 766 1547 798 dics
1565 766 1709 806 afferunt,
1728 776 1779 809 pa·
1793 781 1947 800 provintiarum
1971 791 1977 800 ,

1793 803 1976 827 acdecretapma·

1041 823 1148 851 ternae
1162 818 1333 860 dirigentes
1347 819 1606 851 considerationis
1621 819 1777 861 intuitum,
1795 832 1872 849 insert-2
1907 835 1977 864 omma

1041 876 1070 903 et
1094 875 1128 904 ut
1151 871 1260 903 eadem
1287 871 1490 914 congregatio
1514 871 1686 904 maioribus
1710 856 1977 915 p1·0-i“·¹0'¹„'li‘f¹1¹‡f¹i²t,'sussf

1040 923 1124 955 ficiat
1154 923 1374 963 incrementis,
1407 934 1443 956 ac
1475 923 1579 956 omnia
1604 929 1634 956 et
1657 923 1779 966 singula
1793 909 1879 956 flii'ssffu‘*
1920 908 1977 929 ‘¹⁸¹⁹'

1039 976 1212 1019 praemissa
1224 976 1262 1008 ab
1276 976 1433 1016 omnibus,
1446 976 1483 1009 ad
1499 987 1578 1020 quos
1591 981 1718 1020 spectat,
1730 978 1780 1009 tir-

1040 1029 1133 1062 miter
1150 1035 1179 1062 et
1196 1029 1417 1062 inviolabiliter
1441 1030 1656 1070 observentur,
1673 1041 1779 1073 quam-

1040 1088 1106 1115 tum
1131 1093 1201 1115 cum
1225 1083 1358 1116 Domino
1381 1094 1567 1126 possumus,
1593 1085 1777 1128 providere,

1039 1146 1075 1168 ac
1100 1136 1278 1169 Gabrielem
1309 1141 1339 1168 et
1369 1136 1483 1169 fratres
1506 1138 1684 1180 praedictos
1708 1149 1778 1182 spe-

1039 1188 1169 1221 cialibus
1193 1189 1351 1222 favoribus
1375 1194 1406 1222 et
1429 1190 1537 1232 gratiis
1561 1192 1711 1235 prosequi
1728 1202 1779 1225 vo-

1039 1242 1158 1281 lentes,
1183 1245 1212 1275 et
1241 1252 1350 1275 eorum
1386 1243 1562 1285 singulares
1586 1255 1736 1287 personas
1761 1256 1778 1278 a

1038 1295 1199 1339 quibusvis
1220 1297 1570 1337 excommunicationis,
1596 1298 1777 1341 suspensio-

1038 1348 1085 1380 nis
1098 1353 1128 1380 et
1144 1348 1311 1388 interdicti,
1329 1349 1459 1392 aliisque
1476 1350 1696 1383 ecclesiasticis
1713 1361 1779 1383 sen-

1039 1402 1151 1441 tentiis,
1177 1402 1319 1435 censuris
1344 1408 1374 1435 et
1397 1403 1517 1446 poenis,
1542 1414 1559 1436 a
1584 1404 1651 1436 iure
1674 1405 1719 1437 vel
1737 1406 1777 1438 ab

1020 1450 1022 1467 ¹
1040 1455 1176 1495 bomine,
1200 1456 1309 1499 quavis
1333 1457 1498 1490 occasione
1523 1458 1569 1490 vel
1589 1461 1679 1491 causa
1697 1459 1777 1500 latis,

1038 1508 1063 1540 si
1095 1509 1209 1552 quibus
1241 1510 1480 1552 quomodolibet
1514 1511 1680 1546 innodatae
1713 1514 1778 1546 exi-

1037 1566 1133 1601 stunt,
1157 1561 1197 1593 ad
1221 1562 1367 1594 effectum
1392 1563 1639 1606 praemissorum
1660 1566 1778 1600 dumta-

1037 1618 1087 1647 xat
1112 1615 1387 1657 consequendum,
1416 1617 1528 1650 barum
1562 1619 1643 1651 serie
1672 1619 1777 1653 absol-

1038 1672 1142 1701 ventes
1166 1674 1195 1700 et
1219 1669 1377 1702 absolutas
1401 1670 1467 1702 fore
1491 1677 1663 1711 censentes,
1689 1679 1777 1706 motu

1036 1721 1183 1764 proprio,
1209 1726 1239 1753 et
1263 1732 1299 1754 ex
1324 1726 1409 1755 certa
1439 1723 1568 1756 scientia
1593 1735 1628 1757 ac
1653 1729 1776 1760 matura

1037 1774 1262 1808 deliberatione
1293 1776 1427 1816 nostris,
1459 1777 1643 1810 electionem
1669 1780 1776 1813 vicarii

1037 1829 1192 1871 generalis
1217 1839 1252 1861 ac
1276 1829 1461 1862 divisionem
1493 1831 1726 1874 provinciarum
1745 1834 1776 1866 in

1037 1881 1172 1924 capitulo
1197 1881 1357 1923 generali,
1382 1886 1416 1915 ut
1444 1893 1557 1926 supra,
1582 1884 1694 1924 factas,
1719 1896 1776 1919 nec

1036 1944 1099 1967 non
1123 1934 1361 1967 constitutiones
1379 1941 1409 1967 et
1429 1935 1554 1968 decreta
1583 1938 1775 1980 praeinserta

1036 1987 1231 2025 huiusmodi,
1256 1988 1428 2031 apostolica
1453 1989 1648 2030 auctoritate,
1666 1996 1774 2024 tenore

1036 2041 1269 2084 praesentium,
1301 2042 1514 2084 approbamus
1544 2047 1574 2074 et
1605 2043 1773 2077 confirma-

1037 2104 1122 2132 mus,
1149 2093 1271 2136 illisque
1296 2094 1483 2127 inviolabilis
1508 2097 1698 2139 apostolicae
1723 2098 1775 2130 fir-

1037 2146 1152 2179 mitatis
1189 2148 1287 2179 robur
1317 2147 1499 2187 adiicimus;
1536 2160 1572 2182 ac
1607 2160 1715 2183 omnes
1745 2158 1775 2184 et

1035 2200 1185 2242 singulos,
1210 2206 1272 2232 tam
1299 2201 1376 2233 iuris
1401 2212 1494 2244 quam
1527 2203 1596 2235 faeti
1625 2203 1773 2240 defectus.

1035 2254 1058 2285 si
1072 2253 1124 2296 qui
1139 2253 1275 2297 desuper
1289 2254 1525 2296 quomodolibet
1538 2256 1774 2298 intervenerint,

1035 2307 1227 2350 supplemus.

1079 2361 1093 2403 ξ
1117 2360 1168 2393 41.
1195 2362 1228 2393 Et
1255 2361 1384 2406 insuper
1407 2363 1463 2396 has
1487 2369 1622 2407 quatuor
1650 2367 1774 2409 provin-

1035 2413 1108 2451 cias,
1132 2414 1186 2453 sic,
1211 2420 1245 2446 ut
1269 2416 1453 2457 praefertur,
1479 2417 1602 2457 divisas,
1627 2418 1657 2450 in
1679 2429 1771 2452 unam
1787 2409 1798 2445 λ’·
1828 2434 1844 2446 ι·
1863 2435 1880 2448 ι·
1896 2409 1921 2422 ¹¹⁴

1035 2467 1311 2509 congregationem
1346 2468 1477 2502 fratrum
1508 2471 1771 2506 Discalceatorum
1787 2465 1861 2511 «ῥυῇ,

1035 2520 1131 2552 saneti
1159 2521 1322 2563 Augustini
1344 2523 1585 2566 nuncupandam
1611 2530 1641 2557 et
1661 2536 1718 2568 per
1742 2538 1773 2558 u·
1792 2514 1821 2553 ia*
1893 2514 1961 2554 '¹⁸:2¹1'

1036 2582 1109 2604 num
1137 2573 1219 2605 illius
1245 2574 1394 2606 vit-arium
1420 2578 1609 2615 generalem,
1628 2578 1721 2611 modo
1742 2584 1772 2611 et
1787 2568 1846 2605 fines
1857 2567 1887 2604 '.''.'
1910 2567 1916 2605 ¹·
1950 2567 1970 2606 te

1035 2627 1132 2659 fornia
1152 2627 1341 2670 praemissi&
1362 2630 1529 2671 regendam
1548 2636 1576 2662 et
1598 2631 1773 2674 gubernan-
1788 2620 1824 2633 ΗΝ

1035 2680 1115 2721 dam,
1141 2691 1213 2713 eum
1231 2681 1378 2716 omnibus
1395 2688 1424 2716 et
1442 2683 1572 2726 singulis
1588 2684 1772 2730 privilegiis,

1840 2376 1868 2395 Ac
1888 2375 1972 2401 praedi-

1934 2410 1937 2421 Ι
