2293 3231
293 308 343 336 An.
359 309 389 336 C.
406 307 476 336 1622

351 1109 476 1130 Huiusmodi

292 1138 372 1157 statuta
382 1137 476 1157 declarat

292 1163 402 1189 Philippus
417 1168 460 1184 rex.

491 358 545 402 qui
569 368 625 401 per
649 356 786 390 officium
815 355 1027 399 inquisitionis
1056 356 1233 389 haereticae

492 411 653 455 pravitatis
676 421 734 454 pro
755 410 856 443 causis
880 409 952 442 fidei
971 409 1072 453 puniti
1096 410 1232 450 suerunt,

492 474 590 506 usque
614 462 652 495 ad
676 467 820 506 quartam
837 462 1072 505 generationem
1093 463 1124 495 in
1144 469 1233 506 parte

492 516 540 548 vel
557 515 634 547 alias
650 515 805 557 originem
822 524 885 547 non
902 515 1016 555 trahat,
1033 515 1088 548 sed
1109 515 1129 548 ii
1147 515 1234 548 dum-

492 573 574 601 taxat
597 568 811 611 recipiantur,
840 567 893 611 qui
918 567 956 601 de
980 568 1077 601 nobili
1105 569 1233 612 antiquo

492 620 736 653 christianorum
751 620 904 653 nobilium
922 631 1038 664 genere
1048 631 1085 654 ex
1099 626 1234 665 utroque

491 679 622 718 parente
642 679 672 706 et
685 673 750 707 avis
767 675 932 707 ambarum
950 675 1087 718 partium
1100 675 1234 708 nominis

491 733 521 761 et
538 727 707 770 insignium
724 727 880 771 procreati
894 727 964 768 sint,
978 728 1020 760 ita
1035 732 1070 762 nt
1086 728 1166 761 sama
1181 740 1236 773 pu-

490 781 571 813 blica
588 781 619 813 in
636 781 830 814 contrarium
848 791 911 814 non
927 781 976 822 sit,
987 782 1104 825 quique
1117 787 1145 814 et
1159 793 1234 825 quo-

490 844 562 867 rum
579 834 739 877 genitores
756 840 961 874 mercatores,
986 835 1162 875 assietuarii,
1182 839 1235 868 aut

491 887 672 930 argentarii,
697 887 745 919 vel
767 887 913 928 usurarii,
931 893 982 920 aut
1000 887 1149 920 similium
1168 898 1236 931 per-

491 951 639 974 sonarum
653 940 684 973 in
702 940 883 974 huiusmodi
900 941 1010 974 officiis
1027 941 1162 974 ministri
1179 952 1235 974 sen

491 994 640 1028 officiales
665 993 839 1026 mechanici
863 1004 926 1027 non
950 994 1086 1034 suerint,
1116 1004 1173 1027 nec
1197 1005 1233 1027 ex

491 1047 673 1081 huiusmodi
694 1048 805 1081 officiis
821 1048 926 1082 vivant
942 1053 994 1081 aut
1012 1048 1155 1081 vixerint.

535 1103 551 1145 ἓ
574 1102 603 1135 2.
629 1102 706 1136 Cum
723 1108 838 1144 autem,
859 1103 937 1137 sieut
956 1103 1066 1136 eadem
1082 1103 1235 1147 expositio

491 1155 710 1199 subiungebat,
735 1160 848 1190 statuta
869 1167 923 1189 seu
951 1156 1164 1190 stabilimenta
1189 1156 1235 1189 di-

493 1214 614 1242 ctarum
631 1209 813 1242 Militiarum
829 1209 861 1242 in
875 1209 999 1242 illarum
1018 1209 1162 1254 capitulis
1186 1220 1236 1253 ge-

491 1261 668 1302 neralibus,
692 1262 877 1296 auctoritate
902 1263 1074 1306 apostolica
1099 1262 1236 1306 desuper

491 1315 694 1358 suffragante,
718 1315 800 1348 edita
815 1315 941 1356 fuerint,
956 1321 986 1348 et
1003 1315 1105 1348 dictus
1123 1316 1237 1360 Philip-

491 1379 551 1412 pus
566 1379 631 1409 rex,
643 1369 750 1401 multis
762 1368 895 1412 negotiis
909 1368 1087 1413 impeditus,
1099 1369 1235 1413 capitula

492 1421 651 1464 generalia
671 1421 852 1454 huiusmodi
871 1422 1033 1455 celebrare
1050 1432 1113 1455 non
1127 1422 1234 1466 possit,

492 1478 523 1506 et
540 1484 600 1518 pro
621 1474 758 1507 tollenda
776 1475 861 1508 omni
888 1474 918 1507 in
939 1475 1120 1518 praemissis
1140 1475 1236 1507 ambi-

492 1527 621 1569 guitate,
639 1538 696 1560 nec
712 1538 776 1561 non
793 1527 973 1571 disparitate
998 1528 1081 1561 cirea
1106 1528 1235 1562 modum

492 1579 719 1623 interpretandi
744 1580 957 1613 exclusionem
981 1580 1139 1614 dictorum
1157 1592 1236 1614 mer—

492 1638 635 1666 catorum
652 1633 691 1666 ab
708 1633 817 1666 habitu
838 1633 1018 1667 Militiarum
1044 1635 1235 1676 huiusmodi,

492 1689 589 1730 utque
613 1686 732 1719 iudices
749 1687 870 1720 consilii
895 1687 974 1730 regii
1000 1687 1157 1721 dictorum
1182 1688 1237 1722 Or-

493 1739 602 1772 dinum
618 1740 817 1773 uniformiter
833 1746 863 1773 et
880 1740 958 1773 citra
975 1741 1158 1785 opinionum
1177 1742 1236 1775 dis-

492 1793 658 1836 paritatem
675 1793 707 1826 in
719 1793 900 1826 huiusmodi
916 1794 1049 1827 materia
1072 1795 1110 1828 de
1130 1800 1236 1829 cetero

493 1845 641 1887 iudicent,
654 1846 839 1887 decreverit,
853 1847 1067 1881 exclusionem
1086 1854 1237 1881 mercato-

493 1910 563 1932 rum
591 1900 772 1933 huiusmodi
793 1900 832 1933 ab
860 1900 971 1934 habitu
994 1901 1174 1935 Militiarum
1198 1902 1236 1935 de

492 1953 653 1987 Calatrava
666 1959 696 1986 et
719 1954 884 1988 Alcantara
902 1955 1136 1998 praedictarum
1154 1956 1237 1990 iuxta

493 2005 737 2040 declarationem
762 2007 963 2041 stabilimenti
989 2008 1117 2052 capituli
1136 2009 1236 2052 quinti

495 2056 574 2089 tituli
590 2057 684 2100 primi
709 2057 741 2090 in
765 2058 927 2102 praedicta
949 2059 1057 2092 Militia
1081 2060 1110 2093 S.
1132 2060 1236 2093 lacobi

494 2114 670 2143 emanatam
695 2110 827 2154 intelligi
851 2111 984 2152 debere,
1014 2112 1098 2155 quod
1122 2122 1237 2156 nempe

495 2163 516 2195 ii
541 2167 734 2198 mercatores
749 2164 788 2197 ab
805 2164 915 2197 habitu
938 2164 1094 2198 dictarum
1120 2166 1238 2199 Militia-

497 2228 568 2250 rum
586 2217 625 2250 de
641 2217 801 2251 Calatrava
816 2223 847 2250 et
862 2218 1029 2251 Alcantara
1045 2219 1162 2262 absque
1179 2219 1238 2253 dis-

494 2270 679 2313 pensatione
692 2271 865 2315 apostolica
878 2271 995 2304 exclusi
1012 2271 1236 2315 intelligantur,

495 2323 549 2365 qui
573 2329 626 2356 aut
649 2334 786 2366 quorum
806 2323 965 2366 genitores
982 2324 1030 2356 vel
1047 2324 1095 2356 avi
1112 2325 1238 2368 apothe-

496 2385 564 2408 cam
588 2381 730 2419 apertam
761 2376 899 2410 cuiusvis
929 2377 1055 2420 generis
1083 2378 1236 2411 mercium

497 2429 665 2470 tenuerim,
690 2435 719 2463 et
744 2430 775 2462 in
799 2430 853 2462 illa
877 2440 999 2463 merces
1023 2441 1082 2474 per
1098 2441 1131 2464 se
1154 2431 1238 2475 ipsos

497 2490 552 2514 scu
575 2481 614 2514 ab
638 2482 683 2515 eis
707 2482 871 2526 deputatos
890 2482 1098 2524 vendiderint,
1111 2494 1173 2517 non
1187 2495 1240 2517 au-

499 2537 559 2567 tem
585 2534 622 2575 ii,
647 2536 700 2579 qui
724 2536 873 2579 pecunias
896 2546 969 2569 suas
985 2536 1065 2569 lueri
1090 2539 1183 2570 causa
1207 2537 1239 2570 in

499 2589 612 2630 magna
629 2591 753 2622 summa
769 2588 808 2622 ad
828 2599 985 2632 grossum,
1002 2595 1037 2623 ut
1052 2590 1147 2633 vulgo
1164 2600 1240 2624 nun-

499 2646 629 2684 cupant,
646 2649 793 2685 erogant,
817 2649 848 2676 et
872 2643 930 2687 ipsi
947 2643 978 2676 in
999 2644 1152 2688 apotheca
1176 2655 1239 2678 non

499 2695 638 2730 vendunt
652 2706 708 2731 seu
723 2696 860 2732 vendere
873 2697 992 2733 faciunt
1006 2697 1046 2732 ad
1061 2698 1237 2733 minutum:

1077 308 1257 332 BULLARI'UM
1285 307 1440 332 Romnum

1310 356 1325 399 ξ
1341 355 1371 388 3.
1397 356 1469 395 Nos,
1486 360 1520 388 ut
1539 355 1666 388 decreta
1684 355 1876 397 huiusmodi,
1893 367 1950 400 per
1966 356 2009 389 di-

2022 307 2072 335 An.
2091 308 2119 336 C.
2136 308 2211 338 1622>

2036 372 2053 393 11
2056 372 2160 393 uiusmodi
2170 371 2207 394 (le-

2023 399 2162 419 clarat-onem
2174 404 2208 420 ra·

1267 412 1350 442 etum
1379 409 1557 452 Philippum
1586 419 1717 452 regem,
1747 414 1781 442 ut
1811 410 2208 453 praefertur‚1³mnai›otcm-

1267 461 1356 501 sacta‚
1373 461 1412 494 ab
1429 461 1588 502 omnibus,
1605 462 1644 494 ad
1662 472 1741 507 quos
1758 467 1888 506 spectat,
1908 463 2009 497 invio-

1267 514 1402 547 labiliter
1410 514 1627 556 observentur,
1635 519 1787 558 quantum
1797 525 1868 547 cum
1878 514 2010 549 Domino

1267 579 1436 611 possumus
1450 568 1628 612 providere,
1639 579 1675 601 ac
1691 568 1765 601 dicti
1779 568 1914 612 Philippi
1927 568 2011 611 regis

1268 620 1347 654 votis
1370 631 1509 654 annuere
1539 621 1698 661 volentes,
1730 620 2012 665 supplicationibus

1268 674 1335 707 eius
1361 675 1489 708 nomine
1516 675 1608 708 nobis
1635 685 1730 718 super
1759 674 1820 708 hoc
1850 674 2012 707 humiliter

1268 729 1425 772 porrectis
1446 728 1593 769 inclinati,
1619 728 1744 761 decreta
1765 727 1936 772 praedicta,
1954 738 2011 772 per

1268 782 1413 815 eumdem
1432 783 1610 826 Philippum
1628 792 1746 825 regem,
1768 785 1802 815 ut
1824 782 2011 825 praefertur,

1268 836 1357 876 sacta,
1382 835 1554 879 apostolica
1579 835 1775 876 auctoritate,
1795 840 1906 869 tenore
1922 845 2013 880 prae-

1269 888 1402 921 sentium
1422 889 1634 932 approbamus
1655 894 1683 921 et
1709 888 1944 929 confirmamus,
1968 888 2009 921 il-

1269 941 1369 985 lisque
1386 941 1575 975 inviolabilis
1588 941 1778 985 apostolicae
1795 941 1952 974 firmitatis
1966 952 2014 976 ro-

1269 995 1330 1027 bur
1349 995 1525 1036 adiicimus,
1543 1006 1578 1028 ac
1595 1006 1704 1029 omnes
1727 1001 1757 1028 et
1785 995 1925 1039 singulos
1948 1001 2012 1029 tarn

1269 1048 1347 1080 iuris
1371 1059 1464 1092 qnam
1490 1048 1561 1081 sacti
1586 1048 1736 1088 desectus,
1760 1048 1786 1081 si
1806 1048 1860 1092 qui
1877 1048 2013 1092 desuper

1269 1101 1506 1144 quomodolibet
1524 1101 1758 1142 intervenerint,
1774 1102 1967 1146 supplemus.

1314 1154 1328 1197 ξ
1348 1154 1377 1186 4.
1397 1155 1606 1187 Decernentes
1623 1158 1803 1198 praesentes
1825 1155 1944 1187 litteras
1961 1164 2013 1187 va-

1270 1206 1358 1248 lidas,
1376 1207 1483 1240 sirmas
1505 1213 1534 1240 et
1557 1208 1698 1241 efficaces
1717 1208 1850 1241 existere
1874 1213 1905 1240 et
1928 1208 2012 1248 sore,

1270 1272 1404 1305 suosque
1424 1263 1584 1306 plenarios
1600 1269 1630 1295 et
1651 1262 1791 1305 integros
1805 1262 1934 1296 effeetus
1950 1272 2015 1296 sor-

1269 1314 1319 1347 tiri
1345 1321 1375 1347 et
1400 1315 1560 1355 obtinere,
1585 1326 1620 1348 ac
1641 1315 1679 1347 ab
1702 1315 1849 1348 omnibus
1873 1315 1911 1348 ad
1935 1325 2014 1359 quos

1269 1373 1388 1412 spectat
1403 1374 1433 1401 ct
1450 1368 1604 1412 spectabit
1622 1367 1862 1412 quomodolibet
1879 1367 1910 1400 in
1934 1368 2015 1400 sutu-

1270 1432 1339 1453 rum
1358 1421 1582 1454 inviolabiliter
1605 1420 1767 1454 observari
1789 1420 1922 1461 debere,
1946 1420 2016 1454 irri-

1269 1480 1399 1518 tumque
1416 1480 1446 1508 et
1463 1475 1554 1508 inane
1571 1474 1725 1520 quidquid
1742 1485 1832 1508 secus
1849 1485 1944 1518 super
1963 1474 2014 1507 his

1268 1538 1285 1560 a
1298 1538 1468 1571 quoquam,
1483 1529 1592 1572 quavis
1604 1529 1798 1569 auctoritate,
1812 1528 1948 1561 scienter
1964 1528 2013 1561 vel

1269 1581 1461 1624 ignoranter,
1479 1582 1647 1624 eontigerit
1663 1581 1819 1615 attentari.

1313 1636 1328 1678 ξ
1356 1635 1384 1668 5.
1418 1636 1486 1669 Non
1518 1636 1718 1668 obstantibus
1738 1635 2013 1669 constitutionibus

1269 1694 1299 1721 et
1322 1689 1575 1722 ordinationibus
1599 1689 1790 1734 apostolicis,
1807 1700 1843 1723 ae
1859 1694 2014 1733 quatenus

1269 1752 1349 1786 opus
1374 1742 1413 1775 sit
1437 1742 1617 1776 Militiarum
1639 1742 1820 1776 huiusmodi
1841 1743 1949 1786 (etiam
1970 1742 2014 1776 iu—

1269 1799 1411 1829 ramento
1423 1823 1430 1836 ,
1463 1795 1703 1829 confirmatione
1740 1796 1912 1840 apostolica
1925 1823 1932 1836 ‚
1964 1796 2013 1829 vel

1269 1849 1378 1893 quavis
1402 1849 1550 1882 firmitate
1575 1849 1637 1882 alia
1656 1849 1827 1893 roboratis)
1844 1849 1967 1883 statutis
1983 1853 2014 1882 et

1270 1902 1565 1943 consuetudinibus,
1590 1902 1830 1943 stabilimentis,
1849 1892 1959 1935 usibus
1983 1906 2014 1934 et

1269 1955 1399 1996 naturis,
1424 1955 1599 1999 privilegiis
1620 1966 1756 1999 quoque,
1774 1954 1903 1988 indultis
1920 1959 1951 1988 ct
1967 1954 2014 1987 lit-

1269 2008 1345 2041 teris
1361 2008 1543 2052 apostolicis
1565 2008 1595 2040 in
1612 2008 1806 2042 contrarium
1826 2007 2014 2052 praemisso-

1270 2072 1342 2094 rum
1366 2061 1605 2105 quomodolibet
1625 2061 1793 2102 concessis,
1818 2061 2014 2095 confirmatis

2024 452 2101 477 gorius.

2054 1167 2175 1190 clausulae.

2039 1645 2155 1676 Derogatio
2163 1649 2212 1668 oon-

2028 1674 2150 1694 uariorum.

1270 2119 1301 2146 et
1324 2114 1487 2147 innovatis.
1513 2114 1632 2154 Quibus
1656 2114 1804 2148 omnibus
1821 2119 1852 2147 et
1871 2113 2013 2157 singulis,
2038 2109 2048 2113 ’

1270 2177 1381 2200 eorum
1406 2173 1531 2201 tenores
1556 2167 1777 2211 praesentibus
1801 2178 1859 2211 pro
1876 2167 1968 2211 plene
1984 2170 2015 2199 et

1271 2220 1462 2255 sufficienter
1485 2221 1644 2265 expressis
1667 2221 1827 2261 habentes,
1852 2220 1913 2253 illis
1938 2219 2014 2253 alias

1271 2274 1301 2306 in
1315 2285 1372 2307 suo
1388 2274 1505 2308 robore
1522 2274 1749 2318 permansuris,
1767 2274 1826 2307 hae
1843 2273 1910 2307 vice
1927 2272 2015 2306 dum-

1270 2331 1354 2359 taxat
1378 2327 1554 2371 specialiter
1578 2332 1609 2360 et
1637 2337 1784 2371 expresse
1814 2326 2014 2370 derogamus,

1271 2380 1445 2424 ceterisque
1471 2380 1639 2413 contrariis
1663 2380 1924 2424 quibuscumque.

1315 2433 1427 2467 Datum
1448 2434 1577 2474 Romae,
1601 2433 1685 2477 apud
1715 2432 1744 2466 S.
1770 2432 1898 2466 Mariam
1922 2430 2014 2465 Maio-

1271 2496 1349 2527 rem,
1374 2486 1432 2519 sub
1457 2486 1572 2519 annulo
1596 2485 1773 2526 Piscatoris‚
1789 2484 1840 2518 die
1859 2493 1914 2518 xw
1931 2488 2015 2518 octo-

1271 2539 1338 2572 bris
1362 2549 1511 2579 iuncxxu,
1535 2538 1736 2583 pontificatus
1758 2537 1859 2571 nostri
1880 2547 1963 2572 anno
1980 2546 2012 2571 11.

1307 2602 1365 2631 Dat.
1382 2603 1426 2630 die
1442 2603 1475 2630 14
1489 2601 1608 2630 octobris
1624 2600 1702 2636 1622,
1719 2601 1816 2636 pontif.
1831 2608 1876 2630 an.
1894 2607 1921 2629 n.
