2293 3231
253 373 300 398 An.
318 373 346 399 c..
366 373 431 400 isit
477 364 540 398 ‘2705

277 1017 394 1038 clausulae.

452 427 480 454 et
499 432 578 456 eam.
596 432 630 453 ac
649 421 708 453 alia
724 421 828 453 onmia
842 426 869 453 et
889 420 1021 463 singula,
1038 431 1116 464 quae
1135 431 1192 464 pro

452 478 594 518 tempore
619 474 753 506 existens
777 473 945 516 episcopus
969 472 1072 505 Sancti
1091 473 1192 505 Salva-

1043 373 1221 396 anLAntttvt
1248 373 1401 397 nonaxrst

1209 421 1433 475 ¹anctoritate)
1460 421 1589 454 iudicari
1622 426 1651 455 et
1679 422 1801 455 definiri
1826 423 1963 460 debere.

1982 376 2030 401 An.
2047 375 2076 402 C.
2095 376 2163 403 1614

1225 486 1260 507 ac
1287 475 1411 507 irritum
1437 480 1465 506 et
1492 475 1592 514 inane,
1613 476 1638 507 si
1659 486 1748 508 secus
1765 488 1859 520 super
1884 477 1931 509 liis
1947 488 1964 509 a

452 527 528 559 toris
555 527 584 559 in
611 527 670 559 illis
695 527 836 570 partibus
872 527 1021 559 hac-tenus
1054 527 1191 563 habere,
1208 538 1396 571 ,quoquann
1413 528 1521 572 quavis
1542 528 1736 569 auctoritate,
1757 530 1892 563 scienter
1918 530 1963 562 vel

452 591 563 622 gerere
588 586 616 612 et
641 592 790 614 exercere
815 580 931 617 debuit,
957 581 1055 624 poluit
1076 585 1105 614 et
1123 591 1193 613 con-

452 635 560 669 suevit.
587 635 732 667 similiter
757 641 783 667 et
803 634 1025 678 paril'ormiter,
1043 635 1191 678 nullaque

452 698 584 730 prorsus
611 686 809 724 differentia,
839 688 974 731 exeeptis
1008 693 1110 720 tamen
1139 688 1191 727 iis,

451 751 540 783 quae,
567 744 597 774 ut
622 740 741 773 dictum
766 746 822 776 est.
848 747 917 773 sunt
943 741 1071 781 ordinis,
1100 747 1190 785 prout

452 793 548 826 divini
574 794 675 827 cultus
701 799 880 837 augmento,
897 806 931 827 ac
951 795 1090 838 ipsorum
1116 795 1191 828 cleri

1209 841 1327 885 Jnitms.
1351 858 1472 880 necnon
1493 847 1593 881 dictae
1615 849 1765 882 ecclesiae
1782 849 1886 882 Sancti
1903 849 1966 881 Sal-

1208 901 1341 936 Jvatoris
1367 902 1477 943 (etiam
1514 902 1702 941 iuramento,
1727 902 1965 936 confirmatione

453 850 481 880 et
505 847 613 890 populi
639 847 815 880 animarum
850 848 939 880 saluti
973 848 1119 892 expedire
1145 859 1192 881 co-

450 900 604 941 gnoverit,
629 911 751 943 gerere,
777 912 934 939 exercerc,
961 902 1062 935 sarcre
1079 907 1107 935 et
1125 912 1192 934 exe-

450 954 502 996 qui
528 954 625 986 libere
651 960 680 987 et
704 955 787 987 licite
812 956 920 987 valcat.

483 1009 498 1049 ς’
511 1006 540 1039 6.
551 1006 769 1047 Decerncntes,
779 1013 959 1051 praesentes
973 1009 1090 1040 litteras
1105 1009 1191 1040 nnllo

451 1070 587 1104 unquam
613 1066 755 1104 tempore
781 1072 817 1093 cx
842 1062 950 1105 quavis
974 1065 1076 1101 causa,
1097 1062 1191 1094 ctiam

449 1112 532 1155 quod
557 1114 735 1157 praedictus
753 1115 918 1158 episcopus
935 1115 1038 1147 Sancti
1057 1115 1192 1147 Salvato-

449 1166 492 1198 ris
520 1172 571 1199 aut
597 1168 833 1210 quomodolibet
859 1168 1008 1201 iuteresse
1042 1168 1191 1201 habentes

448 1219 486 1250 ad
513 1220 572 1253 hoc
598 1221 697 1254 vocati
725 1221 852 1253 minime
878 1221 1002 1261 suerint,
1023 1222 1060 1254 de
1086 1222 1192 1254 subre-

450 1273 567 1316 ptionis
592 1274 639 1306 vel
665 1274 859 1318 obreptionis
880 1275 975 1315 vitio,
1001 1281 1053 1307 aut
1086 1275 1191 1307 inten-

450 1326 543 1359 tionis
569 1333 714 1367 nostrae,
738 1328 784 1361 vel
808 1328 957 1371 quopiam
979 1329 1040 1361 alio
1069 1328 1190 1361 delectu

450 1380 562 1418 notari,
581 1380 627 1412 vel
655 1380 842 1424 impugnari,
858 1387 906 1413 aut
935 1381 964 1413 in
983 1381 1029 1413 ins
1051 1382 1095 1413 vel
1121 1392 1191 1413 con-

449 1434 636 1466 troversiam
663 1434 777 1475 vocari,
799 1445 854 1466 nec
880 1439 987 1467 contra
1014 1435 1080 1467 illas
1106 1435 1191 1467 resti-

450 1486 602 1519 tutionem
619 1487 649 1519 in
667 1487 836 1530 integrum,
851 1487 1066 1521 reductionem
1081 1488 1118 1520 ad
1134 1493 1191 1520 ter-

448 1539 550 1573 minos
576 1541 663 1580 iuris,
681 1546 732 1573 aut
758 1541 889 1584 quodvis
907 1542 990 1574 aliud
1008 1542 1125 1584 gratia«¹
1144 1542 1190 1573 vcl

448 1593 525 1625 iuris
550 1594 727 1626 remedium
746 1594 906 1637 impetrari
924 1606 1027 1638 posse,
1049 1606 1104 1627 nec
1122 1606 1191 1627 cau-

447 1657 506 1687 sas,
529 1652 660 1690 propter
677 1658 753 1689 quas
778 1647 950 1691 praemissa
964 1658 1112 1681 concessa
1130 1649 1191 1681 l'ue-

449 1705 533 1739 runt,
552 1700 682 1733 minime
709 1701 875 1741 verilicari,
892 1712 948 1733 nec
967 1702 1007 1733 ob
1025 1702 1054 1734 id
1072 1702 1190 1735 viribus

448 1763 568 1794 carere,
594 1753 759 1798 minusque
780 1754 837 1787 sub
853 1754 1015 1798 quibusvis
1041 1755 1189 1788 similium

448 1806 495 1838 vel
512 1806 712 1839 dissimilium
731 1808 905 1850 gratiarum
927 1808 1189 1849 revocationibus,

447 1859 702 1901 limitationibus,
727 1862 1001 1905 suspensionibus,
1025 1857 1119 1895 etiam
1145 1862 1190 1895 cis

448 1912 477 1945 in
503 1918 570 1946 toto
595 1914 643 1946 vel
668 1914 698 1947 in
716 1920 803 1958 parte
821 1915 1046 1958 derogantibus
1075 1916 1122 1948 vel
1139 1915 1190 1948 ob-

447 1965 624 2007 viantibus,
657 1967 750 2001 etiam
782 1978 800 2000 a
823 1968 914 2001 nobis
938 1974 968 2001 et
999 1968 1081 2001 dicta
1111 1968 1190 2001 Sede

447 2020 686 2063 quomodolibet
710 2032 768 2065 pro
786 2026 928 2066 tempore
946 2022 1108 2063 emanafis,
1125 2022 1190 2055 nul-

447 2073 568 2108 latenus
592 2075 828 2118 comprehendi,
845 2075 899 2108 sed
923 2085 1049 2119 semper
1073 2076 1189 2108 validas

447 2131 478 2159 et
501 2127 540 2159 ab
564 2127 625 2160 illis
660 2138 792 2171 prorsus
821 2133 988 2172 exceptas,
1013 2133 1042 2163 et
1066 2129 1189 2173 quoties

448 2179 518 2213 illae
543 2181 743 2222 emanabunt,
760 2185 813 2215 aut
829 2182 886 2214 sub
903 2182 948 2215 eis
965 2182 1075 2225 quovis
1094 2182 1189 2216 modo

448 2235 675 2278 comprehendi
701 2235 892 2275 viderentur,
919 2236 1009 2269 toties
1033 2236 1190 2279 in'pristi-

448 2297 534 2328 num,
552 2293 582 2321 et
599 2299 682 2329 eum,
701 2290 732 2321 in
749 2300 811 2333 quo
835 2294 1003 2333 antequam
1021 2289 1090 2322 illae
1107 2300 1190 2322 ema-

448 2346 558 2374 narent
582 2347 682 2382 erant,
707 2347 823 2375 statum
843 2343 1012 2382 restitutas,
1037 2343 1189 2386 repositas

448 2398 478 2426 et
502 2395 643 2438 plenarie
668 2395 887 2438 reintegratus,
905 2406 939 2429 ac
957 2395 994 2428 de
1020 2406 1101 2429 novo
1119 2407 1190 2429 con-

448 2457 551 2480 cessas
575 2458 642 2481 esse
666 2453 697 2480 ct
720 2449 858 2489 censeri,
883 2452 912 2482 et
937 2449 1023 2482 omni
1048 2454 1188 2493 tempore

448 2511 522 2533 suos
546 2502 704 2545 plenarios
717 2507 746 2535 et
770 2503 909 2546 integros
925 2503 1055 2537 effectus
1072 2504 1187 2543 sortiri;

449 2554 555 2597 sicque
569 2566 625 2598 per
638 2566 854 2600 quoscumque
869 2556 987 2590 iudices
999 2557 1187 2598 ordinarios,

449 2610 478 2640 et
494 2606 663 2650 delegatos,
679 2609 773 2641 etiam
794 2619 959 2642 causarum
977 2610 1081 2653 palatii
1099 2621 1188 2654 apos-

449 2659 533 2692 tolici
564 2661 742 2702 auditores,
767 2673 802 2694 ac
834 2663 862 2695 S.
889 2664 921 2695 ll.
948 2663 980 2695 E.
1013 2663 1187 2696 cardinales

449 2713 584 2755 (sublata
609 2714 653 2745 eis
677 2718 706 2748 et
731 2726 840 2748 eorum
867 2716 993 2748 cuilibet
1010 2717 1119 2759 quavis
1135 2717 1188 2749 ali-

451 2770 496 2799 ter
521 2766 676 2799 indicandi
700 2773 726 2799 ct
747 2768 971 2811 interpretandi
997 2769 1140 2801 facultate
1157 2773 1185 2802 et

1209 581 1418 623 'ignorante-r,
1442 582 1607 624 contigerit
1632 583 1786 615 attentari.

1269 636 1283 677 ξ
1299 635 1326 668 7.
1346 636 1413 668 Non
1431 635 1626 668 obstantibus
1644 635 1835 679 praemissis,
1849 646 1883 668 ac
1901 636 1965 680 qui-

1226 687 1331 720 busvis
1355 688 1538 732 apostolicis
1556 694 1585 721 et
1610 689 1641 721 in
1666 689 1912 733 provincialibus
1929 700 1964 722 ac

2048 650 2164 677 Dei-ontio

1979 678 2141 699 contrariorum.

1210 763 1211 766 η
1226 740 1427 784 synodalibus
1443 741 1584 774 conciliis
1601 741 1692 774 editis
1709 742 1899 786 specialibus
1917 743 1964 775 vel

1226 794 1424 836 generalibus
1445 795 1720 828 constitutionibus
1745 800 1774 828 et
1798 795 1966 828 ordinatio-

1225 954 1405 996 apostolica,
1424 955 1469 986 vel
1492 955 1600 998 quavis
1618 955 1766 988 firmitate
1791 955 1851 988 alia
1876 955 1967 988 robo-

1227 1006 1314 1049 ratis)
1335 1007 1457 1040 statutis
1482 1011 1510 1040 et
1536 1008 1825 1049 consuetudinibus,
1842 1019 1876 1041 ae
1902 1009 1967 1041 fun-

1224 1059 1359 1098 datione,
1382 1061 1539 1093 erectione
1564 1067 1593 1093 et
1618 1061 1826 1102 institutione,
1844 1061 1967 1106 privile-

1225 1113 1283 1155 giis
1297 1124 1434 1157 quoquc,
1453 1114 1580 1147 indultis
1595 1118 1625 1148 et
1646 1115 1757 1148 litteris
1775 1115 1964 1159 apostolicis,

1224 1167 1326 1199 eidem
1345 1168 1494 1201 ccclesiae
1509 1168 1611 1201 Sancti
1627 1168 1805 1209 Salvatoris,
1819 1169 1964 1212 illiusque

1224 1222 1360 1264 praesuli
1386 1231 1444 1265 pro
1477 1228 1620 1266 tempore
1652 1223 1818 1262 existenti,
1843 1233 1964 1256 necnon

1224 1275 1371 1318 capitulo,
1397 1281 1425 1308 et
1450 1276 1519 1308 aliis
1544 1276 1688 1319 personis
1712 1276 1889 1320 praedictis,
1907 1276 1965 1309 sub

1223 1329 1474 1372 qulbuscumque
1489 1330 1651 1362 tenoribus
1665 1334 1693 1364 ct
1707 1330 1826 1370 formis,
1840 1340 1875 1362 ac
1893 1340 1964 1362 cum

1223 1382 1384 1425 quibusvis
1415 1383 1507 1415 ctiam
1539 1383 1812 1426 derogatoriarum
1837 1384 1967 1426 dei-oga-

1224 1435 1487 1479 t01·iis,'‘aliisque
1520 1436 1749 1469 efficacioribus
1779 1442 1807 1469 et
1833 1436 1966 1469 insolitis

1224 1488 1381 1528 clausulis,
1401 1489 1658 1533 irritantibusque
1683 1500 1717 1522 ac
1734 1489 1803 1522 aliis
1819 1489 1964 1526 decretis.

1225 1541 1255 1573 in
1280 1553 1395 1585 genere
1421 1543 1468 1575 vel
1494 1543 1523 1575 in
1549 1543 1663 1587 specie,
1679 1543 1773 1576 etiam
1790 1548 1876 1577 motu
1894 1554 1965 1587 pro-

1223 1595 1304 1638 prio,
1330 1601 1357 1628 ct
1383 1607 1419 1628 ex
1444 1598 1529 1629 certa
1555 1596 1694 1637 scicntia,
1719 1607 1753 1629 ac
1779 1596 1816 1629 de
1840 1601 1965 1640 aposto-

1225 1648 1301 1681 licae
1326 1649 1488 1692 potestatis
1506 1650 1709 1693 plenitudine,
1723 1660 1759 1683 ae
1775 1649 1868 1682 ctiam
1893 1659 1966 1683 con-

1223 1702 1432 1742 sistorialiter,
1458 1703 1504 1736 vel
1529 1704 1605 1736 alias
1628 1703 1875 1747 quomodolibet,
1893 1713 1964 1736 con-

1223 1756 1339 1795 cessis,
1364 1756 1557 1790 confirmatis
1588 1761 1617 1789 et
1651 1756 1813 1789 innovatis.
1843 1755 1963 1795 Quibus

1223 1809 1398 1849 omnibus¹‚
1417 1810 1537 1842 etiamsi
1554 1809 1592 1842 de
1612 1809 1682 1849 illis,
1699 1820 1873 1853 eorumque
1890 1809 1963 1843 totis

1224 1862 1396 1903 tenoribus,
1421 1862 1576 1906 specialis,
1601 1862 1746 1906 specifica
1764 1868 1791 1895 et
1813 1873 1962 1907 expressa

1223 1921 1252 1947 et
1277 1914 1458 1949 individua⁹
1482 1927 1516 1948 ac
1549 1915 1588 1948 de
1620 1915 1716 1949 verbo
1746 1916 1784 1949 ad
1810 1916 1939 1949 verbum
1955 1943 1962 1955 ,

1223 1969 1299 2001 nihil
1324 1968 1448 2013 penitus
1465 1969 1592 2009 omisso,
1610 1979 1645 2001 ac
1659 1969 1760 2001 forma
1778 1969 1808 2001 in
1826 1969 1886 2002 illis
1904 1974 1963 2002 tra-

1222 2022 1286 2056 dita
1302 2022 1478 2063 observata,
1493 2022 1600 2055 inserti
1618 2022 1729 2062 forent,
1742 2022 1963 2066 praesentibus

1223 2085 1281 2119 pro
1306 2075 1499 2108 sufficienter
1531 2075 1688 2119 expressis
1711 2080 1742 2107 et
1767 2075 1805 2107 ad
1829 2075 1962 2108 verbum

1223 2128 1348 2161 insertis
1364 2128 1524 2168 habentes,
1542 2129 1603 2161 illis
1620 2128 1695 2161 alias
1711 2128 1741 2161 in
1767 2139 1823 2162 suo
1847 2128 1963 2162 robore

1221 2181 1447 2225 permansuris,
1460 2181 1518 2215 hac
1533 2182 1599 2215 vice
1612 2181 1773 2215 dumtaxat
1785 2181 1963 2226 specialiter

1222 2239 1252 2268 ct
1269 2246 1414 2279 expresse
1430 2235 1632 2278 derogamus,
1648 2235 1824 2278 ceterisque
1840 2240 1963 2268 contra·

1223 2288 1278 2321 riis
1302 2289 1561 2333 quibuscumque.

1267 2342 1281 2385 g
1306 2342 1334 2374 8.
1362 2342 1514 2376 Volumus
1549 2347 1654 2375 autem
1679 2352 1714 2374 ac
1739 2341 1906 2374 statuimus
1930 2346 1960 2374 et
2024 2361 2107 2384 ineotae
2122 2361 2160 2383 hu,

1222 2395 1414 2437 ordinamus,
1432 2395 1516 2440 quod
1540 2395 1654 2436 clerus,
1675 2395 1822 2439 populus,
1845 2394 1960 2439 aliique
1974 2388 2161 2441 {ffffissfill'ff'lssj

1223 2449 1340 2482 incolae
1358 2454 1386 2482 et
1404 2449 1594 2481 habitatores
1613 2448 1768 2482 dictarum
1787 2441 2160 2495 provincia-35¹¹?⁰0¹⁸,³{'‚2{,1‘‚'{{¹,-³,‘¹

1223 2514 1291 2536 rum
1321 2503 1359 2535 de
1391 2502 1617 2543 Parnambuco,
1644 2502 1862 2535 Pernambuco
1878 2529 1885 2543 ,
1901 2502 1960 2535 Pe·
1974 2495 2003 2544 {2¹
2035 2495 2160 2543 ⁰21⁸?ssssssss

1222 2556 1317 2596 raiba,
1332 2556 1511 2595 hamat-aea,
1525 2560 1555 2588 et
1567 2554 1755 2597 Riogrande,
1771 2555 1801 2588 in
1818 2555 1866 2588 his
1880 2565 1960 2599 quae
1974 2553 2084 2598 munero
2123 2547 2160 2569 ‘¹⁰'

1220 2614 1291 2642 sunt
1315 2607 1455 2647 ordinis,
1479 2608 1517 2641 ad
1547 2608 1743 2651 praedictum
1775 2608 1959 2653 episcopum

1259 2691 1266 2715 t
1285 2689 1387 2724 Supple
1406 2688 1439 2715 de
1458 2695 1532 2716 more
1546 2688 1625 2715 solito
1645 2691 1672 2716 et
1688 2689 1814 2723 sinqulis
1833 2689 1873 2724 (a.
1889 2689 1940 2724 τ.).

1254 2733 1270 2759 2
1285 2732 1399 2768 Supple:
1421 2733 1529 2760 mentio
1549 2733 1678 2760 habenda
1697 2736 1774 2766 esset,
1798 2741 1898 2762 eorum
1921 2736 1959 2762 te-

1219 2785 1312 2811 nores,
1333 2785 1366 2803 ac
1380 2777 1406 2804 si
1421 2777 1454 2803 de
1469 2778 1552 2805 verbo
1567 2778 1604 2804 ad
1622 2778 1743 2812 verbum,
1758 2781 1810 2806 etc.
1828 2784 1863 2810 (n.
1885 2778 1934 2813 τ.).
