2293 3231
73 301 124 330 An.
141 301 169 329 C.
190 301 258 329 ¹622

142 624 257 646 Facultatis

32 670 36 672 ,
73 652 190 673 concessio.

130 2519 219 2541 statutis
233 2519 273 2540 hu—

89 2544 272 2567 ius-modimiiitia-
305 2565 312 2571 ,
529 2567 534 2572 ,
653 2567 658 2571 .
913 2567 918 2572 .
937 2567 942 2572 .

88 2576 136 2595 xum
167 2574 386 2601 caverni-‚Simus
409 2567 440 2599 in
464 2567 587 2600 Christo
616 2566 699 2599 filius
728 2572 835 2599 noster
865 2567 1026 2610 Philippus

87 2602 212 2654 1311ῗὲἓῖ
232 2603 274 2645 ,131

90 2651 148 2675 sunt,
163 2655 184 2672 111
197 2655 224 2671 ns
237 2650 275 2672 ad-

89 2676 207 2699 mittantur.

875 303 1050 328 GREGORIUS
1074 304 1114 327 XV
1138 303 1186 326 1³1³.

270 349 462 390 summarie,
486 349 670 393 simpliciter
699 355 727 383 et
756 350 793 383 de
824 351 916 394 plano
941 351 1007 383 sine
1039 350 1067 382 S.
1088 349 1240 382 lacohide
1257 348 1555 392 Spattia,C:1ta11·ava
1571 353 1599 380 ct
1614 348 1777 381 Alcantara

270 402 402 445 strepitu
426 407 456 435 et
479 402 581 445 figura
605 403 721 443 iudicii,
747 414 840 437 manu
866 404 953 446 regia
972 416 1006 436 as·

270 454 335 486 sola
358 454 429 487 sacti
453 454 581 488 veritate
607 455 766 499 inspecta,
800 457 947 499 omnique
979 463 1005 489 ct

271 516 468 550 quacumque
491 507 713 542 reclamatione
742 513 772 540 ct
800 520 929 542 recursu
958 520 1007 542 re-

271 558 378 599 motis,
401 560 589 603 procedatis.

316 611 378 655 §3
404 612 480 645 Cum
504 613 649 646 facultate
673 613 751 646 alios
776 624 1007 657 quoscmuque,

272 664 365 698 etiam
382 665 413 697 in
429 665 579 708 dignitate
592 666 801 699 ecclesiastica
815 667 1008 707 constitutos,

272 718 310 752 ad
335 719 508 762 praemissa
533 719 770 763 subdelegandi,
795 731 1008 764 quoscumque

272 773 381 816 quavis
394 773 577 807 auctoritate
590 774 753 817 fungentes
766 774 891 814 citandi,
903 780 942 814 et,
952 775 1009 807 sub

271 825 381 869 poenis
401 826 531 859 arbitrio
550 832 654 860 vestro
679 827 879 860 moderandis
903 833 931 860 et
955 838 1010 871 ap-

272 878 433 921 plicandis,
447 879 607 912 inhibendi
622 880 714 912 etiam
731 890 788 923 per
804 880 940 913 edictum
957 892 1011 924 pu-

272 930 401 972 blicum,
425 932 569 973 constito,
589 937 739 976 quantum
756 933 843 966 vobis
868 933 1011 966 sufficere

274 983 452 1025 videbitur,
476 985 514 1018 de
534 995 597 1018 non
623 990 691 1018 tuto
715 996 863 1026 accessu,
889 986 1011 1029 aliaque

273 1037 378 1070 omnia
397 1043 427 1071 et
443 1038 565 1081 singula
580 1038 611 1070 in
628 1039 809 1082 praemissis
825 1045 853 1071 et
872 1039 955 1071 circa
976 1050 1012 1072 ea

273 1090 448 1123 necessaria
464 1095 493 1124 et
510 1095 689 1134 opportuna
705 1091 839 1133 (etiamsi
854 1092 926 1124 talia
941 1093 1011 1131 sint,

272 1142 321 1175 vel
344 1142 470 1183 fuerint,
495 1153 574 1186 quae
596 1143 695 1185 magis
719 1144 896 1186 specialem,
917 1145 1013 1187 speci-

271 1193 363 1226 ficam
372 1199 402 1227 et
411 1205 590 1237 expressam
602 1195 799 1237 requirerent
808 1196 1012 1239 mentionem)

272 1246 414 1287 faciendi,
431 1247 566 1288 dicendi,
581 1247 710 1290 gerendi
730 1251 759 1280 et
777 1248 960 1291 exequendi.

317 1300 332 1343 g
348 1299 378 1332 4.
392 1301 461 1334 Non
477 1301 684 1339 obstantibus,
698 1306 850 1343 quatenus
869 1312 948 1345 opus
965 1302 1012 1341 sit,

273 1352 370 1386 felicis
394 1353 622 1387 recordationis
650 1354 799 1387 Bonit'acii
826 1355 927 1398 Papae
948 1355 1012 1387 Vll]

273 1405 526 1448 praedecessoris
549 1406 649 1440 nostri
674 1406 713 1438 de
736 1409 808 1446 una,
834 1412 864 1439 et
888 1408 918 1439 in
944 1418 1014 1440 con-

274 1458 346 1492 cilio
359 1459 499 1502 generali
515 1459 598 1492 edita
615 1459 653 1492 de
673 1459 794 1492 duabus
811 1460 912 1497 dietis,
926 1460 1014 1493 dum-

274 1511 369 1544 modo
388 1512 471 1544 ultra
495 1517 560 1545 tres
584 1512 682 1544 dietas
702 1512 814 1555 aliquis
830 1513 1014 1545 auctoritate

274 1565 486 1607 praesentium
517 1565 556 1596 ad
586 1565 737 1598 iudicium
765 1575 827 1598 non
851 1565 1013 1605 trahatur,

275 1617 405 1660 aliisque
423 1617 696 1651 constitutionibus
715 1623 745 1650 et
765 1618 1015 1651 ordinationibus

275 1670 465 1713 apostolicis,
490 1671 665 1714 ceterisque
689 1671 854 1704 contrariis
878 1672 1013 1715 quibus—

276 1733 422 1768 cumque.

320 1777 432 1810 Datum
456 1777 591 1816 Tusculi,
616 1777 674 1810 sub
698 1778 813 1810 annulo
839 1778 1015 1818 piscatoris,

277 1829 328 1862 die
351 1839 395 1863 v11
419 1830 557 1863 octobris
581 1840 722 1871 iuncxxu,
741 1831 941 1874 pontificatus
965 1841 1018 1864 no-

277 1883 333 1916 stri
357 1891 438 1916 anno
462 1893 492 1916 11.

314 1942 373 1970 Dat.
391 1943 434 1970 die
448 1944 464 1970 7
483 1944 600 1971 octobris
618 1944 695 1977 1622,
713 1944 806 1979 pontif.
823 1953 867 1972 an.
886 1952 913 1971 11.

577 2087 718 2119 LXXXII.

285 2163 494 2206 Confirmatio
511 2164 709 2198 decretorum
731 2176 750 2197 a
770 2176 842 2208 reqe
862 2165 1019 2197 catholico

328 2215 471 2249 latorum
479 2216 564 2250 circa
577 2217 793 2250 exclusionem
805 2222 1017 2250 mercatorum

327 2272 356 2301 et
383 2268 527 2301 aliorum
551 2269 590 2301 ab
617 2269 730 2302 habitu
757 2270 959 2302 militiarum
984 2269 1022 2302 de

327 2321 463 2364 Spatha,
492 2322 668 2356 Calatrava
692 2326 720 2355 et
740 2322 952 2355 Alcantara'.

491 2400 646 2434 Gregorius
666 2401 744 2434 Papa
762 2401 820 2433 XV,

427 2446 462 2471 ad
482 2444 614 2471 futuram
633 2444 679 2471 rei
698 2445 877 2471 memoriam,

330 2514 346 2557 ἓ
369 2513 399 2546 1.
424 2514 543 2557 Exponi
567 2513 658 2547 nobis
683 2524 786 2557 nuper
810 2513 879 2547 fecit
905 2514 1024 2547 charis-

289 2619 511 2663 Hispaniarum
542 2630 597 2652 rex
626 2620 798 2652 catholicus
811 2646 818 2659 ‚
847 2620 1024 2653 Militiarum

329 2682 338 2707 1
357 2680 394 2708 Ex
409 2681 515 2717 Regest.
532 2681 559 2708 in
574 2681 675 2708 Secret.
698 2681 829 2707 Brevium.

1041 409 1210 446 perpetuus
1234 402 1468 435 administrator
1489 401 1658 444 apostolica
1675 405 1779 433 aucto-

1041 456 1131 488 ritate
1155 456 1338 498 deputatus,
1364 455 1447 497 quod
1475 455 1503 486 in
1529 453 1716 497 recipiendis
1740 453 1777 485 ad

1041 508 1181 542 habitum
1205 510 1337 541 fratrum
1364 508 1498 539 militum
1524 507 1623 539 dictae
1655 505 1779 538 Militiae

1040 561 1069 593 S.
1096 561 1198 594 lacobi
1223 561 1260 593 (10
1286 561 1399 604 §patha
1425 561 1477 599 iis,
1501 560 1554 603 qui
1573 571 1626 592 seu
1643 570 1778 602 quorum

1041 615 1199 655 genitores
1216 619 1242 646 ct
1265 614 1312 646 avi
1331 620 1540 647 mercaturam
1561 618 1779 652 exercuerunt,

1041 667 1177 709 quodam
1195 667 1335 699 ciusdem
1353 667 1478 699 Militiae
1500 666 1708 700 stabilimento
1735 676 1781 698 ca-

1042 720 1103 763 pite
1125 730 1153 760 v,
1174 721 1219 752 tit.
1242 730 1250 753 1
1272 726 1418 753 caveatur
1441 730 1601 763 expresse,
1619 730 1656 752 ne
1680 719 1780 751 dictae

1042 773 1165 806 Militiae
1182 773 1210 806 S.
1227 774 1328 806 lacobi
1342 774 1466 807 habitus
1480 774 1521 805 illi
1538 773 1617 805 tradi
1631 778 1681 805 aut
1697 773 1782 805 exhi-

1042 826 1109 858 beri
1134 826 1241 868 possit,
1266 826 1319 869 qui
1345 831 1501 858 mercator
1517 831 1570 858 aut
1586 825 1781 867 argentarius

1044 879 1147 919 fucrit,
1174 880 1218 911 101
1246 879 1383 912 0111010111
1409 879 1467 911 1110
1491 884 1541 911 aut
1565 879 1780 911 mechanicum

1044 933 1217 965 exercuerit
1234 959 1241 972 ‚
1269 938 1319 964 aut
1346 943 1477 971 eorum,
1509 932 1562 974 qui
1595 932 1780 964 alterutrum

1044 985 1220 1017 officiorum
1246 985 1424 1017 huiusmodi
1451 985 1668 1022 exercuerint,
1692 989 1782 1017 natus

1044 1038 1163 1077 existat,
1178 1038 1298 1070 etiamsi
1312 1048 1344 1070 se
1358 1037 1494 1070 nobilem
1514 1038 1674 1080 hyodalqo
1689 1037 1782 1079 vulgo

1044 1096 1256 1133 nuncupatum
1268 1101 1335 1123 esse
1345 1091 1468 1133 probet,
1477 1102 1547 1122 cum
1563 1091 1782 1129 declaratione,

1044 1144 1127 1186 quod
1148 1149 1304 1176 mercator
1327 1144 1366 1176 ad
1393 1144 1475 1176 1111110
1497 1144 1641 1176 effectum
1670 1143 1783 1176 intelli-

1045 1201 1136 1237 gatur
1160 1196 1194 1236 is,
1216 1196 1269 1240 qui
1294 1197 1478 1239 apothecam
1503 1196 1639 1228 cuiusvis
1660 1196 1784 1238 generis

1046 1249 1209 1289 mercium,
1228 1249 1258 1281 in
1271 1251 1306 1281 ea
1320 1260 1377 1292 per
1390 1260 1421 1281 se
1435 1250 1538 1292 ipsum
1552 1255 1602 1281 aut
1625 1249 1785 1282 ministros

1046 1311 1118 1333 51105
1142 1301 1318 1340 residendo,
1343 1302 1499 1340 hahuerit,
1520 1302 1717 1344 argentarius
1735 1312 1786 1334 au-

1046 1359 1120 1394 tem,
1145 1354 1198 1397 qui
1224 1355 1383 1386 hanc-hum
1408 1355 1569 1397 publicum
1594 1355 1739 1394 tenuerit,
1757 1360 1784 1388 et

1046 1417 1083 1439 ex
1118 1408 1262 1450 professo
1300 1407 1449 1450 pecunias
1481 1417 1538 1450 per
1567 1417 1601 1439 se
1628 1412 1680 1439 aut
1715 1417 1787 1439 suos

1046 1459 1210 1502 deputatos
1242 1459 1281 1491 ad
1311 1459 1471 1492 cambium
1496 1459 1636 1493 dederit:
1663 1463 1691 1493 et
1715 1460 1787 1502 quia

1046 1512 1188 1544 nonnulli
1212 1512 1250 1544 de
1275 1512 1434 1545 Calatrava
1461 1517 1488 1545 et
1514 1513 1679 1545 Alcantara
1703 1513 1784 1545 Mili-

1049 1566 1162 1597 tiarum
1193 1565 1427 1608 praedictarum
1460 1566 1573 1599 fratres
1605 1566 1786 1598 earumdem

1048 1618 1228 1651 Militiarum
1253 1618 1463 1651 stabilimenta
1487 1619 1650 1650 materiam
1679 1619 1787 1651 huius-

1049 1672 1132 1704 modi
1157 1672 1340 1713 tractantia,
1372 1683 1408 1705 ex
1442 1682 1479 1705 eo
1508 1672 1591 1715 quod
1615 1673 1668 1705 illa
1693 1672 1788 1704 simili

1049 1725 1258 1757 declaratione
1274 1730 1391 1765 carent,
1417 1725 1560 1767 rigidiori
1583 1735 1676 1757 sensu
1692 1725 1789 1757 inter·

1050 1783 1228 1821 pretantur3
1253 1789 1349 1821 qutun
1375 1778 1463 1811 titulo
1488 1788 1537 1817 Vl,
1565 1789 1630 1821 cap.
1653 1788 1663 1810 1
1686 1783 1786 1810 statu-

1051 1834 1155 1863 torum
1187 1830 1313 1863 Militiae
1344 1830 1522 1873 praedictae
1559 1830 1597 1863 de
1629 1831 1788 1864 Calatrava

1051 1888 1207 1923 caveatur,
1223 1892 1263 1915 ne
1280 1882 1350 1927 quis
1367 1883 1405 1915 ad
1422 1883 1562 1915 habitum
1580 1894 1636 1926 per
1650 1883 1789 1915 eiusdem

1052 1936 1175 1969 Militiae
1187 1936 1225 1968 de
1239 1936 1398 1968 Calatrara
1411 1936 1522 1968 fratres
1540 1936 1654 1968 milites
1675 1936 1791 1978 gestari

1052 1989 1179 2021 solitum
1204 1988 1399 2027 admittatur,
1417 1989 1470 2031 qui
1490 1989 1537 2021 101
1555 1989 1644 2021 011105
1668 1989 1792 2031 genitor

1053 2045 1105 2074 aut
1121 2051 1196 2073 avus
1216 2041 1352 2073 cuiusvis
1365 2041 1489 2083 generis
1506 2041 1659 2074 mercium
1677 2052 1793 2074 merca-

1054 2098 1156 2127 turam
1167 2104 1223 2136 per
1236 2104 1267 2125 se
1280 2093 1364 2136 ipsos
1378 2104 1433 2126 seu
1450 2094 1610 2126 ministros
1624 2105 1697 2127 suos
1709 2104 1793 2127 exer-

1054 2146 1172 2186 cuerit,
1197 2146 1261 2178 5110
1285 2146 1420 2183 aurifex,
1446 2147 1493 2179 101
1517 2147 1635 2189 pictor,
1660 2152 1713 2179 aut
1736 2158 1789 2179 ar-

1054 2199 1214 2241 gentarius
1239 2199 1348 2237 fuerit,
1369 2199 1422 2242 qui
1447 2200 1606 2231 banchum
1631 2200 1792 2242 publicum

1055 2251 1200 2291 tenuerit,
1217 2256 1247 2283 et
1260 2262 1296 2283 ex
1308 2252 1449 2294 professo
1466 2251 1615 2294 pecunias
1628 2262 1684 2294 per
1697 2262 1729 2284 se
1741 2258 1791 2284 aut

1055 2314 1128 2337 suos
1145 2304 1307 2347 deputatos
1323 2304 1362 2336 ad
1379 2304 1537 2337 cambium
1557 2304 1688 2343 dederit;
1703 2304 1794 2337 titulo

1057 2367 1130 2389 rei-0
1165 2367 1221 2389 xm
1254 2357 1363 2399 capitis
1394 2357 1487 2399 primi
1512 2357 1795 2389 stabitiinentorum

1056 2408 1155 2441 dictae
1180 2409 1309 2441 militiae
1333 2409 1371 2441 de
1396 2409 1559 2441 Alcantara
1586 2409 1795 2452 prohibetur,

1057 2472 1249 2504 quemquam
1265 2461 1346 2494 inter
1362 2462 1475 2494 fratres
1495 2462 1609 2494 milites
1625 2462 1724 2495 dictae
1740 2463 1796 2495 Mi-

1057 2515 1141 2547 litiae
1159 2515 1267 2558 recipi,
1284 2515 1336 2557 qni
1346 2515 1472 2555 nobilis,
1487 2521 1518 2548 ut
1533 2518 1719 2559 praefertur,
1733 2527 1796 2549 non

1059 2569 1096 2602 sit
1128 2569 1211 2602 iuxta
1243 2568 1372 2601 modum
1401 2572 1429 2601 et
1461 2569 1593 2602 sormam
1624 2580 1795 2612 regnorum

1060 2621 1290 2664 Hispaniarum,
1303 2621 1354 2664 qui
1373 2632 1390 2653 a
1407 2622 1521 2654 Mauris
1537 2623 1707 2663 conversis,
1722 2623 1797 2655 hae-

1060 2674 1175 2714 reticis,
1195 2679 1248 2706 aut
1263 2674 1418 2714 hebraeis,
1436 2680 1463 2706 et
1482 2674 1681 2716 ignobilibus,
1696 2675 1744 2708 101
1761 2675 1797 2707 iis
1835 2668 1839 2671 ⁴

1683 291 1745 324 747
1791 301 1840 327 An.
1857 299 1884 326 c.
1908 300 1975 326 1622
