2293 3231
287 320 338 348 An.
357 319 386 347 C.
403 317 472 347 1622
518 308 584 343 '7⁵24

303 1808 402 1829 Defectus
411 1814 474 1834 snper

290 1835 369 1855 eisdem
382 1835 474 1861 (lisposi-

289 1861 382 1882 tionibus
393 1878 397 1886 ‚
412 1867 474 1888 quos-

289 1893 380 1914 cumque

289 1915 339 1940 ριοι.
425 1894 473 1915 ⁵up'

488 366 650 406 codicillis,
667 363 929 402 fideicommissis,
946 362 1067 406 legatis,
1093 362 1232 395 donatio-

488 420 590 460 nibus,
611 424 673 451 tam
699 418 779 452 inter
802 417 888 449 vivos
911 426 1006 459 quam
1032 417 1125 448 causat
1150 425 1232 448 mor-

489 473 537 511 tis,
554 482 590 504 ac
603 471 671 503 aliis
687 470 939 514 quibuscumque
958 468 1060 501 modis
1077 474 1106 501 ct
1124 467 1231 510 titulis,

489 524 647 568 scriptura
671 523 764 556 etiam
798 522 903 555 minus
938 520 1093 561 solemni,
1125 531 1232 554 coram

488 577 611 610 duobus
637 577 682 609 vel
710 576 811 610 tribus
837 575 979 612 testibus,
998 575 1161 607 autetiam
1186 585 1235 608 cc-

488 630 562 663 dulit
586 630 651 662 sola
678 639 774 662 manu
798 629 925 662 illorum
946 628 1062 672 scripta
1089 628 1134 661 vel
1164 628 1235 661 sub-

489 683 621 727 scripta,
640 693 674 715 ac
694 683 770 715 alias
787 682 818 714 in
835 682 983 715 omnibus
1003 687 1031 715 et
1045 692 1102 726 per
1119 681 1233 721 onmia,

488 741 581 780 prout
590 735 630 769 et¹
639 736 904 780 quemadmodum
914 736 959 769 eis
968 735 1134 775 videbitur,
1141 735 1233 768 etiam

489 789 520 822 in
545 789 613 833 ipsa
637 789 723 822 curia
742 789 820 822 etin
842 789 953 822 mortis
977 788 1122 828 articulo,
1140 788 1233 821 etiam

488 842 574 875 nulla
598 842 678 875 facta
702 842 861 876 mentione
887 841 1072 886 praesentis,
1090 841 1138 874 vel
1162 841 1234 874 alia-

489 906 561 928 rum
585 895 646 928 illis
670 906 729 939 pro
746 899 889 939 tempore
907 905 1127 929 concessarum
1152 894 1234 927 simi-

490 949 566 982 lium
591 949 784 990 facultatum,
801 955 853 982 aut
871 949 955 992 quod
977 949 1007 981 in
1026 949 1088 981 vim
1107 948 1232 981 illarum

490 1002 596 1036 testari
620 1013 676 1036 seu
699 1002 867 1046 disponere
887 1002 982 1036 velint
1006 1007 1036 1035 et
1059 1001 1231 1042 intendant,

489 1057 587 1089 semel
611 1062 704 1101 atque
730 1056 854 1096 iterum,
871 1061 924 1089 aut
941 1056 1059 1100 pluries
1083 1060 1231 1096 statuere,

489 1110 655 1154 disponere
679 1120 716 1143 ac
740 1109 951 1150 ordinare,ita
967 1114 1001 1144 ut
1024 1109 1174 1154 quicquid
1191 1115 1232 1142 te-

488 1168 613 1204 statum,
637 1169 773 1207 gestum,
797 1169 849 1196 aut
873 1163 1064 1204 ordinatum,
1083 1164 1131 1196 vel
1156 1163 1231 1196 alias

488 1217 674 1261 dispositum
704 1217 744 1250 ab
773 1217 818 1250 eis
854 1216 944 1250 suerit
960 1244 967 1257 ,
992 1217 1086 1249 etiam
1112 1216 1143 1249 in
1167 1217 1230 1249 vim

489 1271 642 1315 simplicis
658 1270 899 1310 distributionis,
911 1281 946 1303 ac
958 1270 1044 1311 alias,
1061 1270 1147 1304 omni
1169 1281 1230 1303 mc-

489 1325 561 1358 liori
585 1324 680 1358 modo
704 1325 805 1357 valeat
819 1329 850 1357 et
870 1323 988 1357 servari
1013 1323 1135 1363 debeat,
1152 1323 1230 1367 ipsa-

489 1388 550 1422 que
573 1382 769 1418 testamenta,
795 1377 970 1417 codicillos,
997 1377 1228 1421 dispositiones,

489 1431 713 1472 ordinationes,
737 1430 931 1471 donationes,
948 1431 1049 1473 legata
1073 1436 1101 1463 et
1118 1436 1230 1463 statuta

490 1485 631 1528 pluries,
659 1495 695 1518 ac
720 1484 811 1518 toties
835 1483 957 1527 quoties
981 1483 1025 1516 cis
1050 1483 1229 1524 videbitur,

490 1537 659 1578 moderari,
684 1538 830 1578 limitare,
848 1547 883 1570 ae
908 1537 1002 1569 etiam
1020 1537 1050 1569 in
1067 1541 1167 1571 totum
1185 1547 1231 1570 re-

491 1601 613 1631 vocare,
631 1595 661 1623 et
684 1590 744 1623 alia
768 1590 806 1622 de
831 1600 913 1623 novo
938 1589 1052 1629 edere,
1076 1589 1176 1623 libere
1202 1593 1231 1623 et

490 1644 573 1677 licite
597 1644 728 1683 valeant,
746 1643 931 1678 auctoritate
955 1649 985 1677 et
1008 1649 1117 1677 tenore
1140 1654 1231 1687 prae-

489 1697 592 1730 missis
615 1697 742 1741 plenam
767 1702 798 1730 et
820 1697 954 1731 liberam
969 1696 1173 1730 concedimus
1193 1697 1233 1730 sa-

489 1751 646 1784 cultatem.

533 1805 549 1848 g
572 1804 624 1837 Μ.
651 1804 688 1837 Et
709 1804 916 1837 nihilominus
940 1814 1160 1849 quaecumque
1177 1804 1232 1838 hu-

489 1858 625 1891 iusmodi
660 1862 861 1898 testamenta,
886 1858 1005 1901 legata,
1029 1858 1230 1900 donationes,

488 1911 711 1955 dispositiones
727 1915 757 1944 et
781 1911 842 1944 alia
861 1910 900 1944 de
924 1911 1105 1944 huiusmodi
1130 1912 1230 1952 bonis,

488 1963 610 1998 iuribus
629 1969 657 1997 et
678 1964 864 2004 actionibus,
889 1964 1053 2004 fructibus,
1079 1965 1230 2008 pecuniis,

488 2017 650 2058 ioealibus,
663 2017 795 2061 aliisque
811 2017 907 2051 rebus
924 2018 1124 2061 supradictis,
1137 2019 1230 2052 etiam

488 2070 519 2103 in
551 2071 657 2104 favore
689 2070 997 2113 consanguineorum
1027 2076 1057 2104 et
1089 2071 1229 2104 affinium

487 2123 740 2167 praedictorum,
765 2133 801 2156 ac
825 2123 900 2156 alias
929 2123 1166 2167 quomodolibet
1190 2125 1229 2157 ab

488 2176 606 2209 eisdem
622 2175 820 2220 patriarchis,
837 2176 1093 2220 archiepiscopis,
1111 2177 1231 2221 episco-

488 2229 548 2273 pis,
569 2235 599 2263 et
614 2240 725 2263 eorum
742 2229 874 2272 singulis
887 2230 976 2270 sacta,
995 2241 1067 2263 cum
1083 2231 1230 2264 omnibus

490 2283 561 2316 inde
585 2280 734 2327 seqfiutis,
752 2295 787 2317 ac
811 2284 904 2317 etiam
923 2294 969 2324 ea,
989 2295 1069 2328 quae
1085 2295 1143 2329 per
1161 2285 1230 2319 illos

491 2336 521 2369 in
545 2336 685 2370 futurum
710 2337 947 2381 quomodolibet
971 2338 1060 2378 sient,
1075 2348 1112 2371 ex
1136 2348 1228 2380 nune,

490 2395 584 2432 prout
603 2400 640 2423 ex
657 2395 741 2430 tunc,
759 2396 789 2423 et
805 2401 822 2423 e
838 2396 957 2431 contra,
970 2391 1184 2435 approbamus
1200 2397 1230 2424 et

490 2443 726 2485 confirmamus,
751 2454 923 2488 omnesque
944 2448 974 2478 et
989 2445 1131 2488 singulos
1154 2445 1230 2478 iuris

490 2501 521 2528 et
550 2497 621 2530 sacti
653 2508 689 2531 ac
720 2497 953 2531 solemnitatum
987 2498 1175 2531 omissarum
1201 2504 1231 2531 et

490 2548 745 2590 omittendarum,
761 2560 883 2584 necnon
897 2550 1126 2591 substantiales,
1143 2551 1232 2584 alios-

490 2611 551 2644 que
571 2601 708 2635 desectus
731 2613 959 2648 quoscumque,
976 2603 1002 2636 si
1022 2604 1076 2647 qui
1101 2604 1232 2637 interve-

491 2654 595 2687 nerint
607 2659 660 2689 aut
672 2655 906 2690 intervenerunt
919 2656 950 2689 in
963 2656 1092 2699 eisdem,
1107 2657 1230 2690 etiamsi

529 2719 540 2743 ¹
563 2717 705 2745 Coniunct.
725 2721 751 2744 et
771 2726 820 2746 nos
839 2718 964 2746 addimus
982 2720 1019 2755 (n.
1036 2719 1085 2754 12).

1069 313 1250 339 mmmmm!
1272 312 1428 338 nomnen

1267 414 1412 457 speeitica
1437 413 1556 446 (le—illis
1580 413 1698 447 mentio
1722 414 1940 456 praesentibus
1957 413 2009 446 ha-

1267 467 1369 500 benda
1393 472 1484 507 esset,
1509 467 1702 510 supplemus.

1313 521 1328 564 ξ
1352 521 1404 554 12.
1436 521 1612 554 Districtius
1644 520 1820 554 inhibentes
1848 520 2010 565 quibusvis

1268 574 1533 619 archiepiscopis,
1557 575 1723 618 episcopis,
1747 579 1802 607 aut
1825 574 1893 607 aliis
1917 574 2013 608 eccle-

1269 628 1387 662 siarum
1407 629 1565 672 praelatis,
1581 638 1704 662 necnon
1726 638 1870 662 camerae
1889 627 2012 672 praedi—

1269 687 1336 716 ctae
1361 682 1614 727 praesidentibus
1629 687 1659 716 et
1679 682 1812 723 clericis,
1832 693 1869 716 ae
1888 692 2009 725 eorum,

1268 746 1391 770 necnon
1415 736 1552 770 fabricae
1580 736 1728 769 basilicae
1756 736 1910 780 Principis
1933 746 2010 780 apo-

1269 789 1423 823 stolorum
1448 789 1486 823 de
1512 789 1605 830 Urbe,
1629 800 1665 823 ac
1689 789 1846 823 cruciatae
1869 793 2009 830 sanctae,

1268 851 1304 875 ac
1323 842 1392 875 aliis
1415 842 1637 876 collectoribus
1661 847 1692 876 et
1716 842 2009 883 subcollectoribus‚

1268 895 1444 940 ceterisque
1468 895 1695 940 cuiuscumque
1712 895 1884 939 dignitatis,
1901 900 2008 936 status,

1267 948 1384 992 gradus
1409 954 1439 982 et
1462 949 1650 983 conditionis
1675 948 1890 990 existentibus,
1915 948 2009 982 etiam

1267 1002 1376 1045 quavis
1388 1003 1574 1036 auctoritate
1587 1008 1618 1036 et
1629 1007 1783 1047 potestate
1795 1003 2010 1046 fungentibus,

1266 1065 1305 1088 ne
1321 1056 1558 1098 universitates,
1579 1056 1722 1100 collegia,
1739 1067 1774 1090 ac
1794 1057 1873 1098 loca,
1897 1057 2011 1100 legata-

1266 1109 1340 1150 rios,
1357 1110 1510 1144 haeredes
1533 1116 1564 1144 et
1586 1121 1748 1154 personas,
1771 1120 1895 1145 necnon
1919 1114 2011 1145 testa-

1266 1168 1464 1205 mentorum,
1497 1164 1691 1198 voluntatum
1715 1169 1746 1197 et
1775 1163 2009 1198 ordinationum

1265 1216 1446 1251 huiusmodi
1462 1222 1672 1261 exequutores
1687 1217 1877 1262 praedictos,
1889 1216 2008 1251 directe

1265 1269 1312 1302 vel
1337 1270 1499 1311 indirecte,
1524 1271 1635 1314 quovis
1660 1271 1802 1315 quaesito
1827 1271 1933 1305 colore
1957 1270 2008 1304 vel

1265 1323 1402 1366 ingenio,
1428 1325 1596 1358 molestare
1625 1324 1759 1358 audeant
1782 1323 2008 1369 quoquomodo

1265 1376 1313 1408 vel
1338 1377 1535 1420 perturbare.

1309 1430 1324 1472 g
1349 1428 1399 1462 113.
1426 1431 1468 1463 Ac
1492 1430 1708 1471 decernentes,
1725 1430 1888 1475 praedicta
1903 1430 2009 1464 omnia

1265 1487 1295 1515 et
1308 1482 1441 1525 singula,
1452 1489 1697 1527 praesentesque
1712 1484 1844 1525 litteras,
1853 1494 1889 1517 ae
1903 1483 2010 1518 omnia

1264 1541 1294 1568 et
1314 1535 1439 1580 singula
1461 1537 1491 1570 in
1512 1537 1573 1570 illis
1593 1542 1750 1578 contenta,
1772 1547 1894 1571 necnon
1919 1542 2010 1572 testa-

1265 1595 1381 1630 menta,
1405 1590 1604 1631 donationes,
1637 1590 1814 1631 codicillos,
1845 1590 2008 1625 fideicom-

1266 1644 1370 1683 missa,
1392 1644 1504 1687 legata,
1529 1644 1754 1685 ordinationes,
1778 1644 2008 1688 derogationes,

1265 1697 1498 1740 dispositiones,
1514 1702 1545 1730 et
1561 1697 1622 1730 alia
1641 1707 1869 1742 quaecumque,
1886 1707 2009 1732 necnon

1265 1760 1346 1794 quae
1368 1751 1400 1783 in
1416 1751 1597 1795 praemissis
1618 1751 1698 1784 sacta
1714 1756 1796 1792 sunt,
1816 1755 1869 1786 aut
1888 1762 2009 1785 earum-

1265 1803 1338 1837 dem
1361 1804 1573 1847 praesentium
1599 1803 1707 1847 vigore
1730 1803 1800 1837 fieri
1825 1804 2008 1847 contigerit,

1266 1862 1329 1890 tam
1347 1857 1456 1901 vigore
1472 1857 1648 1901 praesentis
1675 1868 1771 1901 quam
1787 1858 1920 1891 aliarum
1937 1867 2009 1892 con-

1265 1911 1443 1945 cessionum
1468 1911 1529 1944 illis
1553 1911 1717 1951 saetarum,
1742 1921 1778 1944 ac
1802 1911 1951 1956 deinceps
1977 1911 2008 1944 in

1265 1975 1381 2007 genere
1394 1970 1424 1998 et
1441 1964 1473 1997 in
1485 1964 1590 2008 specie
1607 1964 1833 2005 faciendarum,
1847 1975 1918 1998 cum
1935 1965 2008 1998 inde

1265 2018 1405 2062 sequutis
1422 2023 1453 2051 et
1469 2018 1660 2061 sequuturis,
1678 2017 1789 2058 valida,
1805 2018 1898 2051 firma
1917 2022 1948 2051 et
1963 2017 2008 2051 es-

1265 2070 1373 2104 ficacia
1386 2071 1464 2111 sore,
1476 2081 1599 2104 necnon
1613 2073 1766 2115 perpetua
1775 2070 1924 2104 firmitate
1937 2071 2008 2104 sub-

1264 2124 1384 2165 sistere,
1394 2135 1529 2168 suosque
1542 2124 1700 2168 plenarios
1709 2135 1745 2158 ae
1755 2134 1864 2158 omnes
1877 2123 2007 2158 effectus

1264 2178 1371 2212 sortiri
1387 2183 1416 2211 et
1435 2178 1594 2218 obtinere;
1614 2188 1672 2211 uec
1689 2178 1783 2211 etiam
1800 2188 1858 2222 per
1881 2178 2008 2212 transla-

1265 2231 1382 2264 tionem
1399 2230 1438 2264 ad
1452 2231 1710 2275 metropolitanas
1719 2231 1767 2264 vel
1779 2231 2006 2275 patriarchales

1264 2285 1429 2326 eeclesias,
1460 2285 1507 2317 vel
1532 2284 1706 2328 quamlibet
1738 2284 1831 2318 aliam
1855 2290 1953 2318 status
1975 2290 2007 2318 et

1263 2348 1417 2382 personae
1437 2337 1579 2382 ipsorum
1600 2338 1863 2382 patriarcharum,
1887 2338 2006 2371 archie-

1264 2391 1467 2434 piscoporum
1505 2396 1533 2424 et
1566 2391 1789 2435 episcoporum
1824 2401 1861 2424 ae
1894 2400 2005 2423 eorum

1264 2444 1461 2486 singulorum
1494 2444 1669 2487 respective
1699 2443 1923 2484 mutationem,
1947 2453 2005 2476 nec

1264 2507 1320 2540 per
1337 2497 1455 2530 similes
1471 2497 1520 2530 vel
1543 2497 1710 2530 dissimiles
1726 2496 1844 2540 gratias
1857 2496 1919 2529 illis
1935 2506 2007 2530 con-

1265 2560 1368 2583 cessas
1384 2554 1415 2584 et
1431 2549 1648 2584 concedendas
1673 2549 1838 2589 confundi;
1857 2549 1911 2583 sed
1927 2549 2006 2594 ipsis

1264 2603 1452 2636 cumulative
1472 2603 1505 2636 in
1528 2602 1675 2636 omnibus
1691 2607 1722 2635 et
1744 2612 1801 2646 per
1825 2603 1932 2636 omnia
1948 2602 2004 2643 uti,

1264 2662 1294 2689 et
1317 2656 1344 2689 si
1367 2656 1442 2700 quid
1466 2655 1499 2688 in
1522 2657 1585 2688 una
1609 2666 1645 2689 ex
1675 2655 1873 2689 facultatibus
1901 2656 2006 2690 huius-

1263 2709 1347 2743 modi
1371 2709 1530 2750 defecerit,
1546 2708 1578 2741 id
1594 2718 1652 2753 per
1675 2709 1768 2742 aliam
1793 2709 1934 2754 suppleri
1951 2709 2002 2742 de-

2022 310 2072 338 An.
2088 310 2118 338 C.
2135 309 2206 340 ⁴68

1268 362 1344 394 tates
1369 361 1429 394 sint
1454 360 1502 393 vel
1536 359 1670 398 suerint,
1695 359 1779 404 quod
1810 359 1954 404 specialis
1976 365 2007 393 et
2022 372 2219 422 mifssgffigffiae-

2097 1427 2210 1457 clausula·

2023 1457 2202 1482 praesen-vanno.
