2293 3231
287 316 338 343 An.
347 315 376 344 c.
399 316 468 344 ¹622
516 308 578 342 726

486 371 608 399 ctoruui
635 365 744 407 (etiam
770 366 958 405 iuramento,
983 366 1225 400 confirmatione

486 419 667 463 apostoliea,
686 419 731 451 vel
757 419 866 463 quavis
890 419 1039 452 firmitate
1056 420 1115 453 alia
1132 421 1227 454 robo-

487 472 578 514 ratis)
605 473 727 505 statutis
752 477 780 506 et
805 473 1097 513 consuetudinibus,
1125 467 1228 518 privi-

487 525 575 567 legiis
588 536 724 569 quoque,
736 526 864 559 indultis
874 531 903 560 et
917 527 1028 561 litteris
1038 528 1228 572 apostoliciS,

486 577 576 610 dictis
600 579 750 619 eeclesiis,
777 580 985 621 monasteriis,
1011 580 1175 614 ordinibus
1199 587 1230 614 et

487 630 642 675 hospitali,
668 633 857 677 illorumque
881 634 1096 678 praesulibus,
1121 645 1155 668 ac
1181 646 1230 668 su·

488 684 675 728 perioribus,
700 686 869 729 magistris,
896 688 1169 732 praeceptoribus,
1194 699 1229 721 ac

488 737 658 779 militibus,
683 739 827 783 capitulis
852 751 987 784 quoque,
1013 741 1229 782 conventibus,

487 790 664 824 civitatibus
678 797 708 824 et
726 792 814 833 locis,
827 793 958 838 aliisque
974 794 1153 838 praedietis,
1173 806 1229 828 nec

487 854 550 877 non
560 845 688 878 illorum
700 847 990 889 communitatibus,
1005 859 1039 881 ac
1053 849 1147 881 etiam
1165 860 1232 882 vec-

488 897 589 941 tigalis
615 899 677 931 vini
701 899 883 934 huiusmodi
908 902 1106 935 exactoribus
1123 908 1153 935 et
1176 913 1230 947 ap-

487 951 704 994 paltatoribus,
718 963 773 986 seu
787 954 1051 998 redemptoribus,
1063 961 1093 989 et
1105 957 1231 999 quibus-

489 1003 533 1036 vis
550 1004 618 1037 aliis
636 1007 790 1049 personis,
805 1007 863 1041 sub
877 1008 1128 1053 quibuscumque
1147 1013 1230 1043 teno-

487 1057 575 1090 ribus
600 1063 630 1092 et
653 1060 772 1101 formis,
793 1071 828 1094 ae
853 1073 924 1094 eum
949 1063 1111 1106 quibusvis
1136 1063 1229 1096 etiam

487 1111 759 1155 derogatoriarum
781 1115 1000 1159 derogatoriis,
1018 1117 1150 1161 aliisque
1169 1118 1231 1150 effi-

488 1166 665 1200 cacioribus
689 1173 719 1200 et
744 1168 878 1203 insolitis
911 1171 1076 1212 clausulis,
1101 1182 1137 1205 ac
1162 1172 1232 1204 irri-

488 1220 624 1253 tantibus
641 1227 672 1254 et
688 1221 756 1255 aliis
773 1222 918 1264 decretis,
938 1234 996 1267 per
1012 1235 1230 1269 quoscumque

487 1274 645 1308 Romanos
678 1275 845 1310 Pontifices
877 1277 1137 1321 praedecessores
1167 1288 1227 1311 no-

487 1332 580 1369 stros,
600 1338 635 1362 ae
655 1329 749 1362 etiam
766 1340 833 1371 nos,
851 1335 881 1362 et
897 1330 1009 1363 Scdem
1026 1332 1230 1375 praedictam,

487 1381 582 1414 etiam
597 1383 867 1425 consistorialiter,
882 1385 975 1416 etiam
993 1385 1031 1418 de
1045 1385 1229 1418 eorumden]

488 1436 694 1469 cardinalium
723 1437 874 1477 consilio,
899 1438 991 1471 etiam
1015 1449 1072 1482 per
1102 1439 1229 1472 modum

488 1489 595 1522 statuti
615 1494 645 1524 et
669 1490 899 1524 constitutionis
922 1497 1168 1535 perpetuorum,
1195 1503 1230 1525 ac

489 1548 577 1576 motu
594 1548 624 1576 et
644 1544 773 1577 scientia
798 1544 963 1585 similibus,
981 1545 1082 1588 deque
1107 1551 1231 1589 aposto-

488 1596 565 1629 licae
590 1597 755 1641 potestatis
779 1597 983 1641 plenitudine,
1000 1599 1049 1630 vel
1073 1598 1112 1631 ad
1136 1599 1231 1642 impe-

488 1650 613 1690 ratoris,
631 1661 752 1694 regum,
770 1651 964 1694 reginarum,
981 1651 1096 1684 ducum
1113 1658 1142 1685 et
1159 1653 1231 1686 alio-

487 1713 559 1736 rum
584 1703 765 1748 principum
798 1705 995 1746 instantiam,
1021 1716 1077 1739 seu
1102 1706 1228 1740 illorum

488 1757 760 1801 contemplatione,
779 1758 810 1790 in
827 1768 942 1801 genere
960 1759 1007 1791 vel
1018 1759 1049 1792 in
1063 1760 1178 1803 specie,
1195 1771 1231 1793 ac

487 1809 563 1843 alias
587 1811 824 1854 quomodolibet
849 1812 943 1844 etiam
967 1812 1086 1846 iteratis
1111 1813 1231 1846 vicibus

488 1864 644 1897 concessis
669 1864 803 1907 (etiamsi
824 1865 855 1897 in
876 1865 920 1898 eis
940 1875 975 1898 ac
1003 1866 1125 1899 statutis
1144 1876 1232 1910 prae-

488 1917 578 1950 dictis
603 1923 750 1951 caveatur
775 1929 933 1962 expresse,
959 1919 1044 1963 quod
1069 1924 1231 1953 exactores

488 1975 516 2003 et
541 1971 752 2014 appaltatores
777 1972 938 2014 vectigalis
964 1973 1115 2016 praedicti
1142 1973 1232 2006 vecti-

488 2024 538 2066 gal
557 2024 737 2058 huiusmodi
759 2025 853 2058 etiam
869 2025 907 2058 ab
925 2027 1077 2070 exemptis
1094 2027 1231 2070 exigere,

488 2087 523 2110 ac
540 2078 610 2111 illos
630 2078 669 2111 ad
689 2079 877 2112 solutionem
896 2090 950 2112 scu
965 2080 1230 2114 contributionem

488 2141 602 2174 eogere
620 2137 650 2165 et
667 2132 858 2176 compellere
874 2133 995 2176 possint
1013 2144 1069 2166 seu
1087 2134 1231 2174 debeant;

488 2184 635 2230 quodque
666 2185 903 2229 praeceptoriae
927 2191 957 2219 et
988 2186 1048 2218 alia
1079 2186 1231 2220 beneficia

488 2247 705 2282 quaecumque
718 2238 792 2271 dicti
809 2238 981 2282 hospitalis,
994 2244 1056 2272 tarn
1070 2250 1106 2273 ex
1120 2250 1231 2273 corum

490 2291 682 2325 institutione
702 2302 796 2336 quani
811 2303 847 2325 ex
866 2293 1151 2327 stabilimentorum
1173 2294 1232 2327 dis-

490 2345 654 2387 positione,
668 2345 883 2389 pensionibus,
899 2347 1023 2380 clericis
1036 2347 1231 2381 secularibus

489 2402 519 2429 et
543 2398 612 2431 aliis
637 2400 781 2443 personis
812 2400 906 2433 etiam
930 2401 1102 2444 apostolica
1127 2406 1233 2434 aucto-

491 2450 581 2484 ritate
611 2453 827 2493 reservandis,
852 2454 977 2496 gravari
1001 2464 1064 2488 non
1092 2455 1230 2498 possint;

489 2505 636 2550 quodque
664 2507 883 2541 stabilimentis
897 2519 933 2542 ac
951 2509 1124 2552 privilegiis
1140 2521 1231 2554 prae-

490 2558 590 2599 dietis,
605 2560 698 2594 etiam
713 2561 821 2604 vigore
836 2561 1005 2606 implicitae
1018 2562 1232 2607 derogationis

490 2611 638 2645 latissime
647 2613 869 2655 extendendae,
876 2615 997 2648 etiamsi
1007 2626 1064 2659 per
1071 2627 1234 2659 quascum-

490 2674 549 2708 que
576 2665 694 2699 litteras
711 2667 910 2710 apostolicas‚
934 2679 969 2701 ae
993 2669 1118 2712 quasvis
1140 2669 1232 2703 etiam

490 2718 762 2762 derogatoriarum
787 2721 1013 2764 derogatorias‚
1038 2723 1231 2758 efficaciores

1068 319 1247 343 Burmanni
1272 319 1427 344 nmmum
2023 319 2114 348 Aac.
2133 312 2204 349 ¹022
2230 354 2233 361 1

1262 372 1291 399 et
1308 367 1449 400 insolitas
1468 366 1634 407 clausulas,
1651 367 1798 410 derogari
1816 377 1880 402 non
1896 367 2006 412 possit,

1262 430 1318 453 nec
1343 420 1529 463 derogatum
1554 425 1735 461 censeatur,
1760 420 1820 453 nisi
1843 421 2006 464 derogatio

1263 473 1443 507 huiusmodi
1459 473 1497 507 de
1511 473 1643 507 consilio
1660 473 1868 507 cardinalium
1885 484 2008 508 eorum-

1262 527 1332 560 dem
1344 527 1408 567 siat,
1422 532 1452 560 et
1466 532 1531 560 tum
1542 527 1669 561 demum
1680 526 1823 570 magistri
1833 532 1864 561 et
1877 537 2008 562 eonven-

1263 586 1311 614 tus
1332 581 1569 626 praedictorum
1587 581 1624 615 ad
1649 581 1680 614 id
1701 581 1829 615 accedat
1852 591 2006 622 assensus,

1263 635 1386 679 sintque
1422 635 1545 668 litterae
1579 635 1792 679 derogationis
1827 635 2007 669 huiusmodi

1263 688 1356 721 etiam
1374 698 1432 732 per
1449 688 1570 722 dietum
1590 688 1778 731 magistrum
1803 688 2008 733 subscriptae,

1263 753 1299 775 ac
1316 742 1361 775 illi
1377 747 1407 775 et
1424 742 1591 776 conventui
1608 741 1786 786 praedictis¹
1799 752 1856 786 per
1868 741 2008 775 diversas

1265 796 1296 829 in
1322 797 1422 830 forma
1447 796 1555 829 Brevis
1579 800 1609 829 et
1632 795 1708 828 alias
1731 795 1852 829 litteras
1875 795 2008 829 diversis

1264 849 1460 893 temporibus
1476 859 1547 883 cum
1566 849 1660 882 certis
1677 848 1848 882 intervallis
1863 858 2009 893 praesen-

1264 908 1343 936 tatas
1356 903 1528 945 intimatae,
1542 908 1571 936 et
1581 913 1644 936 non
1658 902 1744 943 alias,
1756 912 1815 936 nee
1827 902 1889 936 alio
1902 901 2008 942 modo,

1264 963 1293 990 et
1307 967 1434 1002 semper
1448 957 1479 989 in
1493 956 1651 997 omnibus,
1664 966 1744 1000 quae
1758 956 1801 989 sic
1815 955 1891 990 fient
1914 955 2008 989 etiam

1263 1011 1301 1044 de
1314 1011 1408 1044 simili
1421 1011 1565 1051 consilio,
1576 1008 1847 1053 derogationibus³
1863 1009 1904 1042 sit
1915 1019 2010 1054 appo·

1264 1065 1321 1099 sita
1345 1065 1495 1106 clausula,
1520 1063 1603 1108 quod
1629 1063 1754 1096 illarum
1779 1063 1925 1096 effectum
1945 1073 2010 1096 sor-

1265 1118 1381 1151 tiantur
1397 1118 1435 1151 de
1455 1127 1610 1152 consensu
1630 1116 1774 1160 magistri
1791 1122 1822 1151 et
1837 1121 2009 1150 conventus

1265 1171 1512 1215 praedictorum,
1523 1176 1553 1204 et
1566 1180 1629 1204 non
1643 1171 1729 1211 alias,
1740 1180 1798 1204 nec
1814 1170 1876 1204 alio
1889 1169 2008 1213 modo);

1265 1225 1381 1268 quibus
1398 1216 1554 1265 omnibus,
1573 1224 1700 1257 illorum
1714 1223 1855 1257 omnium
1873 1228 2008 1263 tenores,

1265 1290 1300 1312 ae
1324 1279 1349 1311 si
1374 1279 1411 1312 de
1437 1279 1532 1312 verbo
1559 1278 1597 1311 ad
1622 1278 1754 1311 verbum
1780 1277 2007 1317 insererentur,

1264 1333 1483 1377 praesentibus
1503 1343 1562 1376 pro
1586 1332 1744 1376 expressis
1768 1331 1929 1373 habentes,
1946 1331 2008 1364 illis

1265 1387 1342 1419 alias
1359 1387 1391 1419 in
1408 1397 1465 1419 suo
1486 1386 1602 1419 robore
1623 1385 1849 1430 permansuris,
1866 1385 1925 1418 hae
1941 1384 2010 1418 vice

1264 1440 1427 1474 dumtaxat
1453 1440 1484 1473 in
1509 1450 1626 1483 genere
1654 1440 1703 1472 vel
1728 1439 1760 1472 in
1784 1439 1887 1483 speeie
1911 1438 1949 1472 ad
1969 1438 2010 1472 es-

1265 1495 1380 1527 t'cctum
1411 1493 1626 1538 praesentium
1663 1492 1855 1526 sufficienter
1890 1497 1921 1525 et
1950 1502 2006 1526 ex-

1264 1558 1372 1591 presse
1397 1548 1597 1591 derogamuS‚
1614 1557 1651 1580 ac
1667 1546 1855 1590 derogatum
1874 1555 1942 1579 esse
1958 1545 2011 1579 de-

1264 1602 1424 1635 cernimus
1436 1628 1443 1642 ,
1474 1601 1651 1645 ceterisque
1683 1600 1851 1634 contrariis
1879 1599 2009 1644 quibus-

1263 1665 1408 1699 cumque.

1308 1709 1323 1752 ἓ
1346 1708 1399 1741 17.
1425 1708 1578 1741 Volumus
1595 1712 1710 1748 autem,
1723 1712 1755 1740 et
1770 1706 1941 1751 apostoliea
1956 1716 2008 1739 au·
2051 1714 2140 1736 Nomina
2154 1714 2209 1736 assi-

2024 1742 2124 1763 stentium
2159 1746 2209 1768 cap-
2219 1745 2222 1748 “

1264 1762 1407 1795 ctoritate
1433 1761 1643 1804 decernimus,
1660 1760 1744 1805 quod
1768 1760 1935 1805 privilegia
1954 1759 2012 1793 hu-
2024 1768 2094 1816 genae
2113 1767 2210 1816 '‘affini-1:

1265 1815 1398 1848 iusmodi
1409 1814 1617 1859 infrascriptis
1627 1813 1844 1847 assistentibus
1850 1813 2011 1847 dumtaxat
2025 1799 2194 1843 eigccofuinurf'

1264 1869 1488 1911 suffragentur.
1509 1868 1643 1901 Nomina
1666 1872 1771 1900 autem
1796 1866 2009 1901 assistentium

1264 1922 1500 1966 praedictorum
1514 1926 1586 1954 sunt
1599 1921 1676 1954 haee
1689 1920 1843 1954 videlicet:
1860 1920 2011 1953 Ascanius

1264 1975 1628 2019 Constantinopolitanus
1653 1979 1683 2007 et
1707 1973 1885 2018 Deiphebus
1903 1973 2012 2006 Hiero-

1265 2029 1479 2074 solymitanus,
1503 2027 1719 2072 patriarchae;
1745 2028 1856 2060 Petrus
1883 2025 2012 2060 Ardma-

1265 2093 1378 2123 canus,
1402 2081 1566 2116 Galeatius'
1585 2081 1662 2115 olim
1692 2081 1855 2122 Barensis,
1887 2079 2012 2115 Attilius

1265 2136 1470 2176 Athenarum,
1484 2136 1634 2179 Ulpianus
1647 2135 1722 2169 olim
1739 2134 1919 2174 Theatinus,
1936 2134 2012 2166 Pau-

1264 2190 1313 2222 lus
1329 2189 1475 2222 AEmilius
1497 2188 1747 2233 Amalphitanus‚
1764 2187 1947 2221 Dominieus
1963 2186 2011 2220 ta-

1264 2243 1403 2284 nuensis,
1429 2242 1620 2276 philibertus
1642 2241 1853 2282 Taurinensis,
1870 2239 2011 2273 Andreas

1265 2296 1480 2338 Messanensis,
1502 2301 1533 2329 et
1551 2295 1731 2339 Alphonsus
1744 2293 1942 2334 Rhodiensis,
1959 2303 2010 2326 ar-

1264 2349 1482 2394 cliiepiscopi3
1506 2349 1644 2382 Marinus
1674 2347 1864 2388 Brixiensis,
1896 2346 2010 2380 Paulus

1264 2404 1340 2437 olim
1356 2403 1551 2443 Iserniensis,
1569 2401 1784 2445 Ber-lingerius
1805 2401 1880 2434 olim
1896 2399 2010 2433 Arimi-

1264 2457 1381 2497 nensis,
1399 2456 1529 2490 lacobus
1554 2454 1772 2495 Vercellensis,
1789 2452 1940 2487 Antonius
1962 2452 2010 2485 Vi-

1265 2510 1416 2554 giliensis,
1433 2511 1543 2543 Petrus
1567 2508 1721 2542 Antonius
1743 2506 1907 2547 Troianus,
1923 2506 2010 2540 loan-

1264 2574 1320 2597 nes
1331 2564 1470 2608 Baptista
1486 2563 1634 2603 Nolanus,
1649 2560 1800 2595 Antonius
1813 2560 2008 2600 casertanus,

1266 2618 1446 2662 Alphonsus
1477 2615 1695 2659 Anglonensis,
1719 2617 1751 2648 et
1774 2614 1906 2647 loannes
1930 2612 2006 2646 Vin-

1303 2691 1314 2717 1
1333 2689 1404 2716 Edit.
1418 2688 1499 2716 Main.
1514 2687 1580 2723 legit
1594 2685 1792 2721 derogationes
1806 2686 1843 2719 (a.
1861 2668 1922 2719 T.»

1301 2733 1318 2760 2
1332 2733 1403 2761 Edit.
1413 2733 1492 2761 Maia.
1502 2730 1735 2768 tegitpracdiccis
1746 2729 1902 2758 conventui
1910 2733 1946 2764 (n.
1958 2729 2006 2764 τ.).
