2293 3231
92 247 142 279 An.
161 246 189 276 G.
208 246 270 276 162¹

106 626 188 648 Causae
201 629 275 646 conce·

94 653 156 675 <leudi
189 652 274 672 lacuna-

93 681 134 701 lein
149 679 175 700 «le
190 685 232 706 qua
256 685 276 699 iu

92 706 184 729 rubrica.

121 1262 242 1284 sla-ncessio.

171 2541 285 2568 Derogatio

105 2569 262 2591 contrariorum.

861 244 1036 272 annuemus
1061 244 1104 270 XV
1127 245 1174 270 FP.

290 293 457 324 Venerabili
473 294 562 321 tratri
578 295 743 322 Alexandro
755 294 948 328 patriarchae
964 295 1031 321 Ale-

323 339 478 372 xandrino,
493 342 596 366 nostro
620 343 650 367 et
676 340 761 366 Sedis
785 340 976 374 Apostolicae
1002 340 1032 367 in

324 382 426 417 regnis
443 383 653 416 Hispaniarum
669 383 789 416 nuncio,

486 435 644 470 Gregorius
674 435 752 469 Papa
783 436 838 463 XV.

502 497 687 524 Venerabilis
711 498 816 530 frater,

340 542 469 569 salutem
484 543 514 568 et
530 541 724 575 apostolicam
739 541 988 569 benedictionem.

336 611 351 653 ἓ
372 610 400 642 1.
426 609 512 650 Cum,
538 610 618 643 sicut
643 609 846 643 charissimus
865 609 895 641 in
912 608 1033 643 Christo

290 662 373 696 silius
385 667 492 695 noster
506 662 669 706 l'liilippus
684 663 904 706 Hispaniarum
920 673 973 695 rex
988 673 1035 695 ea-

292 715 428 748 tholieus
445 715 536 748 nobis
552 725 654 759 nuper
672 715 784 759 exponi
803 715 888 756 fecit,
907 715 936 747 in
954 725 1030 758 pro·

291 779 381 802 cessu
399 779 511 802 causae
536 779 591 802 seu
608 780 774 802 causarum
788 769 932 802 moderni
947 769 1034 801 ducis

291 823 429 855 Ossunae
445 832 551 855 eoram
569 822 682 855 ceteris
700 822 855 855 iudicibus
870 822 908 854 ab
922 821 1033 854 eodem

291 875 435 919 Philippo
452 886 526 918 rege
548 875 705 918 deputatis
727 875 941 918 pendentium,
960 884 1035 908 non-

291 929 367 961 nulli
387 930 501 961 sratres
521 929 635 962 milites
652 928 782 961 militiae
807 929 906 961 saneti
931 927 1034 961 lacobi

291 982 329 1014 de
346 982 461 1025 Spatlia
486 981 658 1025 culpabiles
675 982 792 1025 reperti
809 981 888 1022 sint,
912 984 942 1015 et
965 981 1034 1014 fieri

291 1035 399 1079 possit,
413 1040 447 1067 ut
463 1035 557 1069 etiam
577 1035 616 1068 dc
640 1036 800 1069 Calatrava
817 1041 844 1068 et
870 1036 1034 1068 Alcantara

292 1088 476 1122 militiarum
498 1088 611 1121 fratres
636 1088 750 1121 milites
775 1088 806 1121 in
824 1088 934 1121 eodem
959 1099 1034 1132 pro-

292 1152 382 1175 cessu
406 1141 550 1175 similiter
570 1141 702 1174 inditiati
719 1152 865 1175 successu
883 1142 1035 1186 temporis

291 1195 503 1239 reperiantur:

336 1250 352 1293 ἓ
375 1250 403 1283 ΞΣ.
432 1249 551 1283 Idcirco
575 1249 761 1283 fraternitati
786 1254 857 1281 tuae
874 1259 931 1293 per
948 1260 1036 1293 prae-

293 1308 395 1336 sentes
419 1303 645 1337 committimus
670 1308 699 1336 et
724 1303 918 1343 mandamus,
943 1306 976 1336 ut
993 1303 1036 1335 iu-

294 1357 416 1390 dicibus
441 1357 479 1390 ab
503 1357 613 1390 eodem
639 1357 783 1400 Philippo
800 1368 886 1399 rege,
899 1363 933 1390 ut
949 1368 1036 1401 prae-

296 1412 410 1451 fertur,
433 1410 598 1454 deputatis,
623 1414 653 1442 et
677 1410 707 1442 in
732 1412 826 1443 causa
854 1421 908 1443 seu
933 1410 1035 1443 causis

296 1464 476 1497 huiusmodi
490 1474 547 1507 pro
562 1469 703 1507 tempore
718 1463 913 1507 del‘mtandis,
928 1469 1035 1497 eontra

295 1527 404 1550 omnes
417 1520 446 1550 et
459 1517 609 1559 singulos,
619 1522 680 1549 tam
695 1516 926 1560 praedictarum
940 1527 1035 1560 quam

294 1571 427 1604 aliarum
445 1580 716 1614 ‹piarumeumque
736 1580 907 1613 regnorum
927 1571 1036 1614 Hispa-

294 1624 417 1657 niarum
443 1623 645 1663 militiarum,
670 1634 804 1666 quarum
837 1623 938 1657 dietus
963 1624 1034 1657 Phi-

294 1678 398 1722 lippus
423 1688 477 1710 rex
509 1677 745 1710 administrator
779 1677 949 1721 apostolica
975 1688 1034 1710 au—

295 1731 438 1765 ctoritate
462 1730 628 1774 deputatus
648 1730 762 1770 existit,
779 1731 892 1763 fratres
910 1731 1034 1773 milites,

294 1784 443 1827 legitimis
466 1783 726 1828 praecedentibus
741 1783 874 1824 indiciis,
888 1784 982 1817 etiam
997 1784 1035 1816 ad

296 1837 542 1871 carcerationem
563 1841 592 1871 et
608 1837 789 1880 rigorosum
808 1847 949 1877 examen,
967 1849 1037 1881 pro-

297 1891 437 1932 cedendi,
462 1896 555 1935 atque
580 1891 798 1935 inquisitiones
823 1895 852 1925 et
869 1902 1036 1935 processus

297 1944 484 1985 fabricandi,
510 1950 537 1977 et
563 1949 672 1978 eontra
698 1945 870 1989 culpabiles
895 1951 1036 1989 repertos

297 1997 335 2030 ad
350 1997 533 2030 sententiam
547 1997 738 2030 definitivam
756 2003 786 2031 et
804 1998 887 2031 illius
904 2009 1037 2042 exequu-

298 2050 414 2084 tionem
438 2049 633 2092 deveniendi,
659 2050 736 2083 iuris
760 2050 871 2084 ordine
896 2057 1036 2092 servato,

298 2103 421 2146 aliaque
445 2103 551 2136 omnia
567 2108 597 2135 et
621 2103 742 2146 singula
763 2103 794 2136 in
811 2104 992 2147 praemissis
1009 2111 1037 2137 et

299 2157 382 2190 circa
407 2167 442 2189 ea
466 2157 642 2189 necessaria
666 2162 696 2190 et
721 2158 959 2200 quomodolibet
984 2169 1040 2202 op-

298 2215 434 2256 portuna
451 2211 586 2253 (etiamsi
604 2211 676 2243 talia
690 2211 751 2243 sint
765 2212 813 2243 vel
828 2212 944 2245 suerint
960 2222 1039 2255 quae

298 2264 398 2307 magis
415 2264 583 2308 specialem
600 2269 630 2296 et
647 2274 825 2308 expressam
842 2265 1040 2307 requirerent

299 2317 568 2361 commissionem)
594 2317 738 2358 faciendi,
763 2317 892 2360 gerendi
918 2324 947 2350 et
973 2329 1040 2351 exe-

299 2370 424 2414 quendi,
449 2371 589 2414 plenam,
615 2370 747 2403 liberam
772 2376 802 2403 et
826 2371 961 2414 amplam
990 2372 1038 2404 sa—

299 2425 446 2459 cultatem
471 2430 501 2458 et
524 2426 758 2466 auctoritatem,
783 2425 969 2459 auctoritate
988 2436 1040 2458 no-

300 2481 374 2519 stra,
398 2479 551 2512 concedas
576 2484 606 2512 et
630 2479 829 2523 impartiaris.

344 2532 359 2575 ἓ
384 2532 413 2566 3.
445 2533 513 2566 Non
544 2533 740 2566 obstantibus
775 2533 973 2576 praemissis,
1004 2543 1039 2566 ae

301 2586 488 2629 apostolicis,
512 2596 570 2620 nee
586 2597 649 2619 non
665 2586 698 2619 in
713 2586 952 2627 universalibus,
970 2597 1040 2630 pro-

301 2637 546 2684 vincialibusque
559 2645 587 2673 et
605 2640 805 2685 synodalibus
821 2639 961 2674 conciliis
979 2640 1040 2673 edi-

389 2700 468 2730 Ball.
488 2702 569 2730 Rom.
589 2715 624 2723 -—
641 2703 700 2731 Vol.
721 2702 786 2730 XII.
949 2701 982 2730 73

1067 294 1114 331 tis,
1128 292 1328 335 genia-alibus
1342 293 1389 324 vel
1407 292 1597 336 specialibus
1611 291 1807 324 constitutio-

1067 346 1158 378 nibus
1183 351 1213 377 et
1237 345 1495 384 ordinationibus,
1516 355 1551 377 ac
1576 343 1807 387 praedictarum

1068 398 1250 431 militiarum
1275 399 1383 441 <eliam
1414 398 1606 438 iuramento,
1639 398 1807 432 confirma-

1069 452 1151 485 tione
1176 452 1357 495 apostolica,
1384 452 1429 483 vel
1455 451 1562 494 quavis
1584 450 1731 484 firmitate
1747 450 1807 483 alia

1068 504 1238 544 roboratis)
1260 505 1380 537 statutis
1398 509 1427 536 et
1445 503 1733 543 eonsuetudinilnis,
1749 509 1809 536 sta-

1067 558 1256 599 bilimentis,
1290 558 1395 590 usibus
1420 563 1449 590 et
1473 558 1603 597 naturis,
1636 557 1809 601 privilegiis

1069 622 1205 654 quoque,
1232 611 1358 644 indultis
1383 616 1412 643 et
1436 611 1547 644 litteris
1571 610 1760 654 apostolicis,
1777 610 1809 642 in

1068 664 1261 697 contrarium
1294 664 1541 708 praemissorum
1572 663 1809 707 quomodolibet

1069 718 1236 758 concessis,
1253 717 1447 751 confirmatis
1465 723 1492 749 et
1512 716 1674 751 innovatis.
1691 716 1809 755 Quibus

1069 770 1216 804 omnibus
1242 776 1270 803 et
1295 771 1427 813 singulis
1440 770 1584 816 ¹<etiamsi
1605 780 1663 813 pro
1681 769 1807 802 illorum

1068 824 1233 857 sufficienti
1260 824 1475 866 derogatione,
1492 824 1529 856 de
1555 823 1616 856 illis
1634 833 1809 866 eorumque

1068 877 1141 910 totis
1164 878 1323 911 tenoribus
1348 877 1503 921 specialis,
1528 876 1684 920 specifica,
1702 875 1810 908 indivi-

1069 930 1129 963 dua
1155 936 1185 963 et
1210 941 1358 974 expressa
1383 941 1418 963 ae
1435 929 1473 962 de
1493 929 1590 962 verbo
1608 928 1646 961 ad
1666 928 1809 969 verbum,

1068 993 1131 1017 non
1157 989 1260 1016 autem
1285 994 1342 1027 per
1367 983 1522 1016 clausulas
1547 982 1709 1026 generales
1726 981 1809 1014 idem

1069 1036 1286 1080 importantes,
1310 1036 1426 1070 mentio
1452 1046 1507 1069 seu
1530 1035 1658 1079 quaevis
1682 1034 1742 1067 alia
1761 1045 1811 1067 ex·

1069 1090 1191 1133 pressio
1211 1090 1354 1123 habenda
1382 1093 1435 1122 aut
1459 1089 1564 1133 aliqua
1581 1089 1640 1121 alia
1657 1087 1809 1132 exquisita

1068 1142 1169 1175 forma
1194 1142 1232 1175 ad
1257 1143 1317 1176 boe
1338 1141 1490 1175 servanda
1508 1142 1600 1184 soret)
1619 1151 1728 1174 eorum
1746 1151 1811 1173 om-

1069 1196 1156 1228 nium
1183 1201 1212 1229 et
1229 1196 1426 1238 singulorum
1444 1200 1568 1228 tenores
1592 1194 1810 1238 praesentibus

1069 1260 1127 1292 pro
1149 1249 1239 1292 plene
1264 1254 1295 1282 et
1319 1249 1510 1282 sufficienter
1538 1248 1694 1292 expressis
1719 1252 1748 1281 et
1772 1248 1810 1280 ad

1070 1303 1200 1336 verbum
1223 1303 1346 1337 insertis
1361 1302 1520 1342 habentes,
1538 1301 1598 1334 illis
1616 1301 1691 1334 alias
1709 1302 1739 1334 in
1754 1312 1810 1334 suo

1070 1357 1184 1390 robore
1214 1356 1446 1401 permansuris,
1472 1357 1530 1388 hae
1554 1356 1622 1388 vice
1650 1355 1812 1389 dumtaxat

1069 1410 1246 1454 specialiter
1271 1416 1298 1443 et
1325 1420 1488 1454 expressse
1511 1410 1712 1452 derogamus,
1734 1412 1811 1443 eete-

1068 1464 1174 1507 risque
1199 1464 1365 1497 contrariis
1390 1464 1652 1508 quibuscumspie.

1112 1518 1224 1550 Datum
1236 1518 1361 1555 Romae,
1371 1517 1455 1561 apud
1469 1518 1496 1550 S.
1508 1517 1637 1550 Mariam
1647 1517 1809 1557 Maiorem,

1069 1571 1127 1603 sub
1154 1571 1270 1603 annulo
1298 1571 1481 1609 Piscator-is,
1509 1570 1559 1603 die
1583 1580 1660 1603 xxm
1685 1569 1809 1613 augusti

1070 1634 1205 1665 nnexxi,
1227 1624 1426 1668 pontificatus
1447 1624 1547 1656 nostri
1572 1633 1654 1657 anno
1679 1634 1698 1656 1.

1105 1687 1161 1714 Dat.
1178 1687 1220 1714 die
1240 1687 1273 1714 23
1293 1687 1396 1722 augusti
1418 1686 1497 1721 1621,
1519 1686 1614 1722 pontif.
1632 1695 1703 1713 anno
1719 1693 1737 1713 1.

1388 1829 1489 1862 xxx'l.

1070 1910 1264 1952 Praefim'b'o
1295 1909 1533 1943 mamillarum
1564 1909 1812 1942 ordinationum

1112 1975 1172 2008 pro
1197 1964 1338 2007 selim'ori
1361 1965 1517 2007 [juliorum
1542 1965 1680 2007 [1111111111
1706 1964 1811 1996 Mirm-

1115 2029 1190 2050 ruxm
1214 2019 1320 2051 smectess
1343 2018 1513 2051 Fremaiscz·
1537 2017 1574 2050 de
1602 2017 1811 2051 Obseruantia}

1115 2071 1377 2114 Reformatorwn
1402 2072 1437 2104 in
1464 2070 1575 2104 Italia.

1274 2151 1431 2186 Gregorius
1452 2152 1531 2185 Papa
1550 2151 1608 2182 XV,

1214 2199 1250 2224 ad
1271 2197 1404 2224 futuram
1424 2196 1469 2223 rei
1488 2196 1669 2223 memoriam.

1117 2267 1255 2301 Onerosa
1268 2268 1433 2311 pastoralis
1446 2267 1540 2300 officii
1558 2266 1735 2300 sollicitudo
1752 2277 1814 2299 me-

1073 2320 1140 2352 ritis
1170 2321 1243 2353 lieet
1272 2321 1531 2354 insufficientibus
1562 2320 1653 2353 nobis
1684 2330 1720 2353 ex
1751 2320 1813 2353 alto

1074 2373 1251 2414 commissa,
1265 2373 1379 2407 crebro
1396 2384 1453 2406 nos
1471 2373 1618 2406 admonet
1630 2383 1666 2405 ac
1682 2373 1812 2414 inducit,

1073 2431 1116 2466 ut,
1130 2427 1168 2458 ad
1186 2432 1299 2459 statum
1318 2426 1571 2459 christifidelium
1588 2426 1814 2470 quorumlibet,

1073 2480 1256 2523 praesertim
1278 2480 1456 2523 regularem
1474 2480 1569 2512 vitam
1585 2480 1813 2523 profitentium,

1073 2533 1241 2566 salubriter
1257 2533 1458 2576 dirigendum
1475 2533 1618 2577 operosis
1642 2533 1752 2566 studiis
1773 2534 1816 2566 in-

1074 2587 1245 2627 tendentes,
1259 2597 1304 2627 ea,
1321 2597 1401 2631 quae
1418 2587 1498 2620 t'eliei
1520 2597 1631 2620 eorum
1648 2587 1814 2630 gubernio,

1072 2651 1305 2685 prosperaeque
1341 2640 1507 2674 directioni
1542 2640 1709 2684 profutura
1739 2650 1824 2675 nos-.

1710 232 1774 270 577
1822 243 1871 271 An.
1888 243 1917 271 c.
1935 242 1999 272 1621

1855 2281 1998 2303 Prooemium.
