2293 3231
104 300 195 328 Amc.
219 299 286 327 1612

127 571 217 593 Decreta
233 571 284 591 Con-

101 599 144 619 citii
159 597 284 620 Tridentini.

101 627 123 646 et
154 625 284 645 constitutio·

101 657 138 672 nes
152 651 283 676 apostelicae

101 678 122 698 in
135 677 284 698 collationibus

2 716 7 728 0
57 724 64 731 ,
101 704 221 724 huiusmodi
240 709 285 724 ser-

102 730 191 752 vandae.

119 1205 176 1227 Infra
186 1211 221 1226 sex
230 1211 286 1226 men-

102 1233 226 1254 seslitterae
237 1238 288 1258 apo-

102 1260 191 1281 stolicae
223 1265 286 1285 expe-

102 1286 202 1308 dioneae.

947 298 1067 323 PAULUS
1092 298 1110 321 V
1135 298 1184 322 Pr.

299 346 488 380 sufficienter
509 347 664 390 expressis
691 346 855 386 habentes,
878 346 938 379 liae
963 347 1038 386 viee,

298 399 337 432 ad
356 399 501 433 effectum
525 400 735 443 praesentium
759 403 895 439 tantum,
921 399 1039 442 specia-

299 452 370 485 liter
402 457 432 485 et.
463 462 608 496 expresse
637 453 841 495 derogamus,
866 452 1039 495 ceterisque

301 505 467 538 contrariis
492 505 751 549 quilniseumque.

343 559 358 601 ἓ
379 557 407 591 5.
434 558 584 591 Volumus
608 563 729 599 autem,
753 558 836 601 quod
861 563 922 589 tarn
947 567 1040 599 paro-

300 610 416 643 chiales
432 611 606 651 eeclesias¹,
623 616 653 643 et
672 611 731 643 alia
749 615 866 650 curata,
884 620 977 653 quam
995 620 1041 642 ee-

300 669 366 697 tera
397 665 549 697 beneficia
580 665 707 705 omnia,
733 665 818 697 iuxta
848 664 982 697 formam
1011 667 1040 697 et

300 722 441 749 tenorem
472 717 671 751 decretorum
704 717 783 750 sacri
815 716 943 750 Concilii
972 716 1040 748 Tri-

299 769 417 803 dentini
453 781 547 814 super
586 771 645 804 hoe
685 770 841 803 editorum
855 797 862 810 ,
897 769 1040 813 personis

299 823 403 866 dignis
427 829 454 856 et
481 823 615 864 idoneis,
640 824 733 856 etiam
758 834 837 867 quae
861 823 948 866 prius
972 833 1041 865 pro-

300 875 465 908 fessionem
482 876 564 916 fidei,
579 876 662 909 iuxta
682 875 857 908 litterarum
878 875 974 907 felicis
990 885 1040 907 re-

300 928 491 961 eordationis
522 928 567 960 Pii
598 929 698 971 Papae
722 928 758 960 lv
791 927 1041 971 praedecessoris

299 981 398 1014 nostri
419 981 554 1024 desuper
567 981 720 1014 editarum
736 982 881 1021 sormam,
899 981 1040 1014 emittere

300 1034 428 1067 omnino
454 1038 626 1075 teneantur,
652 1045 745 1078 super
770 1045 832 1077 quo
857 1039 942 1066 tuam
966 1044 1040 1067 eon-

300 1087 461 1120 scientiam
486 1099 663 1128 oneramus,
688 1090 830 1122 conferre
847 1089 970 1128 debeas,
990 1088 1042 1121 ali-

300 1146 348 1174 ter
372 1142 553 1176 collationes
577 1143 679 1175 nullae
700 1143 775 1182 sint;

345 1195 360 1238 g
377 1195 406 1228 6.
423 1195 573 1238 Quodque
594 1195 624 1235 ii,
641 1195 755 1239 quibus
772 1195 923 1228 beneficia
939 1195 1042 1238 aliqua

301 1248 479 1282 huiusmodi
504 1249 612 1291 vigore
631 1249 844 1292 praesentium
861 1248 1041 1287 contuleris,

301 1301 381 1334 infra
405 1313 458 1334 sex
481 1312 604 1335 menses
624 1313 642 1335 a
658 1302 707 1335 die
725 1303 786 1335 illis
802 1303 899 1334 sactae
914 1312 1041 1335 eorum-

300 1354 371 1387 dem
396 1355 621 1388 beneficiorum
645 1355 834 1399 provisionis
857 1360 1041 1398 computan-

300 1407 375 1448 dos,
407 1418 502 1441 novas
531 1408 727 1452 provisiones
758 1418 851 1452 super
882 1407 1042 1440 benefieiis

301 1461 481 1494 huiusmodi
506 1471 523 1493 a
544 1461 635 1494 nobis
660 1462 843 1505 impetrare,
869 1466 899 1494 et
922 1461 1042 1494 litteras

300 1513 488 1556 apostolicas
500 1513 635 1557 desuper
654 1514 685 1546 in
703 1519 802 1547 totum
816 1513 989 1557 expedire&
1006 1524 1041 1545 ae

301 1566 369 1599 iura
393 1577 536 1599 camerae
560 1567 749 1610 apostolicae
780 1571 947 1610 propterea
974 1577 1043 1610 per·

299 1620 420 1653 solvere
444 1620 571 1653 omnino
597 1624 772 1660 teneantur,
789 1620 969 1663 possintque
987 1630 1043 1663 per

300 1674 378 1706 alios
393 1674 432 1706 ab
449 1674 559 1707 eadem
577 1674 655 1707 Sede
675 1674 773 1707 libere
795 1674 957 1717 impetrari
965 1673 984 1706 ⁸.
1006 1674 1042 1706 Et

301 1726 430 1770 insuper
443 1727 475 1759 in
488 1727 600 1761 litteris
612 1727 811 1770 provisionis,
825 1737 904 1770 quae
917 1727 954 1759 de
968 1726 1042 1769 ipsis

300 1780 461 1813 benefieiis
485 1781 529 1813 sie
553 1780 720 1814 reservatis
736 1781 783 1813 vel
804 1780 921 1813 affectis
937 1790 993 1823 per
1013 1785 1042 1811 te

301 1833 409 1875 vigore
433 1833 645 1877 praesentium
673 1833 777 1873 fierit,
801 1833 962 1866 decretum
987 1833 1043 1865 liu-

301 1886 436 1919 iusmodi
467 1887 599 1930 exprimi
624 1886 751 1927 debeat,
777 1886 916 1929 alioquin
940 1886 1044 1930 provi-

300 1940 404 1974 siones
420 1940 600 1973 huiusmodi
617 1940 760 1972 similiter
780 1940 897 1972 nullius
914 1940 975 1973 sint
990 1951 1042 1973 ro-

301 1993 387 2026 boris
411 1993 458 2026 vel
483 1993 644 2026 momenti.

346 2047 458 2079 Datum
483 2047 599 2080 Romae
623 2046 705 2090 apud
734 2050 875 2080 sanetum
899 2046 1041 2087 Petrum,

302 2099 360 2132 sub
377 2100 492 2132 annulo
508 2099 690 2139 piscatoris,
708 2099 756 2131 die
774 2110 793 2132 x
811 2100 915 2132 martii
932 2109 1042 2133 innexu

301 2153 501 2196 pontificatus
522 2152 619 2186 nostri
644 2162 726 2185 anno
750 2162 803 2185 vn.

337 2215 399 2242 Dat.
420 2215 464 2242 die
484 2215 517 2242 10
537 2214 626 2242 martii
645 2214 723 2248 1612,
739 2214 834 2250 pontif.
852 2222 896 2242 an.
908 2221 956 2242 vn.

613 2348 732 2381 CXCIX.

305 2419 461 2453 Facultas
480 2420 602 2452 niuacio
618 2419 661 2452 czd
678 2418 917 2463 praepositum,
945 2419 1040 2452 deca-

348 2483 440 2513 num,
457 2472 642 2516 capitulum
662 2476 690 2504 et
708 2471 877 2504 canonicos
896 2471 1044 2504 ecclesiae

349 2526 606 2570 Salisburyensis
619 2525 811 2569 inquirendi
826 2524 863 2558 de
878 2524 950 2567 fide,
963 2525 1039 2564 υἱίιῐ,

342 2607 353 2632 1
375 2604 495 2632 Erronee
511 2604 574 2632 edit.
591 2605 672 2632 Main.
688 2605 753 2640 legit
767 2604 900 2632 ecelesiae
917 2604 953 2639 (n.
968 2604 1015 2637 Τ.).

340 2650 357 2676 2
376 2650 470 2686 Aptius
489 2650 625 2686 tegeretur
644 2650 777 2685 empediri
790 2651 883 2684 facere
897 2648 934 2684 (n.
951 2651 994 2682 Τ.).

342 2694 359 2722 3
377 2693 474 2730 Aptius
492 2694 629 2729 legeretur
647 2694 802 2729 impetrare
820 2694 859 2728 (R.
875 2696 923 2726 in).

1716 286 1780 321 165
1828 297 1875 323 An.
1893 296 1920 322 c.
1943 296 2011 323 ieie

1117 351 1145 379 el
1163 346 1307 378 moribus
1320 345 1425 378 Marci
1440 345 1530 378 electi
1547 345 1650 388 ipsius
1667 345 1815 377 ecclesiae

1117 399 1376 442 Salisburqensis
1392 398 1628 441 archiepiscopi
1641 396 1660 430 ¹.

1073 495 1188 522 Dilecto
1209 495 1270 522 filio
1286 495 1429 530 magistro
1445 495 1571 522 Antonio
1587 495 1666 526 maz,
1687 495 1718 521 in
1733 494 1817 522 utra-

1109 546 1164 572 que
1180 539 1338 573 siqnaturfi
1359 539 1464 567 nostra
1482 539 1684 567 referendario
1695 560 1701 571 ,
1719 541 1755 566 ad
1771 539 1816 565 di-

1108 584 1203 611 lectos
1219 584 1310 610 etiam
1324 584 1413 615 filios,
1429 584 1644 618 praepositum,
1661 584 1816 617 decanum,

1109 627 1274 660 capitulum
1290 630 1320 654 et
1336 628 1495 655 canonicos
1512 627 1660 655 ecclesiae
1671 627 1818 655 Salisbur-

1108 671 1209 706 gensis
1225 671 1334 699 nuncio
1351 675 1466 705 nostro,

1311 734 1423 761 Paulus
1444 734 1522 767 Papa
1542 734 1573 760 V.

1356 796 1469 823 Dilecto
1489 796 1549 828 fili,

1120 840 1250 867 salutem
1265 842 1296 866 et.
1312 840 1509 873 apostolicam
1523 840 1771 868 benedictionem.

1119 928 1133 970 ξ
1153 927 1182 959 ’1.
1207 928 1294 967 Cum,
1321 927 1397 960 sieut
1427 928 1616 971 accepimus,
1640 938 1741 971 nuper
1765 939 1815 961 ee-

1075 980 1169 1013 clesia
1193 980 1422 1023 Salisburgensi
1447 985 1543 1021 eerto,
1559 992 1653 1024 quem
1673 992 1817 1024 praescn-

1074 1033 1157 1065 tibus
1181 1044 1239 1077 pro
1256 1044 1403 1077 expresso
1421 1034 1530 1066 haberi
1549 1035 1703 1071 volumus,
1722 1035 1815 1067 modo

1074 1087 1209 1130 pastoris
1229 1087 1339 1120 solatio
1356 1086 1512 1127 destituta,
1527 1087 1632 1119 dilecti
1649 1087 1742 1119 etiam
1759 1088 1815 1120 filii

1075 1139 1232 1178 decanus,
1269 1139 1440 1183 capitulum
1477 1145 1505 1172 et
1542 1140 1683 1173 canonici
1716 1141 1816 1173 dietae

1075 1194 1234 1233 eeclesiae,
1244 1192 1376 1236 quibus*Z
1390 1194 1574 1227 electionem
1588 1194 1684 1227 l'uturi
1699 1194 1818 1227 archie-

1075 1247 1194 1291 piscopi
1219 1247 1249 1279 in
1272 1258 1345 1280 casu
1367 1247 1536 1280 vacationis
1552 1248 1729 1290 praedictae
1745 1259 1818 1281 eon-

1075 1300 1226 1333 cessimus
1250 1304 1279 1334 et
1304 1300 1500 1340 indulsimus,
1518 1301 1549 1332 in
1566 1311 1663 1333 unum
1679 1301 1818 1343 legitime

1075 1353 1275 1396 congregati,
1300 1353 1447 1385 dilectum
1472 1353 1589 1396 pariter
1613 1353 1713 1386 tilium
1738 1354 1818 1386 Mar-

1075 1417 1146 1439 cum
1171 1417 1207 1439 ex
1233 1406 1401 1439 comitibus
1432 1406 1471 1438 ab
1495 1407 1652 1450 Altaemps
1676 1407 1816 1440 eiusdem

1075 1459 1224 1492 eeclesiae
1259 1459 1446 1492 canonicum
1482 1459 1512 1492 in
1545 1460 1816 1503 archiepiscopum

1075 1513 1224 1546 canonice
1248 1514 1409 1556 elegerunt
1422 1514 1442 1545 3:

1119 1567 1134 1609 fi
1158 1566 1187 1599 ’2.
1214 1567 1285 1607 Nos,
1310 1566 1348 1599 de
1373 1569 1424 1600 tua
1449 1566 1527 1607 tide,
1552 1567 1735 1610 prudentia,
1761 1566 1816 1599 do-

1075 1619 1186 1659 ctrina,
1211 1625 1240 1652 et
1264 1630 1390 1652 morum
1414 1620 1571 1662 probitate
1595 1619 1765 1662 plurimam
1785 1620 1816 1651 in

1075 1672 1207 1705 Domino
1227 1672 1374 1705 fiduciam
1392 1672 1552 1713 habentes,
1568 1673 1623 1704 tibi
1642 1683 1756 1705 munus
1774 1673 1818 1704 in-

1076 1725 1273 1765 structionis,
1298 1726 1450 1758 examinis
1481 1731 1509 1758 et
1543 1726 1753 1769 inquisitionis
1778 1726 1816 1758 de

1076 1778 1147 1818 fide,
1172 1779 1250 1818 vita,
1276 1779 1436 1819 moribus,
1462 1778 1605 1812 doctrina
1629 1783 1658 1812 et
1682 1778 1818 1821 pruden-

1076 1831 1129 1871 tia,
1143 1832 1274 1875 aliisque
1291 1832 1508 1875 personalibus
1524 1831 1726 1875 qualitatibus
1743 1831 1815 1864 dicti

1076 1885 1170 1918 Marci
1194 1885 1295 1925 electi,
1319 1895 1376 1917 nee
1400 1895 1464 1918 non
1488 1885 1525 1917 de
1549 1885 1698 1917 ecelesiae
1723 1884 1816 1918 Salis-

1075 1938 1243 1981 burgensis
1261 1944 1351 1979 statu,
1369 1939 1539 1982 apostoliea
1565 1938 1759 1979 auctoritate,
1777 1943 1817 1972 te-

1075 2002 1152 2024 nore
1176 1992 1400 2035 praesentium,
1425 1992 1660 2025 committimus.

1119 2046 1134 2089 ἕ
1151 2045 1180 2077 3.
1201 2045 1314 2078 Dantes
1335 2045 1391 2077 tibi
1407 2046 1542 2089 plenam,
1558 2046 1692 2078 liberam
1709 2050 1739 2078 et
1754 2056 1817 2079 am-

1075 2099 1158 2142 plam
1182 2099 1361 2132 facultatem
1378 2104 1406 2131 et
1424 2098 1644 2131 auctoritatem
1661 2098 1766 2132 onmia
1786 2105 1815 2132 et

1075 2151 1213 2193 singula,
1238 2161 1317 2194 quae
1342 2151 1380 2183 ad
1404 2151 1660 2191 instructionem,
1685 2162 1816 2185 examen

1076 2209 1106 2236 et
1129 2204 1363 2248 inquisitionem
1386 2204 1566 2237 huiusmodi
1597 2204 1682 2237 iuxta
1711 2215 1816 2238 saero-

1076 2268 1147 2290 rum
1171 2267 1328 2290 canonum
1349 2257 1587 2300 dispositionem
1603 2258 1816 2300 requiruntur,

1076 2310 1218 2350 faciendi,
1236 2315 1266 2342 et
1288 2310 1515 2353 professionem
1535 2310 1607 2342 fidei
1632 2310 1706 2342 dieti
1723 2310 1818 2342 Marci

1076 2363 1183 2403 electi,
1208 2365 1331 2396 servata
1361 2367 1463 2397 tamen
1488 2363 1519 2395 in
1543 2363 1689 2395 omnibus
1716 2364 1818 2396 forma

1076 2416 1252 2449 litterarum
1283 2416 1381 2448 felicis
1415 2415 1642 2449 reeordationis
1673 2416 1818 2458 Gregorii

1077 2469 1177 2511 Papae
1200 2468 1267 2501 XIII
1290 2468 1541 2511 praedecessoris
1566 2468 1664 2501 nostri
1684 2468 1818 2512 desuper

1077 2521 1240 2561 editarum,
1265 2521 1447 2565 recipiendi.

1883 940 1966 960 Marcus
1982 940 2014 960 At-

1831 969 1911 991 taemps
1931 968 2014 992 eligitur

1832 994 1854 1013 in
1872 993 2014 1018 archiepisco-

1831 1025 1879 1045 pum
1909 1019 2015 1040 Salisbur-

1832 1052 1924 1071 gensem.

1855 1575 1978 1596 Commissa]
1989 1575 2015 1595 tle

1832 1607 1874 1628 qua
1887 1603 1906 1622 in
1923 1602 2014 1622 rubrica.

1843 2065 2015 2086 Necessariarum

1831 2092 1954 2121 facultatum
1965 2097 2015 2112 con-

1831 2124 1907 2140 cessio.

1113 2601 1124 2627 1
1148 2599 1185 2626 Ex
1204 2601 1314 2635 Regest.
1335 2600 1362 2626 in
1382 2600 1484 2627 Seeret.
1506 2599 1583 2627 Brev.

1111 2646 1128 2673 2
1148 2645 1267 2674 Eri-enee
1287 2646 1351 2673 edit.
1372 2646 1450 2674 Main.
1472 2646 1555 2674 habet
1575 2647 1625 2682 qui
1644 2647 1682 2683 (n.
1699 2649 1748 2682 τ.).

1112 2691 1128 2718 3
1147 2691 1241 2719 Potius
1260 2691 1403 2727 legendum
1421 2691 1490 2719 foret
1508 2692 1644 2727 eleyerine
1664 2693 1700 2728 (n.
1716 2692 1765 2727 T.}.
