2293 3231
277 352 325 380 An.
343 353 373 380 c.
391 351 458 380 1622
506 343 571 377 764

316 1309 342 1329 tis
359 1312 458 1334 exeeptis.

275 1340 329 1361 quae
339 1339 458 1356 tatwini-su·

276 1366 405 1387 ponnl'tialls
416 1367 457 1383 (ἾΙ-

324 1390 389 1409 sulem
401 1406 404 1410 ,
433 1395 450 1408 e.

276 1421 330 1435 t'ntl'n
358 1422 368 1435 c
387 1421 457 1441 ΙέιῚῚΙΙΙ]

274 1442 341 1461 sancti
368 1422 459 1463 iimina<

275 1472 404 1489 asseruntur.

346 2470 462 2496 Episcopo.

281 2496 351 2519 clero.
373 2498 463 2517 civibus-

281 2528 321 2548 qne
338 2523 398 2543 solua
416 2530 463 2543 :on-

281 2549 383 2570 ceduntut
401 2555 463 2576 privt-

282 2580 344 2607 legia.

1054 347 1231 371 man-inimi

475 401 575 435 terris.
600 410 616 432 a
640 402 695 431 sun
719 397 868 432 dioecesi.
893 401 924 430 ut
950 396 1135 440 praefertur,
1155 395 1233 427 ilis-¹

476 453 665 487 menibralis.
679 450 925 486 consistentium,
940 449 1111 492 episcopali
1131 459 1216 480 men-

475 520 525 539 sae
543 507 656 541 dehita,
674 511 700 537 et
716 504 875 536 annuatim
895 503 940 535 vel
959 503 1049 535 aliter
1061 502 1214 545 praestari

475 561 573 594 solita,
592 559 631 590 ita
650 563 679 590 ut
702 557 868 600 episcopus
894 557 1034 587 Lucanus
1058 566 1116 598 pro
1142 560 1232 602 tem·v

475 624 549 656 por·¹
574 611 706 643 existens
731 621 788 653 pei·
812 609 948 652 seipsum
967 609 1013 640 vel
1032 609 1232 664 procurato-¹¹

474 676 539 696 reni
557 675 647 696 suum
664 662 848 702 legitimum,
869 667 896 694 et
916 661 958 693 uti
978 661 1074 704 prius,
1088 661 1213 703 exigere
1230 688 1231 696 ,

473 723 500 749 et
527 718 639 753 levare,
653 715 840 748 caducitates
855 721 883 747 et
898 714 1122 754 devotationes,
1136 724 1213 757 quas
1230 751 1231 757 ἵ

473 781 530 813 pro
558 775 699 812 tempore
727 768 837 811 quovis
866 767 960 800 modo
989 777 1159 800 occurrere
1184 772 1214 799 et

473 823 596 855 (uenire
621 821 785 864 contigerit
801 848 808 861 ,
833 826 861 853 et
887 820 925 852 ad
951 830 1089 853 mensam
1123 831 1213 853 suam

473 876 680 919 episcopalem
705 879 881 918 spectantes
906 873 1067 906 declarare
1081 879 1109 905 et
1128 884 1215 906 aece-

473 935 570 973 ptare,
596 930 815 971 bonorumque
840 927 883 960 sic
905 927 1125 960 devolutorum
1146 937 1214 970 pos—

473 983 641 1015 sessionem
674 992 786 1024 capere
819 985 847 1014 et
881 980 1024 1023 ingredi,
1057 981 1150 1013 etiam
1181 986 1211 1013 ut

473 1035 569 1079 prius,
595 1035 690 1067 libere
716 1040 745 1066 et
769 1035 851 1066 licite
876 1034 973 1077 possit
991 1039 1019 1065 et
1039 1034 1148 1073 valeat,
1164 1043 1214 1066 ne-

473 1099 533 1131 que
557 1095 723 1132 propterea
737 1098 753 1120 a
767 1087 928 1131 praedicto
945 1088 1093 1131 episcopo
1111 1088 1138 1119 S.
1158 1087 1213 1120 Mi-

473 1141 573 1179 niatis,
598 1142 643 1173 vel
669 1141 816 1184 quopiam
841 1140 902 1173 alio
926 1140 1078 1184 desuper,
1102 1140 1214 1184 quovis

473 1196 612 1239 quaesito
647 1196 753 1228 colore
786 1195 944 1228 molestari
978 1195 1024 1227 vel
1066 1194 1211 1238 impediri

473 1259 562 1291 posse
571 1254 622 1281 aut
631 1248 747 1289 lieerc',
757 1248 956 1281 decernimus
966 1253 994 1280 et
1005 1248 1212 1281 declaramus.
1229 1271 1231 1277 ,

518 1306 532 1343 ,ξ
556 1303 585 1334 δ’.
612 1302 761 1334 voluimus
785 1307 904 1339 autem,
929 1301 1014 1344 quod
1039 1312 1092 1334 eae
1117 1312 1212 1345 quae-

474 1355 600 1395 stiones,
617 1355 680 1387 sive
695 1366 816 1395 census,
834 1355 886 1398 qui
906 1355 1048 1398 praefato
1065 1355 1213 1399 episeopo
1228 1357 1231 1386 ἲ

475 1408 615 1449 Lucano,
640 1414 799 1451 tamquam
824 1408 973 1451 episeopo
988 1435 995 1447 ‚
1020 1408 1142 1441 ratione
1165 1419 1213 1441 su-

473 1461 663 1504 perioritatis
691 1472 746 1494 seu
777 1461 1010 1503 recognitionis,
1035 1471 1092 1505 per
1117 1461 1213 1494 eecle-

473 1514 544 1555 sias,
569 1514 708 1552 clerum,
733 1514 914 1558 hospitalia,
938 1514 1210 1547 confraternitates

474 1568 625 1608 locorum,
644 1568 689 1600 vel
715 1568 774 1600 alia
795 1568 862 1601 loca
879 1568 929 1611 pia
946 1568 1136 1612 oppidorum
1156 1579 1211 1601 seu

473 1622 614 1654 locorum
638 1622 681 1654 sic
706 1622 1026 1663 dismembratorum,
1050 1622 1211 1655 annuatim

474 1675 519 1706 vel
546 1674 620 1706 alias
644 1675 796 1719 praestari
822 1676 934 1715 solent,
959 1681 986 1707 et
1012 1676 1044 1708 iu
1068 1677 1152 1716 cera,
1182 1680 1212 1708 et

473 1727 589 1770 pipere,
615 1738 649 1759 ae
670 1739 773 1770 eroco,
799 1729 862 1761 sive
888 1728 1033 1769 sass‘rano,
1051 1739 1086 1761 ac
1107 1729 1210 1762 forsan
1228 1736 1229 1742 ¹

473 1781 605 1823 pecunia
630 1784 814 1822 numerata,
840 1788 870 1814 ut
904 1782 1077 1826 plurimum
1109 1782 1212 1815 consi-

474 1839 567 1874 stunt,
589 1840 616 1867 et
635 1834 673 1867 ad
691 1836 828 1868 valorem
850 1846 989 1868 annuum
1006 1835 1213 1880 quadraginta

474 1893 645 1926 scutorum,
670 1889 717 1920 vel
743 1889 835 1929 eirca,
860 1889 1042 1930 ascendunt,
1066 1889 1213 1933 deinceps

473 1941 622 1984 episeopo
642 1941 672 1974 S.
700 1942 832 1976 Miniatis
849 1942 880 1974 in
899 1943 1149 1986 recognitionem
1171 1943 1215 1975 iu-

474 1993 662 2027 risdictionis
676 2005 730 2027 seu
742 1995 969 2038 superioritatis
982 2006 1055 2029 snae
1072 1996 1103 2028 in
1119 1996 1216 2029 ecele-

473 2046 550 2087 sias,
576 2048 845 2081 confraternitates
857 2054 906 2081 aut
926 2060 1076 2093 personas
1100 2055 1128 2083 et
1147 2050 1215 2083 loca

474 2099 524 2142 pia
541 2100 719 2134 huiusmodi
739 2102 888 2144 praestari
903 2102 1053 2143 debeant3
1071 2115 1129 2148 pro
1154 2104 1215 2138 iltis

474 2164 548 2186 vero
573 2154 735 2198 episcopi*z
751 2155 780 2187 S
799 2155 930 2189 Miniatis
958 2157 1041 2190 dicto
1066 2159 1215 2202 episcopo

475 2206 598 2239 Lucano
636 2218 692 2251 pro
730 2214 873 2252 tempore
909 2210 1050 2243 existenti
1085 2212 1216 2255 singulis

475 2260 563 2292 annis
580 2261 701 2304 integre
727 2263 862 2295 valorem
880 2274 980 2304 cerae,
999 2265 1215 2308 pecuniarum,

475 2313 668 2358 aliarumque
694 2326 800 2348 rerum
830 2318 1056 2360 praefatarum,
1084 2319 1215 2352 arbitrio

476 2366 614 2399 eiusdem
628 2369 732 2400 nuncii
753 2369 920 2402 taxandum
935 2375 963 2403 et
977 2371 1214 2413 aestimandum,

477 2429 679 2462 compensare
703 2426 733 2453 et
756 2428 915 2464 praestare
943 2428 1114 2457 teneantur.

522 2472 536 2513 ξ
559 2473 588 2504 U.
613 2472 755 2506 Ceterum
781 2475 926 2518 capitulo,
952 2476 1055 2516 clero,
1080 2475 1233 2520 civitati„¹

478 2527 507 2557 et
523 2524 656 2557 dioecesi
670 2526 698 2558 S.
714 2527 845 2560 Miniatis
860 2528 1050 2569 huiusmodi,
1062 2530 1215 2573 ipsarum-

479 2588 538 2619 que
563 2578 693 2611 civitatis
717 2585 747 2613 et
770 2581 922 2614 dioecesis
947 2583 1057 2616 ineolis
1075 2589 1105 2616 et
1128 2584 1214 2616 habi-

481 2632 642 2672 tatoribus,
666 2639 695 2666 ct
718 2644 827 2667 eorum
851 2636 992 2678 singulis,
1010 2642 1041 2669 ut
1066 2638 1212 2670 omnibus

518 2703 526 2728 l
540 2701 567 2728 ln
579 2703 802 2736 praecedentibus
808 2705 908 2741 aliquid
918 2706 1011 2734 deesse
1021 2707 1121 2735 senties
1130 2708 1211 2742 (uxr).

515 2746 532 2772 ²
547 2745 689 2781 perperam
703 2748 767 2775 edit.
782 2748 860 2777 Mein.
875 2750 938 2785 legit
951 2751 1080 2787 episcopo
1093 2753 1131 2787 (n.
1147 2753 1196 2786 τ.).

1258 347 1411 371 nomnen

1248 401 1274 428 et
1302 395 1433 437 siugulis
1465 394 1638 438 privilegiis
1661 399 1692 427 et
1715 395 1986 439 exemptionibus,

1248 448 1456 488 libertatibus,
1480 447 1743 488 immunitatibus,
1767 448 1886 491 gratiis,
1908 449 1990 483 savo-

1247 501 1335 534 ribus
1354 507 1382 533 ct
1401 501 1538 541 indultis,
1556 501 1671 544 quibus
1694 501 1826 534 aliarum
1847 501 1990 535 ecclesia-

1248 566 1318 588 rum
1344 555 1570 588 cathedralium
1596 555 1752 599 capitula,
1778 555 1919 599 aliaeque
1950 556 1990 589 ci-

1248 609 1357 642 vitates
1381 614 1408 641 et
1435 608 1604 648 dioeceses,
1629 618 1665 641 ac
1688 619 1797 642 earum
1816 609 1930 650 clerus,
1947 608 1991 642 in-

1247 662 1335 694 colae
1360 666 1389 694 et
1414 661 1606 695 habitatores
1622 665 1762 702 utuntur,
1778 661 1944 705 potiuntur
1959 666 1990 695 et

1247 714 1394 757 gaudent,
1419 725 1456 747 ac
1475 714 1530 755 uti,
1555 713 1651 758 potiri
1672 718 1702 748 et
1718 713 1872 757 gaudet-0¹
1890 714 1989 748 libere

1248 773 1277 800 et
1293 767 1374 801 licite
1390 767 1521 811 possint,
1532 767 1722 801 'auctoritate
1739 778 1863 802 necnon
1878 772 1989 802 tenore

1248 821 1459 865 praesentium
1485 821 1695 863 indulgemus.

1291 876 1306 917 g
1336 874 1381 907 to.
1407 875 1475 908 Non
1500 874 1697 908 obstantibus
1726 874 1928 918 praemissis,
1952 884 1989 907 ac

1247 929 1284 961 de
1302 928 1370 961 iure
1394 928 1536 972 quaesito
1557 938 1620 961 non
1645 927 1794 968 tollendo,
1811 937 1934 961 necnon
1949 927 1989 961 de

1247 981 1416 1014 unionibus
1432 980 1667 1014 committendis
1683 980 1722 1013 ad
1739 986 1855 1025 partes,
1872 980 1990 1014 vocatis

1247 1035 1300 1078 qui
1313 1034 1429 1067 suerint
1443 1034 1584 1074 vocandi,
1598 1044 1720 1068 necnon
1733 1034 1772 1067 de
1784 1034 1989 1078 exprimendo

1246 1098 1322 1121 vero
1346 1088 1462 1128 valore,
1488 1094 1518 1121 et
1542 1087 1760 1121 Lateranensis
1783 1087 1912 1122 Concilii
1935 1097 1992 1121 no-

1247 1141 1372 1174 vissime
1397 1142 1546 1175 celebrati
1570 1141 1702 1175 uniones
1725 1147 1904 1185 perpetuas,
1929 1141 1988 1174 nisi

1246 1195 1278 1227 in
1301 1195 1426 1228 casibus
1451 1206 1468 1228 a
1492 1195 1560 1228 iure
1584 1194 1762 1239 permissis,
1786 1194 1855 1227 fieri
1879 1194 1988 1239 prohi-

1246 1248 1368 1289 bentis,
1404 1259 1463 1283 nec
1497 1259 1560 1282 non
1594 1248 1781 1282 recolendae
1816 1247 1988 1282 memoriae

1228 1302 1331 1356 ¹Pauli
1357 1303 1397 1343 ll,
1421 1308 1452 1336 et
1475 1312 1752 1346 quorumcumque
1776 1302 1914 1336 aliorum
1931 1302 1990 1336 Ro-

1246 1365 1411 1389 manorum
1430 1356 1618 1389 Pontificum
1638 1355 1919 1399 praedecessorum
1935 1365 1989 1389 no-

1245 1414 1395 1449 strorum,
1417 1409 1455 1442 do
1477 1409 1572 1442 rebus
1596 1408 1754 1442 Ecclesiae
1776 1418 1840 1445 non
1856 1408 1990 1442 alienan-

1245 1461 1302 1502 itis,
1327 1462 1457 1505 aliisque
1480 1461 1641 1506 quibusvis
1658 1461 1848 1505 apostolicis,
1865 1471 1989 1495 necnon

1245 1515 1276 1547 in
1294 1515 1506 1560 synodalibus,
1521 1515 1767 1559 provincialibus
1785 1520 1815 1548 et
1831 1515 1990 1548 universa-

1244 1569 1326 1602 libus
1349 1568 1490 1602 conciliis
1509 1569 1610 1609 editis,
1627 1569 1816 1614 specialibus
1831 1569 1880 1602 vel
1896 1578 1990 1612 gene-

1244 1623 1373 1662 ralibus,
1390 1622 1666 1656 constitutionibus
1680 1626 1710 1656 et
1727 1622 1991 1662 ordinationibus,

1244 1686 1366 1709 necnon
1390 1675 1492 1709 dictae
1515 1675 1666 1709 eeclesiae
1690 1675 1719 1709 S.
1745 1675 1879 1708 Miniatis
1903 1676 1988 1719 (cum

1245 1730 1432 1770 iuramento,
1456 1729 1697 1763 confirmatione
1721 1729 1893 1773 apostolica
1907 1756 1915 1770 ‚
1940 1728 1988 1762 vel

1245 1783 1354 1827 quavis
1378 1783 1526 1817 firmitate
1551 1783 1612 1815 alia
1629 1782 1800 1826 roboratis)
1819 1782 1943 1817 statutis
1959 1787 1990 1816 et

1245 1836 1536 1877 consuetudinibus,
1549 1836 1722 1880 privilegiis
1737 1846 1873 1880 quoque,
1891 1835 1991 1869 indul-

1247 1891 1285 1923 tis
1309 1895 1339 1924 et
1362 1890 1474 1924 litteris
1499 1890 1691 1935 apostolicis,
1717 1890 1788 1931 illis,
1813 1899 1988 1934 eorumque

1247 1944 1463 1988 superioribus
1494 1950 1525 1977 et
1555 1944 1714 1988 personis,
1738 1944 1796 1977 sub
1825 1943 1990 1987 quibusvis

1248 1997 1410 2030 tenoribus
1424 2003 1454 2030 et
1467 1997 1586 2037 soi-mis,
1599 2007 1723 2030 necnon
1739 2007 1811 2029 cum
1826 1996 1992 2040 quibusvis

1247 2051 1341 2084 etiam
1368 2050 1640 2094 derogatoriarum
1665 2050 1885 2093 derogatoriis,
1905 2050 1990 2084 aliis-

1249 2116 1309 2151 que
1323 2105 1565 2146 efficacioribus,
1578 2104 1802 2138 efficacissimis
1815 2110 1846 2138 et
1857 2104 1990 2139 insolitis

1249 2159 1406 2200 clausulis,
1431 2159 1690 2203 irritantibusque
1707 2164 1736 2192 et
1752 2159 1822 2193 aliis
1845 2159 1989 2200 decretis,

1249 2213 1280 2245 in
1299 2223 1416 2256 genere
1440 2213 1488 2246 vel
1508 2212 1541 2245 in
1565 2212 1678 2256 specie,
1692 2223 1764 2246 eum
1789 2214 1864 2246 nota
1884 2212 1989 2254 simili,

1249 2266 1343 2300 etiam
1367 2265 1696 2306 consubstantialibus,
1713 2276 1749 2299 ac
1774 2266 1850 2299 alias
1866 2266 1898 2299 in
1917 2277 1990 2300 con-

1248 2319 1381 2352 trarium
1406 2320 1511 2353 forsan
1542 2319 1779 2363 quomodolibet
1811 2319 1989 2360 concessiS‚

1248 2365 1441 2406 confirmatis
1454 2378 1484 2406 et
1499 2373 1681 2417 approbatis
1693 2379 1725 2407 et
1737 2373 1900 2407 innovatis.
1921 2373 1991 2413 Qui-

1247 2425 1306 2458 bus
1325 2426 1471 2459 omnibus
1504 2425 1640 2469 (etiamsi
1668 2436 1726 2469 pro
1756 2425 1884 2459 illorum
1909 2424 1991 2458 suffi-

1247 2479 1339 2512 cienti
1353 2478 1557 2522 derogatione
1572 2478 1610 2511 de
1624 2478 1694 2519 illis,
1712 2478 1902 2522 illarumque
1915 2477 1988 2511 totis

1247 2531 1419 2572 tenoribus,
1444 2531 1598 2575 specialis,
1619 2530 1775 2575 specifica,
1795 2541 1943 2575 expressa
1959 2534 1990 2565 et

1282 2620 1291 2645 1
1313 2618 1377 2646 lleic
1392 2627 1422 2646 ex
1438 2618 1560 2654 Ughellio
1575 2621 1602 2646 et
1625 2617 1659 2645 de
1673 2625 1750 2645 more
1767 2617 1836 2645 adde
1848 2619 1989 2653 poterunt

1245 2664 1456 2698 quomodolibet
1470 2664 1502 2691 2¹12
1516 2665 1659 2698 sitturum,
1674 2663 1814 2691 similiter
1823 2666 1849 2690 et
1863 2662 1931 2698 pari
1943 2663 1991 2698 fir-

1244 2709 1345 2736 mitate
1364 2708 1416 2743 (vel
1432 2707 1646 2744 pai-isormiter)
1663 2716 1698 2734 ac
1714 2707 1778 2735 sine
1792 2707 1854 2734 ulla
1867 2714 1992 2742 prorsus

1243 2753 1405 2788 differentia
1420 2753 1474 2788 uti,
1489 2753 1562 2788 frui,
1577 2752 1674 2789 potin·
1691 2755 1718 2782 et
1735 2752 1862 2788 qaudere
1882 2752 1919 2788 (n.
1938 2751 1988 2788 ¹12).

2001 345 2052 374 An.
2067 345 2097 375 C.
2114 345 2187 376 1622

2019 880 2133 912 Dorossatio
2139 886 2189 904 σοι·

2004 910 2125 930 uariorum.
