2293 3231
286 280 334 307 An.
356 279 383 304 r..
410 280 475 309 1020
520 271 561 306 48

485 329 515 362 in
543 339 711 363 commune
739 329 941 362 couuuodum
967 328 1227 371 Congregationis

485 382 583 415 libere
596 383 820 416 conterendum
834 388 889 414 est.
900 381 988 421 Quod
997 392 1014 414 a
1024 381 1140 414 nostris
1149 381 1227 415 adeo

485 442 641 469 serratum
663 442 706 468 est
730 436 890 472 haetenus,
912 440 942 466 ut
962 435 986 467 si
1007 435 1078 478 quis
1098 434 1138 467 ob
1159 435 1227 468 ino-

485 489 568 532 piam
587 489 616 521 id
635 499 696 522 non
714 488 922 533 praestiterit,
941 488 988 520 vel
1005 492 1165 532 praestare
1183 487 1228 520 in-

486 542 671 578 termiserit,
693 542 797 575 statim
817 547 910 585 atque
933 541 970 573 de
991 551 1048 573 suo
1067 540 1228 573 abundan-

485 596 546 628 tior
571 606 698 639 quoquo
723 595 816 628 modo
845 596 944 627 sactus
971 600 1034 635 est,
1061 594 1225 637 pecuniam

485 660 541 691 pro
556 648 639 681 rata¹
655 649 798 692 portione
816 648 890 680 dare
905 659 939 680 ιιι·
954 649 1076 681 solvere
1092 657 1154 681 non
1172 647 1226 681 de-

484 701 605 734 stiterit.
618 701 661 734 lta
674 701 719 733 eis
733 701 922 734 conveniens
932 712 966 733 ac
981 706 1226 734 consentaneum

485 765 609 798 semper
626 754 726 787 risum
745 760 789 787 est
809 754 973 798 stipendiis
989 754 1127 798 propriis
1147 755 1228 787 mili-

485 812 560 848 tare,
573 811 601 841 et
619 818 635 840 a
652 807 747 840 rebus
764 809 857 842 etiam
875 807 1134 851 Congregationis
1151 812 1227 842 tam-

484 871 577 904 quam
606 861 645 893 ab
672 861 782 894 alienis
810 862 985 902 abstinere,
1017 861 1131 905 quibus
1160 862 1227 906 ipsa

483 914 573 948 debet
595 914 625 947 in
643 915 754 959 primis
771 925 833 948 non
851 915 1000 949 hahentes
1021 915 1102 948 unde
1123 915 1227 950 vivant

485 971 659 1002 sustentare
680 979 763 1001 suos.
784 969 846 1002 Nec
871 972 1038 1012 propterea
1060 968 1226 1012 pecuniam

485 1021 617 1065 imperat
634 1021 859 1065 Congregatffi,
878 1022 951 1055 dum
969 1022 1065 1064 exigit
1084 1022 1169 1066 quod
1188 1022 1227 1055 ab

486 1075 576 1108 liilari
597 1075 705 1110 datore
727 1086 764 1109 ex
785 1076 926 1110 instituto
946 1087 1004 1121 pro
1029 1076 1112 1110 victu
1132 1075 1226 1109 olfer-

486 1132 544 1168 tur,
563 1128 656 1172 idque
673 1129 766 1163 etiam
784 1133 877 1174 prout
897 1130 1050 1174 cuiusque
1066 1129 1226 1164 facultates

485 1183 597 1216 ferunt.

529 1235 660 1271 Possunt
689 1237 782 1271 etiam
810 1237 1009 1282 praepositus
1036 1240 1065 1270 et
1089 1236 1226 1280 deputati

484 1294 605 1335 partem
633 1291 679 1324 rel
708 1295 807 1325 totum
835 1291 1067 1334 assignatorum
1094 1300 1228 1335 proven-

486 1349 572 1378 tuum
594 1345 771 1385 remittere,
795 1345 820 1378 si
841 1345 885 1378 eis
902 1344 1044 1379 rideatur
1064 1344 1168 1389 aliqua
1188 1333 1238 1378 d?
1260 1344 1325 1377 lum
1338 1355 1441 1385 suum,
1454 1345 1514 1377 nisi
1527 1345 1683 1379 ducantur
1697 1344 1736 1377 ab
1749 1344 1829 1385 aliis,
1841 1345 1894 1388 qui
1909 1348 2002 1379 testes

485 1401 578 1433 causa
599 1399 629 1432 id
647 1399 833 1433 faciendum.

529 1452 640 1487 Omnia
667 1454 821 1488 secularia
844 1454 977 1497 negocia
997 1453 1227 1488 interdicuntur

486 1508 617 1550 uostris,
637 1508 696 1542 nisi
719 1508 837 1553 aliquid
860 1508 942 1542 iusta
960 1507 998 1541 de
1024 1509 1119 1541 causa
1141 1517 1228 1540 man-

485 1561 576 1596 detur
601 1561 831 1608 expediendum
853 1572 869 1595 a
894 1561 1074 1607 praeposito
1094 1565 1122 1596 et
1150 1571 1226 1605 qua-

486 1621 557 1652 tuor
582 1617 746 1662 deputatis.

529 1671 612 1706 Nulli
633 1682 670 1705 ex
690 1671 823 1712 nostris,
844 1671 987 1715 quamvis
1010 1670 1105 1704 suerit
1124 1669 1228 1714 requi-

486 1724 578 1766 situs,
603 1724 744 1770 profiteri
767 1724 873 1758 licebit
897 1724 955 1757 sub
972 1723 1077 1768 aliqua
1097 1733 1229 1767 congre-

486 1779 611 1821 gatione
641 1779 688 1811 vel
714 1778 862 1812 societate
893 1781 980 1812 extra
1007 1777 1151 1818 domum,
1180 1776 1227 1809 vel

486 1832 613 1877 aliquod
629 1842 710 1866 onus
723 1832 883 1877 suscipere
897 1831 964 1864 sine
981 1840 1136 1865 consensu
1152 1830 1230 1864 Con-

487 1886 688 1930 gregationis.

531 1940 606 1974 Cum
627 1940 688 1974 sint
708 1939 796 1974 multi
817 1940 848 1973 in
866 1939 1006 1974 Ecclesia
1023 1939 1088 1980 Dei,
1105 1938 1159 1983 qui
1176 1949 1229 1971 au-

487 1993 608 2026 diendis
621 1993 806 2027 monialium
823 1993 1074 2027 confessionibus
1091 1997 1144 2025 aut
1156 1991 1230 2025 dant

487 2058 616 2092 operam
637 2051 689 2082 aut
705 2047 780 2081 dare
797 2048 914 2092 optime
930 2051 1071 2092 possunt,
1087 2050 1230 2092 propter-

488 2111 542 2141 ea,
568 2111 606 2134 ne
639 2101 709 2145 quis
739 2101 777 2134 al)
802 2101 943 2136 instituto
970 2100 1229 2145 Congregationis

488 2159 612 2189 nostrae
636 2156 766 2199 proprio
794 2156 891 2199 possit
920 2155 1051 2196 abduci,
1079 2159 1228 2190 statutum

487 2212 547 2249 est,
575 2219 614 2241 ne
637 2213 820 2243 nostrorum
852 2209 966 2253 aliquis
992 2219 1024 2242 se
1054 2219 1086 2242 se
1113 2208 1230 2252 obliget

487 2266 540 2297 aut
559 2262 649 2295 dedat
671 2263 921 2296 confessionibus
941 2262 1115 2303 audiendis,
1136 2262 1230 2296 inori—

488 2317 546 2350 bus
562 2316 786 2357 reformandis,
807 2317 964 2361 rebusque
988 2326 1097 2349 earum
1117 2326 1229 2359 geren-

488 2369 544 2403 dis.
564 2369 648 2403 ldem
665 2370 800 2403 dicimus
816 2370 853 2403 de
872 2370 1060 2411 seminariis,
1077 2370 1229 2413 collegiis,

489 2424 800 2467 congregationibus,
828 2424 1048 2465 societatibus,
1078 2428 1131 2458 aut
1161 2424 1230 2457 aliis

489 2477 758 2518 universitatibus
776 2477 908 2511 rebusve
928 2487 1037 2511 earum
1055 2476 1230 2521 quomodo-

489 2529 565 2565 libet
581 2531 757 2565 tractandis.

534 2585 632 2618 Nemo
645 2585 820 2630 episeopus,
829 2586 966 2630 praesul,
978 2589 1031 2618 aut
1043 2584 1130 2625 allaz
1139 2595 1231 2629 quae-

528 2658 536 2683 1
562 2656 681 2684 Erronee
697 2656 763 2683 edit.
780 2664 821 2691 pr.
839 2656 908 2683 1683
924 2656 987 2692 legit
1005 2658 1113 2691 parata
1128 2656 1165 2691 (n.
1183 2655 1227 2689 τ.>.

527 2702 542 2728 ‘2
563 2700 632 2729 Edit.
654 2709 694 2737 pr.
711 2700 775 2736 legit
789 2701 892 2736 aliqua
906 2702 943 2735 (ιι.
960 2700 1007 2735 τη).

1063 281 1240 306 namnum
1266 281 1418 306 ROMANL'M

1261 339 1397 373 cumque
1424 339 1460 362 ea
1485 330 1544 369 sit,
1568 330 1719 373 dignitate
1739 330 1901 370 ornatus¹,
1926 328 2004 364 reci-

1261 382 1364 425 piatur
1385 382 1415 414 in
1435 382 1529 415 aedes
1547 382 1824 426 Congmgassonis,
1851 387 1885 417 ut
1908 383 1939 416 iu
1965 383 2003 416 iis

1261 437 1322 467 una
1336 446 1407 468 eum
1422 435 1537 469 nostris
1551 440 1731 469 moraturus
1745 436 1871 476 habitet,
1881 436 2002 470 etiamsi

1261 488 1290 521 id
1314 488 1364 522 liat
1383 488 1421 521 ad
1437 489 1565 533 aliquod
1587 493 1718 533 tempus.

1305 542 1394 575 Nulla
1414 542 1625 577 ecclesiastica
1649 543 1802 577 beneficia
1821 548 1928 588 petere
1951 548 2001 577 aut

1260 595 1404 639 accipere
1429 606 1568 640 unquam
1593 596 1724 629 omnino
1741 597 1877 640 possint:
1898 596 2003 630 habita

1260 649 1354 689 olim,
1379 649 1403 682 si
1424 649 1625 684 residentiam
1647 650 1844 693 personalem
1870 660 1931 683 uon
1953 660 2002 683 re-

1260 703 1403 746 quirant,
1424 707 1570 746 poterunt
1591 703 1736 737 retinere.

1304 756 1475 800 Dignitates
1501 757 1580 790 ullas
1605 767 1698 790 nemo
1724 757 1818 800 possit
1842 757 2001 801 accipere,

1260 810 1320 843 nisi
1343 810 1480 844 Pontifex
1502 810 1614 843 iubeat.

1304 864 1366 897 Nee
1380 863 1495 901 licebit,
1510 863 1627 908 absque
1641 864 1810 908 praepositi
1824 868 1852 898 et
1868 867 2003 907 quatuor

1260 916 1480 960 deputatorum
1495 927 1660 955 consensu,
1675 917 1874 961 frequentare
1887 917 2002 955 curias,

1260 978 1361 1013 neque
1377 969 1479 1003 officia
1505 970 1551 1002 rel
1575 969 1726 1002 beneticia
1746 979 1804 1013 pro
1824 980 1857 1002 sc
1877 970 1924 1003 vel
1945 980 2002 1014 pro

1260 1022 1329 1055 aliis
1349 1033 1527 1066 exposcere.

1305 1075 1386 1108 Nulli
1407 1076 1445 1110 sit
1467 1077 1615 1120 proprius
1640 1076 1792 1116 thmulus3
1813 1076 1839 1109 si
1863 1086 1924 1120 qua
1944 1075 2001 1109 ali-

1260 1139 1353 1173 quem
1371 1129 1540 1163 necessitas
1564 1133 1701 1174 premet.
1725 1129 1843 1164 deferet
1859 1129 1898 1162 ad
1914 1139 2002 1173 prae-

1259 1183 1407 1227 positum,
1421 1183 1485 1227 qui,
1501 1185 1565 1217 una
1585 1194 1657 1217 cum
1676 1188 1812 1228 quatuor
1829 1182 2001 1226 deputatis,

1259 1235 1335 1280 quid
1352 1236 1379 1269 ei
1390 1236 1401 1253 ²
1420 1247 1499 1281 opus
1516 1237 1564 1277 sit,
1581 1237 1711 1270 curabit.

1305 1290 1366 1323 Nec
1389 1290 1468 1324 sinat
1492 1291 1562 1335 quis
1586 1300 1702 1335 pueros
1729 1290 1852 1333 ingredi
1872 1290 2002 1324 cubicu-

1260 1399 1418 1439 intersint,
1436 1399 1576 1443 reliquos
1593 1398 1764 1432 admodum
1782 1409 1875 1443 parce
1892 1398 2004 1432 admit-

1261 1456 1335 1493 tant,
1355 1452 1409 1485 sed
1430 1452 1541 1493 vocati,
1562 1452 1711 1486 deorsum
1729 1451 1766 1485 ad
1788 1452 1858 1486 illos
1875 1462 1908 1486 se
1927 1462 2003 1486 eon—

1260 1508 1367 1541 ferant.

1304 1561 1371 1594 Non
1392 1560 1574 1595 admittatur
1594 1560 1709 1604 aliquis
1728 1560 1766 1593 ad
1786 1570 2004 1605 quoscumque

1261 1614 1388 1648 ordines
1404 1614 1633 1648 ecclesiasticos
1652 1613 1770 1659 absque
1787 1624 1944 1649 consensu
1960 1625 2005 1649 sa-

1261 1668 1446 1708 cerdotum,
1475 1668 1528 1712 qui
1559 1667 1747 1701 decennium
1780 1668 1943 1711 exegerint
1972 1668 2003 1702 in

1261 1723 1369 1756 nostra
1391 1721 1651 1764 Congregatione.
1676 1721 1795 1755 Eodem
1823 1722 1918 1755 modo
1946 1732 2004 1756 nec

1261 1775 1299 1809 ad
1315 1785 1477 1809 sermones
1490 1775 1662 1816 habendos,
1675 1776 1722 1809 vel
1736 1776 1774 1809 ad
1791 1776 2004 1810 confessiones

1262 1829 1449 1870 audiendas,
1470 1830 1550 1863 sicut
1569 1829 1642 1863 alibi
1662 1829 1780 1864 dictum
1798 1833 1852 1864 est.

1306 1885 1405 1918 Nemo
1421 1883 1537 1917 librum
1555 1883 1802 1928 imprimendum
1819 1883 1872 1918 det
1886 1883 2004 1928 absque

1262 1938 1389 1972 lieentia
1407 1937 1579 1982 praepositi
1597 1941 1628 1971 et
1643 1937 1874 1981 deputatorum.

1306 1991 1396 2026 Nulla
1424 1991 1472 2024 lex
1505 2002 1521 2023 a
1553 1990 1757 2025 Sanctissimo
1787 1990 2004 2024 confirmanda

1261 2050 1474 2090 proponatur,
1494 2044 1554 2077 nisi
1580 2044 1669 2088 prius
1690 2044 1720 2077 in
1741 2054 1810 2077 eam
1835 2053 2004 2077 consense—

1262 2099 1325 2132 rint
1337 2098 1511 2143 presbyteri
1525 2097 1624 2132 exacti
1642 2097 1673 2130 in
1689 2097 1941 2141 Congregatione
1954 2097 2006 2132 de—

1262 2152 1375 2186 eennii.

1305 2205 1436 2246 Quando
1466 2206 1514 2239 lex
1547 2205 1650 2249 aliqua
1680 2204 1865 2238 universalis
1889 2205 2004 2238 consti-

1262 2260 1377 2295 tuenda
1391 2264 1446 2301 est,
1460 2259 1639 2293 sacerdotes
1656 2268 1766 2292 omnes
1783 2258 1938 2299 intersint,
1950 2258 2004 2302 qui

1263 2313 1457 2359 expleverint
1482 2312 1670 2352 triennium,
1695 2315 1864 2355 votumque
1883 2311 2006 2344 eonsul-

1263 2367 1361 2400 tivum
1387 2367 1537 2405 habeanr.
1563 2365 1735 2398 deeisivnm
1763 2374 1855 2403 vero,
1883 2367 2004 2398 tantum

1263 2420 1317 2465 qui
1337 2420 1526 2454 decennium
1546 2417 1782 2462 compleverint.

1307 2474 1384 2508 Cum
1402 2473 1520 2518 aliquid
1537 2471 1711 2516 gerendum
1735 2471 1934 2515 proponitur,
1950 2481 2002 2504 an-

1264 2534 1312 2562 tea
1337 2528 1460 2573 publiea
1489 2531 1520 2559 et
1551 2525 1648 2559 libera
1672 2525 1710 2557 de
1734 2527 1770 2558 ea
1795 2535 1829 2557 re
1853 2524 2006 2558 habeatur

2256 1147 2277 1262 t

2261 1392 2276 1447 :3

2263 1496 2275 1589 Ξ

1301 2610 1310 2636 1
1335 2608 1407 2636 Edit.
1423 2607 1502 2635 Maia.
1519 2606 1634 2634 feriant
1649 2605 1708 2633 alia
1723 2613 1905 2640 quacumque
1919 2613 1954 2633 ea
1967 2605 2006 2633 sil

1263 2653 1400 2689 dignitate
1418 2653 1538 2681 ornatus
1555 2652 1593 2685 (n.
1610 2650 1658 2685 τ.).

1298 2699 1314 2727 2
1333 2698 1419 2727 Minus
1434 2700 1496 2734 apte
1510 2695 1587 2724 editt.
1604 2703 1645 2732 pr.
1662 2695 1755 2732 legunt
1769 2696 1810 2725 eis
1825 2698 1863 2732 (n.
1880 2696 1928 2731 τ.).
