<?xml version="1.0" encoding="UTF-8"?>
<!DOCTYPE html PUBLIC "-//W3C//DTD XHTML 1.0 Transitional//EN"
    "http://www.w3.org/TR/xhtml1/DTD/xhtml1-transitional.dtd">
<html xmlns="http://www.w3.org/1999/xhtml" xml:lang="en" lang="en">
 <head>
  <title>
</title>
<meta http-equiv="Content-Type" content="text/html;charset=utf-8" />
  <meta name='ocr-system' content='tesseract 3.04.00' />
  <meta name='ocr-capabilities' content='ocr_page ocr_carea ocr_par ocr_line ocrx_word'/>
</head>
<body>
  <div class='ocr_page' id='page_1' title='image "./bullarumdiplomat12cath_0717.png"; bbox 0 0 2293 3231; ppageno 0'>
   <div class='ocr_carea' id='block_1_1' title="bbox 87 279 272 311">
    <p class='ocr_par' dir='ltr' id='par_1_1' title="bbox 87 279 272 311">
     <span class='ocr_line' id='line_1_1' title="bbox 87 279 272 311; baseline -0.016 0"><span class='ocrx_word' id='word_1_1' title='bbox 87 283 137 311; x_wconf 76' lang='lat' dir='ltr'>An.</span> <span class='ocrx_word' id='word_1_2' title='bbox 153 282 182 310; x_wconf 87' lang='lat' dir='ltr'>C.</span> <span class='ocrx_word' id='word_1_3' title='bbox 204 279 272 309; x_wconf 75' lang='lat'>1622</span> 
     </span>
    </p>
   </div>
   <div class='ocr_carea' id='block_1_2' title="bbox 83 715 268 819">
    <p class='ocr_par' dir='ltr' id='par_1_2' title="bbox 83 715 268 819">
     <span class='ocr_line' id='line_1_2' title="bbox 110 715 268 742; baseline -0.006 -5"><span class='ocrx_word' id='word_1_4' title='bbox 110 717 167 742; x_wconf 81' lang='lat' dir='ltr'>Quos</span> <span class='ocrx_word' id='word_1_5' title='bbox 193 715 268 736; x_wconf 81' lang='lat' dir='ltr'>iterum</span> 
     </span>
     <span class='ocr_line' id='line_1_3' title="bbox 83 742 268 766; baseline -0.022 0"><span class='ocrx_word' id='word_1_6' title='bbox 83 742 268 766; x_wconf 70' lang='lat' dir='ltr'>iussticxaminari</span> 
     </span>
     <span class='ocr_line' id='line_1_4' title="bbox 83 770 268 798; baseline -0.011 -7"><span class='ocrx_word' id='word_1_7' title='bbox 83 776 122 798; x_wconf 78' lang='lat' dir='ltr'>per</span> <span class='ocrx_word' id='word_1_8' title='bbox 159 770 268 791; x_wconf 74' lang='lat' dir='ltr'><strong>auditores</strong></span> 
     </span>
     <span class='ocr_line' id='line_1_5' title="bbox 83 800 151 819; baseline -0.015 0"><span class='ocrx_word' id='word_1_9' title='bbox 83 800 151 819; x_wconf 79' lang='lat' dir='ltr'>rotae.</span> 
     </span>
    </p>
   </div>
   <div class='ocr_carea' id='block_1_3' title="bbox 40 1528 275 1630">
    <p class='ocr_par' dir='ltr' id='par_1_3' title="bbox 40 1528 275 1630">
     <span class='ocr_line' id='line_1_6' title="bbox 115 1528 274 1554; baseline -0.019 -4"><span class='ocrx_word' id='word_1_10' title='bbox 115 1528 143 1550; x_wconf 75' lang='lat' dir='ltr'>Et</span> <span class='ocrx_word' id='word_1_11' title='bbox 156 1528 218 1549; x_wconf 77' lang='lat' dir='ltr'>etiam</span> <span class='ocrx_word' id='word_1_12' title='bbox 235 1532 274 1554; x_wconf 80' lang='lat' dir='ltr'>per</span> 
     </span>
     <span class='ocr_line' id='line_1_7' title="bbox 40 1553 275 1585; baseline -0.013 -8"><span class='ocrx_word' id='word_1_13' title='bbox 40 1553 45 1562; x_wconf 57' lang='lat'><em>”</em></span> <span class='ocrx_word' id='word_1_14' title='bbox 90 1555 207 1585; x_wconf 61' lang='lat' dir='ltr'>cardinales</span> <span class='ocrx_word' id='word_1_15' title='bbox 223 1559 275 1575; x_wconf 81' lang='lat' dir='ltr'>con-</span> 
     </span>
     <span class='ocr_line' id='line_1_8' title="bbox 42 1584 272 1630; baseline 0 -2"><span class='ocrx_word' id='word_1_16' title='bbox 42 1603 49 1628; x_wconf 78' lang='lat'><strong><em>:</em></strong></span> <span class='ocrx_word' id='word_1_17' title='bbox 90 1584 272 1630; x_wconf 59' lang='grc' dir='ltr'>ἔῖἓὲἓὲἱοὲἒῗωέ.</span> 
     </span>
    </p>
   </div>
   <div class='ocr_carea' id='block_1_4' title="bbox 93 1900 279 2092">
    <p class='ocr_par' dir='ltr' id='par_1_4' title="bbox 93 1900 279 2031">
     <span class='ocr_line' id='line_1_9' title="bbox 118 1900 277 1924; baseline -0.019 0"><span class='ocrx_word' id='word_1_18' title='bbox 118 1902 185 1924; x_wconf 74' lang='lat' dir='ltr'>Paulo</span> <span class='ocrx_word' id='word_1_19' title='bbox 205 1900 277 1922; x_wconf 78' lang='lat' dir='ltr'>derun-</span> 
     </span>
     <span class='ocr_line' id='line_1_10' title="bbox 93 1927 277 1954; baseline -0.016 -4"><span class='ocrx_word' id='word_1_20' title='bbox 93 1931 134 1954; x_wconf 79' lang='lat' dir='ltr'>cto,</span> <span class='ocrx_word' id='word_1_21' title='bbox 153 1929 192 1949; x_wconf 78' lang='lat' dir='ltr'>iste</span> <span class='ocrx_word' id='word_1_22' title='bbox 208 1927 277 1948; x_wconf 82' lang='lat' dir='ltr'>Ponti-</span> 
     </span>
     <span class='ocr_line' id='line_1_11' title="bbox 93 1955 279 1977; baseline -0.016 0"><span class='ocrx_word' id='word_1_23' title='bbox 93 1955 128 1977; x_wconf 65' lang='grc' dir='ltr'>ἴοι</span> <span class='ocrx_word' id='word_1_24' title='bbox 142 1955 216 1976; x_wconf 82' lang='lat' dir='ltr'>iisdem</span> <span class='ocrx_word' id='word_1_25' title='bbox 232 1959 279 1975; x_wconf 79' lang='lat' dir='ltr'>ear—</span> 
     </span>
     <span class='ocr_line' id='line_1_12' title="bbox 93 1981 279 2003; baseline -0.011 0"><span class='ocrx_word' id='word_1_26' title='bbox 93 1982 199 2003; x_wconf 77' lang='lat' dir='ltr'>dinalibus</span> <span class='ocrx_word' id='word_1_27' title='bbox 237 1981 279 2001; x_wconf 82' lang='lat' dir='ltr'>iu—·</span> 
     </span>
     <span class='ocr_line' id='line_1_13' title="bbox 94 2008 279 2031; baseline 0.005 -1"><span class='ocrx_word' id='word_1_28' title='bbox 94 2012 138 2030; x_wconf 78' lang='lat' dir='ltr'>tum</span> <span class='ocrx_word' id='word_1_29' title='bbox 152 2008 210 2031; x_wconf 77' lang='lat' dir='ltr'>Pauli</span> <span class='ocrx_word' id='word_1_30' title='bbox 228 2014 279 2028; x_wconf 68' lang='lat' dir='ltr'>exe-</span> 
     </span>
    </p>

    <p class='ocr_par' dir='ltr' id='par_1_5' title="bbox 110 2037 279 2058">
     <span class='ocr_line' id='line_1_14' title="bbox 110 2037 279 2058; baseline 0.006 -1"><span class='ocrx_word' id='word_1_31' title='bbox 110 2037 200 2058; x_wconf 86' lang='lat' dir='ltr'>uendum</span> <span class='ocrx_word' id='word_1_32' title='bbox 221 2043 279 2058; x_wconf 78' lang='lat' dir='ltr'>man-</span> 
     </span>
    </p>

    <p class='ocr_par' dir='ltr' id='par_1_6' title="bbox 108 2064 160 2092">
     <span class='ocr_line' id='line_1_15' title="bbox 108 2064 160 2092; baseline 0.019 -9"><span class='ocrx_word' id='word_1_33' title='bbox 108 2064 160 2092; x_wconf 69' lang='lat' dir='ltr'>avit.</span> 
     </span>
    </p>
   </div>
   <div class='ocr_carea' id='block_1_5' title="bbox 0 0 70 3231">
    <p class='ocr_par' dir='ltr' id='par_1_7' title="bbox 0 0 70 3231">
     <span class='ocr_line' id='line_1_16' title="bbox 0 0 70 3231; baseline 0 0"><span class='ocrx_word' id='word_1_34' title='bbox 0 0 70 3231; x_wconf 95' lang='lat' dir='ltr'> </span> 
     </span>
    </p>
   </div>
   <div class='ocr_carea' id='block_1_6' title="bbox 889 277 1191 304">
    <p class='ocr_par' dir='ltr' id='par_1_8' title="bbox 889 277 1191 304">
     <span class='ocr_line' id='line_1_17' title="bbox 889 277 1191 304; baseline -0.003 -1"><span class='ocrx_word' id='word_1_35' title='bbox 889 277 1067 303; x_wconf 76' lang='lat' dir='ltr'>GREGORIUS</span> <span class='ocrx_word' id='word_1_36' title='bbox 1083 278 1124 304; x_wconf 82' lang='lat' dir='ltr'>XV</span> <span class='ocrx_word' id='word_1_37' title='bbox 1144 277 1191 303; x_wconf 89' lang='lat' dir='ltr'>PP.</span> 
     </span>
    </p>
   </div>
   <div class='ocr_carea' id='block_1_7' title="bbox 280 326 1055 2565">
    <p class='ocr_par' dir='ltr' id='par_1_9' title="bbox 280 326 1025 691">
     <span class='ocr_line' id='line_1_18' title="bbox 280 326 1023 372; baseline -0.003 -10"><span class='ocrx_word' id='word_1_38' title='bbox 280 327 347 362; x_wconf 86' lang='lat' dir='ltr'>riae</span> <span class='ocrx_word' id='word_1_39' title='bbox 382 327 576 361; x_wconf 89' lang='lat' dir='ltr'>Bernardum</span> <span class='ocrx_word' id='word_1_40' title='bbox 616 326 806 361; x_wconf 82' lang='lat' dir='ltr'>cardinalem</span> <span class='ocrx_word' id='word_1_41' title='bbox 848 327 886 360; x_wconf 90' lang='lat' dir='ltr'>de</span> <span class='ocrx_word' id='word_1_42' title='bbox 923 328 1023 372; x_wconf 63' lang='lat' dir='ltr'>Royas</span> 
     </span>
     <span class='ocr_line' id='line_1_19' title="bbox 281 381 1023 426; baseline -0.004 -11"><span class='ocrx_word' id='word_1_43' title='bbox 281 381 555 426; x_wconf 86' lang='lat' dir='ltr'>archiepiscopum</span> <span class='ocrx_word' id='word_1_44' title='bbox 571 382 764 422; x_wconf 88' lang='lat' dir='ltr'>Toletanum,</span> <span class='ocrx_word' id='word_1_45' title='bbox 783 386 813 414; x_wconf 88' lang='lat' dir='ltr'>et</span> <span class='ocrx_word' id='word_1_46' title='bbox 830 381 1023 414; x_wconf 71' lang='lat' dir='ltr'>venerabiles</span> 
     </span>
     <span class='ocr_line' id='line_1_20' title="bbox 281 434 1025 478; baseline 0 -11"><span class='ocrx_word' id='word_1_47' title='bbox 281 434 394 467; x_wconf 86' lang='lat' dir='ltr'>fratres</span> <span class='ocrx_word' id='word_1_48' title='bbox 408 435 572 478; x_wconf 87' lang='lat' dir='ltr'>episcopos</span> <span class='ocrx_word' id='word_1_49' title='bbox 582 435 769 468; x_wconf 79' lang='lat' dir='ltr'>Abulenscm</span> <span class='ocrx_word' id='word_1_50' title='bbox 784 440 813 467; x_wconf 90' lang='lat' dir='ltr'>et</span> <span class='ocrx_word' id='word_1_51' title='bbox 827 434 1025 468; x_wconf 86' lang='lat' dir='ltr'>Salmaticen-</span> 
     </span>
     <span class='ocr_line' id='line_1_21' title="bbox 282 487 1023 530; baseline 0 -11"><span class='ocrx_word' id='word_1_52' title='bbox 282 496 349 520; x_wconf 88' lang='lat' dir='ltr'>sem</span> <span class='ocrx_word' id='word_1_53' title='bbox 380 487 490 519; x_wconf 82' lang='lat' dir='ltr'>eadem</span> <span class='ocrx_word' id='word_1_54' title='bbox 523 487 707 520; x_wconf 86' lang='lat' dir='ltr'>auctoritate</span> <span class='ocrx_word' id='word_1_55' title='bbox 738 487 939 530; x_wconf 69' lang='lat' dir='ltr'>deputarunt,</span> <span class='ocrx_word' id='word_1_56' title='bbox 959 487 1023 530; x_wconf 89' lang='lat' dir='ltr'>qui,</span> 
     </span>
     <span class='ocr_line' id='line_1_22' title="bbox 284 539 1025 583; baseline 0 -11"><span class='ocrx_word' id='word_1_57' title='bbox 284 549 355 573; x_wconf 89' lang='lat' dir='ltr'>cum</span> <span class='ocrx_word' id='word_1_58' title='bbox 380 540 547 583; x_wconf 79' lang='lat' dir='ltr'>diligenter</span> <span class='ocrx_word' id='word_1_59' title='bbox 567 540 604 573; x_wconf 90' lang='lat' dir='ltr'>de</span> <span class='ocrx_word' id='word_1_60' title='bbox 629 539 775 573; x_wconf 89' lang='lat' dir='ltr'>mandato</span> <span class='ocrx_word' id='word_1_61' title='bbox 800 540 933 582; x_wconf 84' lang='lat' dir='ltr'>negocio</span> <span class='ocrx_word' id='word_1_62' title='bbox 957 550 1025 583; x_wconf 91' lang='lat' dir='ltr'>per-</span> 
     </span>
     <span class='ocr_line' id='line_1_23' title="bbox 282 593 1025 633; baseline -0.001 -7"><span class='ocrx_word' id='word_1_63' title='bbox 282 593 381 626; x_wconf 83' lang='lat' dir='ltr'>functi</span> <span class='ocrx_word' id='word_1_64' title='bbox 406 597 518 633; x_wconf 82' lang='lat' dir='ltr'><strong>essent,</strong></span> <span class='ocrx_word' id='word_1_65' title='bbox 539 593 646 627; x_wconf 86' lang='lat' dir='ltr'>onmia</span> <span class='ocrx_word' id='word_1_66' title='bbox 670 599 738 626; x_wconf 87' lang='lat' dir='ltr'>acta</span> <span class='ocrx_word' id='word_1_67' title='bbox 762 593 863 626; x_wconf 84' lang='lat' dir='ltr'>eidem</span> <span class='ocrx_word' id='word_1_68' title='bbox 889 593 984 626; x_wconf 88' lang='lat' dir='ltr'>Paulo</span> <span class='ocrx_word' id='word_1_69' title='bbox 1002 594 1025 625; x_wconf 76' lang='lat' dir='ltr'>V</span> 
     </span>
     <span class='ocr_line' id='line_1_24' title="bbox 285 646 928 691; baseline 0 -12"><span class='ocrx_word' id='word_1_70' title='bbox 285 646 520 691; x_wconf 81' lang='lat' dir='ltr'><strong>praedecessori</strong></span> <span class='ocrx_word' id='word_1_71' title='bbox 545 653 653 680; x_wconf 86' lang='lat' dir='ltr'>nostro</span> <span class='ocrx_word' id='word_1_72' title='bbox 678 647 928 680; x_wconf 76' lang='lat' dir='ltr'>transmiserunt.</span> 
     </span>
    </p>

    <p class='ocr_par' dir='ltr' id='par_1_10' title="bbox 283 700 1045 1494">
     <span class='ocr_line' id='line_1_25' title="bbox 327 700 1043 744; baseline 0.001 -12"><span class='ocrx_word' id='word_1_73' title='bbox 327 701 343 744; x_wconf 63' lang='grc' dir='ltr'><strong>ἓ</strong></span> <span class='ocrx_word' id='word_1_74' title='bbox 359 700 410 733; x_wconf 70' lang='lat'>24.</span> <span class='ocrx_word' id='word_1_75' title='bbox 425 700 482 740; x_wconf 88' lang='lat' dir='ltr'>Qui</span> <span class='ocrx_word' id='word_1_76' title='bbox 498 700 600 733; x_wconf 87' lang='lat' dir='ltr'>tribus</span> <span class='ocrx_word' id='word_1_77' title='bbox 618 701 779 744; x_wconf 87' lang='lat' dir='ltr'>apostolici</span> <span class='ocrx_word' id='word_1_78' title='bbox 797 701 901 744; x_wconf 87' lang='lat' dir='ltr'>palatii</span> <span class='ocrx_word' id='word_1_79' title='bbox 923 711 1026 733; x_wconf 86' lang='lat' dir='ltr'>causa-</span> <span class='ocrx_word' id='word_1_80' title='bbox 1041 712 1043 723; x_wconf 63' lang='lat'><strong>¹</strong></span> 
     </span>
     <span class='ocr_line' id='line_1_26' title="bbox 283 753 1043 797; baseline 0.001 -11"><span class='ocrx_word' id='word_1_81' title='bbox 283 763 357 786; x_wconf 90' lang='lat' dir='ltr'>rum</span> <span class='ocrx_word' id='word_1_82' title='bbox 374 753 571 786; x_wconf 80' lang='lat' dir='ltr'>auditoribus</span> <span class='ocrx_word' id='word_1_83' title='bbox 596 753 763 787; x_wconf 89' lang='lat' dir='ltr'>Francisco</span> <span class='ocrx_word' id='word_1_84' title='bbox 787 754 1043 797; x_wconf 60' lang='lat' dir='ltr'>archiepiscopm</span> 
     </span>
     <span class='ocr_line' id='line_1_27' title="bbox 286 806 1024 847; baseline -0.001 -7"><span class='ocrx_word' id='word_1_85' title='bbox 286 806 479 840; x_wconf 89' lang='lat' dir='ltr'>Damasceno</span> <span class='ocrx_word' id='word_1_86' title='bbox 504 807 749 847; x_wconf 85' lang='lat' dir='ltr'>locumtenenti,</span> <span class='ocrx_word' id='word_1_87' title='bbox 770 817 853 840; x_wconf 89' lang='lat' dir='ltr'>nunc</span> <span class='ocrx_word' id='word_1_88' title='bbox 877 807 905 840; x_wconf 84' lang='lat' dir='ltr'>S.</span> <span class='ocrx_word' id='word_1_89' title='bbox 931 807 965 839; x_wconf 84' lang='lat' dir='ltr'>R.</span> <span class='ocrx_word' id='word_1_90' title='bbox 992 807 1024 839; x_wconf 83' lang='lat' dir='ltr'>E.</span> 
     </span>
     <span class='ocr_line' id='line_1_28' title="bbox 285 860 1026 905; baseline -0.001 -11"><span class='ocrx_word' id='word_1_91' title='bbox 285 860 446 901; x_wconf 82' lang='lat' dir='ltr'>cardinali,</span> <span class='ocrx_word' id='word_1_92' title='bbox 461 860 568 894; x_wconf 89' lang='lat' dir='ltr'>Ioanni</span> <span class='ocrx_word' id='word_1_93' title='bbox 581 861 736 905; x_wconf 81' lang='lat' dir='ltr'><strong>Baptistae</strong></span> <span class='ocrx_word' id='word_1_94' title='bbox 751 861 883 895; x_wconf 85' lang='lat' dir='ltr'>Coccino</span> <span class='ocrx_word' id='word_1_95' title='bbox 898 860 1026 901; x_wconf 88' lang='lat' dir='ltr'>decano,</span> 
     </span>
     <span class='ocr_line' id='line_1_29' title="bbox 285 914 1026 958; baseline -0.003 -11"><span class='ocrx_word' id='word_1_96' title='bbox 285 919 316 948; x_wconf 88' lang='lat' dir='ltr'>et</span> <span class='ocrx_word' id='word_1_97' title='bbox 332 914 493 958; x_wconf 86' lang='lat' dir='ltr'>Alphonso</span> <span class='ocrx_word' id='word_1_98' title='bbox 507 914 698 948; x_wconf 88' lang='lat' dir='ltr'>Manzanedo</span> <span class='ocrx_word' id='word_1_99' title='bbox 715 914 799 947; x_wconf 81' lang='lat' dir='ltr'>dedit</span> <span class='ocrx_word' id='word_1_100' title='bbox 815 914 846 946; x_wconf 91' lang='lat' dir='ltr'>in</span> <span class='ocrx_word' id='word_1_101' title='bbox 862 914 1026 954; x_wconf 88' lang='lat' dir='ltr'>mandatis,</span> 
     </span>
     <span class='ocr_line' id='line_1_30' title="bbox 285 968 1045 1014; baseline -0.003 -12"><span class='ocrx_word' id='word_1_102' title='bbox 285 972 320 1003; x_wconf 91' lang='lat' dir='ltr'>ut</span> <span class='ocrx_word' id='word_1_103' title='bbox 335 970 460 1001; x_wconf 81' lang='lat' dir='ltr'>summa</span> <span class='ocrx_word' id='word_1_104' title='bbox 485 978 556 1001; x_wconf 87' lang='lat' dir='ltr'>cum</span> <span class='ocrx_word' id='word_1_105' title='bbox 574 968 735 1010; x_wconf 79' lang='lat' dir='ltr'>diligentia</span> <span class='ocrx_word' id='word_1_106' title='bbox 759 968 840 1001; x_wconf 87' lang='lat' dir='ltr'>dicta</span> <span class='ocrx_word' id='word_1_107' title='bbox 864 973 931 1000; x_wconf 86' lang='lat' dir='ltr'>acta</span> <span class='ocrx_word' id='word_1_108' title='bbox 955 978 1045 1014; x_wconf 85' lang='lat' dir='ltr'>exa-¹</span> 
     </span>
     <span class='ocr_line' id='line_1_31' title="bbox 286 1021 1026 1065; baseline -0.003 -10"><span class='ocrx_word' id='word_1_109' title='bbox 286 1022 452 1062; x_wconf 88' lang='lat' dir='ltr'>minarent,</span> <span class='ocrx_word' id='word_1_110' title='bbox 470 1027 510 1062; x_wconf 88' lang='lat' dir='ltr'>et,</span> <span class='ocrx_word' id='word_1_111' title='bbox 523 1031 604 1065; x_wconf 88' lang='lat' dir='ltr'>quae</span> <span class='ocrx_word' id='word_1_112' title='bbox 624 1031 734 1054; x_wconf 88' lang='lat' dir='ltr'>eorum</span> <span class='ocrx_word' id='word_1_113' title='bbox 759 1021 911 1054; x_wconf 90' lang='lat' dir='ltr'>sententia</span> <span class='ocrx_word' id='word_1_114' title='bbox 936 1026 1026 1061; x_wconf 87' lang='lat' dir='ltr'>esset,</span> 
     </span>
     <span class='ocr_line' id='line_1_32' title="bbox 285 1074 1045 1119; baseline -0.003 -11"><span class='ocrx_word' id='word_1_115' title='bbox 285 1075 324 1108; x_wconf 90' lang='lat' dir='ltr'>ad</span> <span class='ocrx_word' id='word_1_116' title='bbox 341 1075 444 1119; x_wconf 89' lang='lat' dir='ltr'>ipsum</span> <span class='ocrx_word' id='word_1_117' title='bbox 462 1075 626 1107; x_wconf 83' lang='lat' dir='ltr'>referrent.</span> <span class='ocrx_word' id='word_1_118' title='bbox 639 1074 696 1113; x_wconf 83' lang='lat' dir='ltr'>Qui</span> <span class='ocrx_word' id='word_1_119' title='bbox 710 1074 856 1107; x_wconf 85' lang='lat' dir='ltr'>omnibus</span> <span class='ocrx_word' id='word_1_120' title='bbox 873 1080 1027 1113; x_wconf 88' lang='lat' dir='ltr'>accurate,</span> <span class='ocrx_word' id='word_1_121' title='bbox 1044 1099 1045 1112; x_wconf 61' lang='grc'>,</span> 
     </span>
     <span class='ocr_line' id='line_1_33' title="bbox 285 1127 1027 1172; baseline 0 -12"><span class='ocrx_word' id='word_1_122' title='bbox 285 1133 380 1172; x_wconf 88' lang='lat' dir='ltr'>prout</span> <span class='ocrx_word' id='word_1_123' title='bbox 396 1128 442 1161; x_wconf 83' lang='lat' dir='ltr'>rei</span> <span class='ocrx_word' id='word_1_124' title='bbox 456 1127 639 1170; x_wconf 80' lang='lat' dir='ltr'>magnitudo</span> <span class='ocrx_word' id='word_1_125' title='bbox 653 1128 840 1171; x_wconf 89' lang='lat' dir='ltr'>postulabat,</span> <span class='ocrx_word' id='word_1_126' title='bbox 854 1129 1027 1171; x_wconf 73' lang='lat' dir='ltr'>perpensis,</span> 
     </span>
     <span class='ocr_line' id='line_1_34' title="bbox 287 1180 1027 1224; baseline -0.001 -10"><span class='ocrx_word' id='word_1_127' title='bbox 287 1181 389 1214; x_wconf 89' lang='lat' dir='ltr'>eidem</span> <span class='ocrx_word' id='word_1_128' title='bbox 415 1180 512 1213; x_wconf 85' lang='lat' dir='ltr'>Paulo</span> <span class='ocrx_word' id='word_1_129' title='bbox 533 1181 555 1213; x_wconf 86' lang='lat' dir='ltr'>V</span> <span class='ocrx_word' id='word_1_130' title='bbox 580 1181 817 1224; x_wconf 76' lang='lat' dir='ltr'>praedecessori</span> <span class='ocrx_word' id='word_1_131' title='bbox 842 1182 1027 1222; x_wconf 88' lang='lat' dir='ltr'>retulerunt,</span> 
     </span>
     <span class='ocr_line' id='line_1_35' title="bbox 285 1233 1030 1279; baseline 0 -12"><span class='ocrx_word' id='word_1_132' title='bbox 285 1235 378 1279; x_wconf 87' lang='lat' dir='ltr'>plene</span> <span class='ocrx_word' id='word_1_133' title='bbox 402 1233 565 1266; x_wconf 85' lang='lat' dir='ltr'>iustificari</span> <span class='ocrx_word' id='word_1_134' title='bbox 590 1233 670 1266; x_wconf 79' lang='lat' dir='ltr'>vitae</span> <span class='ocrx_word' id='word_1_135' title='bbox 694 1234 900 1274; x_wconf 74' lang='lat' dir='ltr'>sanctitatem,</span> <span class='ocrx_word' id='word_1_136' title='bbox 918 1245 952 1267; x_wconf 91' lang='lat' dir='ltr'>ac</span> <span class='ocrx_word' id='word_1_137' title='bbox 973 1235 1030 1267; x_wconf 84' lang='lat' dir='ltr'>mi-</span> 
     </span>
     <span class='ocr_line' id='line_1_36' title="bbox 285 1287 1028 1330; baseline -0.001 -8"><span class='ocrx_word' id='word_1_138' title='bbox 285 1289 393 1322; x_wconf 86' lang='lat' dir='ltr'>racula</span> <span class='ocrx_word' id='word_1_139' title='bbox 413 1288 522 1321; x_wconf 91' lang='lat' dir='ltr'>beatae</span> <span class='ocrx_word' id='word_1_140' title='bbox 547 1287 677 1330; x_wconf 74' lang='lat' dir='ltr'>virginis</span> <span class='ocrx_word' id='word_1_141' title='bbox 701 1288 883 1329; x_wconf 88' lang='lat' dir='ltr'>Theresiae,</span> <span class='ocrx_word' id='word_1_142' title='bbox 909 1289 1028 1322; x_wconf 87' lang='lat' dir='ltr'>omnia-</span> 
     </span>
     <span class='ocr_line' id='line_1_37' title="bbox 287 1341 1030 1386; baseline 0 -11"><span class='ocrx_word' id='word_1_143' title='bbox 287 1352 348 1386; x_wconf 90' lang='lat' dir='ltr'>que</span> <span class='ocrx_word' id='word_1_144' title='bbox 376 1341 498 1375; x_wconf 83' lang='lat' dir='ltr'>abunde</span> <span class='ocrx_word' id='word_1_145' title='bbox 527 1346 693 1382; x_wconf 81' lang='lat' dir='ltr'>constare,</span> <span class='ocrx_word' id='word_1_146' title='bbox 717 1351 797 1385; x_wconf 89' lang='lat' dir='ltr'>quae</span> <span class='ocrx_word' id='word_1_147' title='bbox 820 1352 879 1385; x_wconf 86' lang='lat' dir='ltr'>pro</span> <span class='ocrx_word' id='word_1_148' title='bbox 905 1343 1030 1375; x_wconf 90' lang='lat' dir='ltr'>canoni-</span> 
     </span>
     <span class='ocr_line' id='line_1_38' title="bbox 286 1395 1031 1440; baseline 0.001 -12"><span class='ocrx_word' id='word_1_149' title='bbox 286 1395 408 1429; x_wconf 88' lang='lat' dir='ltr'>zatione</span> <span class='ocrx_word' id='word_1_150' title='bbox 432 1395 573 1428; x_wconf 92' lang='lat' dir='ltr'>eiusdem</span> <span class='ocrx_word' id='word_1_151' title='bbox 590 1405 608 1428; x_wconf 91' lang='lat' dir='ltr'>a</span> <span class='ocrx_word' id='word_1_152' title='bbox 624 1395 721 1428; x_wconf 89' lang='lat' dir='ltr'>sacris</span> <span class='ocrx_word' id='word_1_153' title='bbox 741 1395 912 1429; x_wconf 89' lang='lat' dir='ltr'>canonibus</span> <span class='ocrx_word' id='word_1_154' title='bbox 929 1396 1031 1440; x_wconf 86' lang='lat' dir='ltr'>requi-</span> 
     </span>
     <span class='ocr_line' id='line_1_39' title="bbox 287 1449 990 1494; baseline 0.001 -12"><span class='ocrx_word' id='word_1_155' title='bbox 287 1454 419 1490; x_wconf 87' lang='lat' dir='ltr'>runtur,</span> <span class='ocrx_word' id='word_1_156' title='bbox 443 1460 598 1493; x_wconf 88' lang='lat' dir='ltr'>posseque</span> <span class='ocrx_word' id='word_1_157' title='bbox 619 1449 656 1482; x_wconf 88' lang='lat' dir='ltr'>ad</span> <span class='ocrx_word' id='word_1_158' title='bbox 677 1450 827 1483; x_wconf 83' lang='lat' dir='ltr'>ulteriora</span> <span class='ocrx_word' id='word_1_159' title='bbox 851 1450 990 1494; x_wconf 86' lang='lat' dir='ltr'>procedi.</span> 
     </span>
    </p>

    <p class='ocr_par' dir='ltr' id='par_1_11' title="bbox 288 1503 1034 1870">
     <span class='ocr_line' id='line_1_40' title="bbox 333 1503 1030 1547; baseline 0 -11"><span class='ocrx_word' id='word_1_160' title='bbox 333 1504 348 1547; x_wconf 68' lang='grc' dir='ltr'><strong>ἓ</strong></span> <span class='ocrx_word' id='word_1_161' title='bbox 373 1503 425 1537; x_wconf 68' lang='lat'>95.</span> <span class='ocrx_word' id='word_1_162' title='bbox 450 1503 552 1547; x_wconf 88' lang='lat' dir='ltr'>thue</span> <span class='ocrx_word' id='word_1_163' title='bbox 576 1505 613 1536; x_wconf 77' lang='lat' dir='ltr'>ea</span> <span class='ocrx_word' id='word_1_164' title='bbox 637 1503 826 1544; x_wconf 88' lang='lat' dir='ltr'>maturitate,</span> <span class='ocrx_word' id='word_1_165' title='bbox 859 1513 939 1547; x_wconf 88' lang='lat' dir='ltr'>quae</span> <span class='ocrx_word' id='word_1_166' title='bbox 964 1514 1030 1537; x_wconf 89' lang='lat' dir='ltr'>rem</span> 
     </span>
     <span class='ocr_line' id='line_1_41' title="bbox 289 1556 1031 1600; baseline 0 -10"><span class='ocrx_word' id='word_1_167' title='bbox 289 1561 407 1590; x_wconf 83' lang='lat' dir='ltr'>tantam</span> <span class='ocrx_word' id='word_1_168' title='bbox 431 1556 582 1597; x_wconf 87' lang='lat' dir='ltr'>decebat,</span> <span class='ocrx_word' id='word_1_169' title='bbox 606 1556 769 1600; x_wconf 82' lang='lat' dir='ltr'>negotium</span> <span class='ocrx_word' id='word_1_170' title='bbox 793 1557 1031 1600; x_wconf 77' lang='lat' dir='ltr'>transigeretur,</span> 
     </span>
     <span class='ocr_line' id='line_1_42' title="bbox 288 1610 1030 1644; baseline 0 0"><span class='ocrx_word' id='word_1_171' title='bbox 288 1610 372 1644; x_wconf 89' lang='lat' dir='ltr'>idem</span> <span class='ocrx_word' id='word_1_172' title='bbox 397 1610 512 1644; x_wconf 86' lang='lat' dir='ltr'>Paulus</span> <span class='ocrx_word' id='word_1_173' title='bbox 529 1610 650 1643; x_wconf 89' lang='lat' dir='ltr'>dilectis</span> <span class='ocrx_word' id='word_1_174' title='bbox 674 1610 747 1643; x_wconf 84' lang='lat' dir='ltr'>filiis</span> <span class='ocrx_word' id='word_1_175' title='bbox 766 1611 882 1643; x_wconf 88' lang='lat' dir='ltr'>nostris</span> <span class='ocrx_word' id='word_1_176' title='bbox 899 1611 927 1644; x_wconf 90' lang='lat' dir='ltr'>S.</span> <span class='ocrx_word' id='word_1_177' title='bbox 946 1611 980 1644; x_wconf 79' lang='lat' dir='ltr'>R.</span> <span class='ocrx_word' id='word_1_178' title='bbox 998 1611 1030 1644; x_wconf 89' lang='lat' dir='ltr'>E.</span> 
     </span>
     <span class='ocr_line' id='line_1_43' title="bbox 290 1664 1033 1708; baseline -0.001 -10"><span class='ocrx_word' id='word_1_179' title='bbox 290 1664 501 1698; x_wconf 85' lang='lat' dir='ltr'>cardinalibus</span> <span class='ocrx_word' id='word_1_180' title='bbox 518 1664 615 1697; x_wconf 85' lang='lat' dir='ltr'>sacris</span> <span class='ocrx_word' id='word_1_181' title='bbox 640 1664 752 1698; x_wconf 87' lang='lat' dir='ltr'>ritibus</span> <span class='ocrx_word' id='word_1_182' title='bbox 770 1664 935 1708; x_wconf 79' lang='lat' dir='ltr'>praefectis</span> <span class='ocrx_word' id='word_1_183' title='bbox 952 1665 1033 1697; x_wconf 89' lang='lat' dir='ltr'>ordi-</span> 
     </span>
     <span class='ocr_line' id='line_1_44' title="bbox 290 1718 1034 1763; baseline 0 -12"><span class='ocrx_word' id='word_1_184' title='bbox 290 1719 393 1759; x_wconf 87' lang='lat' dir='ltr'>navit,</span> <span class='ocrx_word' id='word_1_185' title='bbox 423 1722 458 1753; x_wconf 89' lang='lat' dir='ltr'>ut</span> <span class='ocrx_word' id='word_1_186' title='bbox 488 1718 667 1763; x_wconf 88' lang='lat' dir='ltr'>praedictos</span> <span class='ocrx_word' id='word_1_187' title='bbox 695 1729 862 1762; x_wconf 85' lang='lat' dir='ltr'>processus</span> <span class='ocrx_word' id='word_1_188' title='bbox 894 1719 1034 1762; x_wconf 90' lang='lat' dir='ltr'>quamdi-</span> 
     </span>
     <span class='ocr_line' id='line_1_45' title="bbox 290 1772 1032 1817; baseline 0 -11"><span class='ocrx_word' id='word_1_189' title='bbox 290 1772 497 1816; x_wconf 87' lang='lat' dir='ltr'>ligentissime</span> <span class='ocrx_word' id='word_1_190' title='bbox 514 1784 624 1806; x_wconf 89' lang='lat' dir='ltr'>rursus</span> <span class='ocrx_word' id='word_1_191' title='bbox 642 1773 840 1817; x_wconf 90' lang='lat' dir='ltr'>inspicerent,</span> <span class='ocrx_word' id='word_1_192' title='bbox 858 1783 894 1806; x_wconf 86' lang='lat' dir='ltr'>ac</span> <span class='ocrx_word' id='word_1_193' title='bbox 913 1774 952 1806; x_wconf 90' lang='lat' dir='ltr'>de</span> <span class='ocrx_word' id='word_1_194' title='bbox 969 1776 1032 1807; x_wconf 80' lang='lat' dir='ltr'>tota</span> 
     </span>
     <span class='ocr_line' id='line_1_46' title="bbox 292 1829 817 1870; baseline -0.002 -10"><span class='ocrx_word' id='word_1_195' title='bbox 292 1829 387 1860; x_wconf 73' lang='lat' dir='ltr'>causa</span> <span class='ocrx_word' id='word_1_196' title='bbox 411 1832 557 1860; x_wconf 83' lang='lat' dir='ltr'>accurate</span> <span class='ocrx_word' id='word_1_197' title='bbox 581 1831 817 1870; x_wconf 83' lang='lat' dir='ltr'>cognoscerent.</span> 
     </span>
    </p>

    <p class='ocr_par' dir='ltr' id='par_1_12' title="bbox 293 1880 1055 2565">
     <span class='ocr_line' id='line_1_47' title="bbox 336 1880 1034 1924; baseline -0.001 -11"><span class='ocrx_word' id='word_1_198' title='bbox 336 1880 352 1924; x_wconf 62' lang='lat' dir='ltr'>g</span> <span class='ocrx_word' id='word_1_199' title='bbox 376 1880 426 1914; x_wconf 68' lang='lat'>26.</span> <span class='ocrx_word' id='word_1_200' title='bbox 452 1880 528 1913; x_wconf 87' lang='lat' dir='ltr'>Cum</span> <span class='ocrx_word' id='word_1_201' title='bbox 553 1891 628 1913; x_wconf 81' lang='lat' dir='ltr'>vero</span> <span class='ocrx_word' id='word_1_202' title='bbox 646 1880 729 1913; x_wconf 89' lang='lat' dir='ltr'>idem</span> <span class='ocrx_word' id='word_1_203' title='bbox 748 1880 860 1913; x_wconf 84' lang='lat' dir='ltr'>Paulus</span> <span class='ocrx_word' id='word_1_204' title='bbox 877 1880 1034 1913; x_wconf 84' lang='lat' dir='ltr'>humanae</span> 
     </span>
     <span class='ocr_line' id='line_1_48' title="bbox 293 1933 1034 1978; baseline 0 -12"><span class='ocrx_word' id='word_1_205' title='bbox 293 1933 558 1977; x_wconf 85' lang='lat' dir='ltr'>peregrinationis</span> <span class='ocrx_word' id='word_1_206' title='bbox 575 1934 655 1966; x_wconf 87' lang='lat' dir='ltr'>viam</span> <span class='ocrx_word' id='word_1_207' title='bbox 670 1934 900 1978; x_wconf 79' lang='lat' dir='ltr'>complevisset,</span> <span class='ocrx_word' id='word_1_208' title='bbox 914 1944 1034 1977; x_wconf 87' lang='lat' dir='ltr'>nosque</span> 
     </span>
     <span class='ocr_line' id='line_1_49' title="bbox 294 1986 1034 2031; baseline 0.003 -13"><span class='ocrx_word' id='word_1_209' title='bbox 294 1986 402 2029; x_wconf 90' lang='lat' dir='ltr'>(nullis</span> <span class='ocrx_word' id='word_1_210' title='bbox 426 1987 497 2020; x_wconf 88' lang='lat' dir='ltr'>licet</span> <span class='ocrx_word' id='word_1_211' title='bbox 521 1987 635 2020; x_wconf 87' lang='lat' dir='ltr'>nostris</span> <span class='ocrx_word' id='word_1_212' title='bbox 660 1988 793 2031; x_wconf 85' lang='lat' dir='ltr'>meritis&gt;</span> <span class='ocrx_word' id='word_1_213' title='bbox 822 1988 887 2020; x_wconf 80' lang='lat' dir='ltr'>sola</span> <span class='ocrx_word' id='word_1_214' title='bbox 912 1987 1034 2020; x_wconf 88' lang='lat' dir='ltr'>divinae</span> 
     </span>
     <span class='ocr_line' id='line_1_50' title="bbox 293 2039 1037 2084; baseline 0.004 -13"><span class='ocrx_word' id='word_1_215' title='bbox 293 2039 413 2082; x_wconf 89' lang='lat' dir='ltr'>gratiae</span> <span class='ocrx_word' id='word_1_216' title='bbox 436 2040 616 2083; x_wconf 85' lang='lat' dir='ltr'>dignatione</span> <span class='ocrx_word' id='word_1_217' title='bbox 637 2041 676 2074; x_wconf 90' lang='lat' dir='ltr'>ad</span> <span class='ocrx_word' id='word_1_218' title='bbox 700 2041 857 2074; x_wconf 81' lang='lat' dir='ltr'>Ecclesiae</span> <span class='ocrx_word' id='word_1_219' title='bbox 881 2042 1037 2084; x_wconf 83' lang='lat' dir='ltr'>guberna-</span> 
     </span>
     <span class='ocr_line' id='line_1_51' title="bbox 295 2093 1053 2138; baseline 0.004 -13"><span class='ocrx_word' id='word_1_220' title='bbox 295 2093 364 2126; x_wconf 89' lang='lat' dir='ltr'>cula</span> <span class='ocrx_word' id='word_1_221' title='bbox 388 2094 488 2126; x_wconf 88' lang='lat' dir='ltr'>vocati</span> <span class='ocrx_word' id='word_1_222' title='bbox 513 2104 662 2135; x_wconf 86' lang='lat' dir='ltr'>essemus,</span> <span class='ocrx_word' id='word_1_223' title='bbox 679 2095 717 2127; x_wconf 90' lang='lat' dir='ltr'>ad</span> <span class='ocrx_word' id='word_1_224' title='bbox 742 2099 967 2138; x_wconf 81' lang='lat' dir='ltr'>augumentum</span> <span class='ocrx_word' id='word_1_225' title='bbox 994 2096 1053 2128; x_wconf 78' lang='lat' dir='ltr'>di-=</span> 
     </span>
     <span class='ocr_line' id='line_1_52' title="bbox 294 2146 1036 2181; baseline 0.003 -3"><span class='ocrx_word' id='word_1_226' title='bbox 294 2146 357 2179; x_wconf 91' lang='lat' dir='ltr'>vini</span> <span class='ocrx_word' id='word_1_227' title='bbox 382 2146 512 2179; x_wconf 88' lang='lat' dir='ltr'>honoris</span> <span class='ocrx_word' id='word_1_228' title='bbox 536 2152 566 2179; x_wconf 91' lang='lat' dir='ltr'>et</span> <span class='ocrx_word' id='word_1_229' title='bbox 589 2154 712 2181; x_wconf 89' lang='lat' dir='ltr'>sanctae</span> <span class='ocrx_word' id='word_1_230' title='bbox 737 2148 894 2181; x_wconf 83' lang='lat' dir='ltr'>Ecclesiae</span> <span class='ocrx_word' id='word_1_231' title='bbox 919 2148 1036 2180; x_wconf 89' lang='lat' dir='ltr'>utilita-</span> 
     </span>
     <span class='ocr_line' id='line_1_53' title="bbox 294 2199 1037 2244; baseline 0.001 -12"><span class='ocrx_word' id='word_1_232' title='bbox 294 2205 357 2233; x_wconf 89' lang='lat' dir='ltr'>tem</span> <span class='ocrx_word' id='word_1_233' title='bbox 383 2199 542 2244; x_wconf 88' lang='lat' dir='ltr'>pertinere</span> <span class='ocrx_word' id='word_1_234' title='bbox 566 2201 708 2234; x_wconf 87' lang='lat' dir='ltr'>arbitrati</span> <span class='ocrx_word' id='word_1_235' title='bbox 733 2212 850 2241; x_wconf 88' lang='lat' dir='ltr'>sumus,</span> <span class='ocrx_word' id='word_1_236' title='bbox 875 2207 909 2234; x_wconf 89' lang='lat' dir='ltr'>ut</span> <span class='ocrx_word' id='word_1_237' title='bbox 933 2202 1037 2234; x_wconf 86' lang='lat' dir='ltr'>huius-</span> 
     </span>
     <span class='ocr_line' id='line_1_54' title="bbox 294 2253 1035 2298; baseline 0.003 -12"><span class='ocrx_word' id='word_1_238' title='bbox 294 2253 380 2287; x_wconf 90' lang='lat' dir='ltr'>modi</span> <span class='ocrx_word' id='word_1_239' title='bbox 404 2254 565 2297; x_wconf 87' lang='lat' dir='ltr'>negotium</span> <span class='ocrx_word' id='word_1_240' title='bbox 590 2261 842 2298; x_wconf 77' lang='lat' dir='ltr'>promoveretur,</span> <span class='ocrx_word' id='word_1_241' title='bbox 863 2256 1035 2298; x_wconf 88' lang='lat' dir='ltr'>plurimum</span> 
     </span>
     <span class='ocr_line' id='line_1_55' title="bbox 294 2307 1038 2351; baseline 0 -11"><span class='ocrx_word' id='word_1_242' title='bbox 294 2307 386 2340; x_wconf 88' lang='lat' dir='ltr'>etiam</span> <span class='ocrx_word' id='word_1_243' title='bbox 411 2307 449 2340; x_wconf 89' lang='lat' dir='ltr'>ad</span> <span class='ocrx_word' id='word_1_244' title='bbox 473 2308 684 2351; x_wconf 89' lang='lat' dir='ltr'>praesentium</span> <span class='ocrx_word' id='word_1_245' title='bbox 709 2312 890 2351; x_wconf 88' lang='lat' dir='ltr'>temporum</span> <span class='ocrx_word' id='word_1_246' title='bbox 916 2308 1038 2340; x_wconf 90' lang='lat' dir='ltr'>calami—</span> 
     </span>
     <span class='ocr_line' id='line_1_56' title="bbox 294 2360 1055 2409; baseline -0.003 -14"><span class='ocrx_word' id='word_1_247' title='bbox 294 2364 387 2395; x_wconf 87' lang='lat' dir='ltr'>tatem</span> <span class='ocrx_word' id='word_1_248' title='bbox 414 2360 577 2394; x_wconf 79' lang='lat' dir='ltr'>levandam</span> <span class='ocrx_word' id='word_1_249' title='bbox 603 2361 752 2394; x_wconf 83' lang='lat' dir='ltr'>interesse</span> <span class='ocrx_word' id='word_1_250' title='bbox 777 2361 1055 2409; x_wconf 73' lang='lat' dir='ltr'>existimavimus,1</span> 
     </span>
     <span class='ocr_line' id='line_1_57' title="bbox 294 2414 1055 2458; baseline 0 -10"><span class='ocrx_word' id='word_1_251' title='bbox 294 2414 320 2448; x_wconf 87' lang='lat' dir='ltr'>si</span> <span class='ocrx_word' id='word_1_252' title='bbox 336 2414 587 2448; x_wconf 84' lang='lat' dir='ltr'>christifidelium</span> <span class='ocrx_word' id='word_1_253' title='bbox 613 2415 737 2448; x_wconf 86' lang='lat' dir='ltr'>devotio</span> <span class='ocrx_word' id='word_1_254' title='bbox 762 2425 837 2458; x_wconf 85' lang='lat' dir='ltr'>erga</span> <span class='ocrx_word' id='word_1_255' title='bbox 862 2415 990 2448; x_wconf 88' lang='lat' dir='ltr'>Sanctos</span> <span class='ocrx_word' id='word_1_256' title='bbox 1007 2415 1055 2448; x_wconf 26' lang='lat' dir='ltr'>et*¹</span> 
     </span>
     <span class='ocr_line' id='line_1_58' title="bbox 295 2467 1054 2512; baseline -0.001 -11"><span class='ocrx_word' id='word_1_257' title='bbox 295 2467 411 2501; x_wconf 89' lang='lat' dir='ltr'>electos</span> <span class='ocrx_word' id='word_1_258' title='bbox 427 2468 492 2509; x_wconf 89' lang='lat' dir='ltr'>Dei,</span> <span class='ocrx_word' id='word_1_259' title='bbox 510 2468 563 2511; x_wconf 92' lang='lat' dir='ltr'>qui</span> <span class='ocrx_word' id='word_1_260' title='bbox 586 2479 644 2512; x_wconf 91' lang='lat' dir='ltr'>pro</span> <span class='ocrx_word' id='word_1_261' title='bbox 669 2468 760 2501; x_wconf 88' lang='lat' dir='ltr'>nobis</span> <span class='ocrx_word' id='word_1_262' title='bbox 776 2468 807 2501; x_wconf 89' lang='lat' dir='ltr'>in</span> <span class='ocrx_word' id='word_1_263' title='bbox 824 2469 917 2501; x_wconf 88' lang='lat' dir='ltr'>tantis</span> <span class='ocrx_word' id='word_1_264' title='bbox 933 2479 1037 2501; x_wconf 86' lang='lat' dir='ltr'>neces-</span> <span class='ocrx_word' id='word_1_265' title='bbox 1053 2471 1054 2498; x_wconf 69' lang='lat'>1</span> 
     </span>
     <span class='ocr_line' id='line_1_59' title="bbox 295 2521 1038 2565; baseline 0 -11"><span class='ocrx_word' id='word_1_266' title='bbox 295 2521 438 2556; x_wconf 84' lang='lat' dir='ltr'>sitatibus</span> <span class='ocrx_word' id='word_1_267' title='bbox 462 2522 701 2562; x_wconf 83' lang='lat' dir='ltr'>intercederent,</span> <span class='ocrx_word' id='word_1_268' title='bbox 726 2527 896 2565; x_wconf 86' lang='lat' dir='ltr'>augeretur</span> <span class='ocrx_word' id='word_1_269' title='bbox 909 2521 928 2555; x_wconf 86' lang='lat'>¹.</span> <span class='ocrx_word' id='word_1_270' title='bbox 958 2523 1038 2555; x_wconf 84' lang='lat' dir='ltr'>Man-</span> 
     </span>
    </p>
   </div>
   <div class='ocr_carea' id='block_1_8' title="bbox 1042 850 1044 874">
    <p class='ocr_par' dir='ltr' id='par_1_13' title="bbox 1042 850 1044 874">
     <span class='ocr_line' id='line_1_60' title="bbox 1042 850 1044 874; baseline 0 0"><span class='ocrx_word' id='word_1_271' title='bbox 1042 850 1044 874; x_wconf 81' lang='lat' dir='ltr'>l</span> 
     </span>
    </p>
   </div>
   <div class='ocr_carea' id='block_1_9' title="bbox 1040 338 1059 2653">
    <p class='ocr_par' dir='ltr' id='par_1_14' title="bbox 1040 338 1059 2653">
     <span class='ocr_line' id='line_1_61' title="bbox 1040 338 1059 2653; baseline 0 0"><span class='ocrx_word' id='word_1_272' title='bbox 1040 338 1059 2653; x_wconf 95' lang='lat' dir='ltr'> </span> 
     </span>
    </p>
   </div>
   <div class='ocr_carea' id='block_1_10' title="bbox 295 2573 1035 2728">
    <p class='ocr_par' dir='ltr' id='par_1_15' title="bbox 295 2573 1035 2728">
     <span class='ocr_line' id='line_1_62' title="bbox 295 2573 1035 2619; baseline 0.001 -12"><span class='ocrx_word' id='word_1_273' title='bbox 295 2573 438 2608; x_wconf 85' lang='lat' dir='ltr'>davimus</span> <span class='ocrx_word' id='word_1_274' title='bbox 454 2575 557 2619; x_wconf 87' lang='lat' dir='ltr'>itaque</span> <span class='ocrx_word' id='word_1_275' title='bbox 576 2575 745 2619; x_wconf 89' lang='lat' dir='ltr'>praedictis</span> <span class='ocrx_word' id='word_1_276' title='bbox 759 2575 979 2616; x_wconf 81' lang='lat' dir='ltr'>cardinalibus,</span> <span class='ocrx_word' id='word_1_277' title='bbox 992 2581 1035 2616; x_wconf 89' lang='lat' dir='ltr'>ut,</span> 
     </span>
     <span class='ocr_line' id='line_1_63' title="bbox 296 2628 1033 2673; baseline 0.003 -13"><span class='ocrx_word' id='word_1_278' title='bbox 296 2628 379 2672; x_wconf 89' lang='lat' dir='ltr'>quod</span> <span class='ocrx_word' id='word_1_279' title='bbox 403 2628 464 2661; x_wconf 87' lang='lat' dir='ltr'>illis</span> <span class='ocrx_word' id='word_1_280' title='bbox 479 2639 497 2661; x_wconf 90' lang='lat' dir='ltr'>a</span> <span class='ocrx_word' id='word_1_281' title='bbox 511 2629 755 2673; x_wconf 86' lang='lat' dir='ltr'>praedecessore</span> <span class='ocrx_word' id='word_1_282' title='bbox 779 2635 888 2662; x_wconf 85' lang='lat' dir='ltr'>nostro</span> <span class='ocrx_word' id='word_1_283' title='bbox 913 2629 1033 2673; x_wconf 88' lang='lat' dir='ltr'>praedi-</span> 
     </span>
     <span class='ocr_line' id='line_1_64' title="bbox 332 2690 922 2728; baseline 0.002 -11"><span class='ocrx_word' id='word_1_284' title='bbox 332 2692 344 2717; x_wconf 82' lang='lat'><strong>1</strong></span> <span class='ocrx_word' id='word_1_285' title='bbox 366 2690 436 2718; x_wconf 84' lang='lat' dir='ltr'>Edit.</span> <span class='ocrx_word' id='word_1_286' title='bbox 451 2690 530 2719; x_wconf 70' lang='grc' dir='ltr'>Μαίη.</span> <span class='ocrx_word' id='word_1_287' title='bbox 546 2692 612 2728; x_wconf 79' lang='lat' dir='ltr'>legit</span> <span class='ocrx_word' id='word_1_288' title='bbox 625 2695 804 2727; x_wconf 75' lang='lat' dir='ltr'>auyerencur</span> <span class='ocrx_word' id='word_1_289' title='bbox 819 2692 855 2728; x_wconf 75' lang='lat' dir='ltr'>(a.</span> <span class='ocrx_word' id='word_1_290' title='bbox 872 2692 922 2727; x_wconf 66' lang='lat' dir='ltr'>r).</span> 
     </span>
    </p>
   </div>
   <div class='ocr_carea' id='block_1_11' title="bbox 1056 325 1796 424">
    <p class='ocr_par' dir='ltr' id='par_1_16' title="bbox 1056 325 1796 424">
     <span class='ocr_line' id='line_1_65' title="bbox 1057 325 1796 368; baseline -0.004 -8"><span class='ocrx_word' id='word_1_291' title='bbox 1057 332 1106 360; x_wconf 90' lang='lat' dir='ltr'>cto</span> <span class='ocrx_word' id='word_1_292' title='bbox 1132 327 1232 359; x_wconf 84' lang='lat' dir='ltr'>suerat</span> <span class='ocrx_word' id='word_1_293' title='bbox 1257 326 1440 366; x_wconf 89' lang='lat' dir='ltr'>iniunctum,</span> <span class='ocrx_word' id='word_1_294' title='bbox 1464 325 1698 368; x_wconf 83' lang='lat' dir='ltr'>quamprimum</span> <span class='ocrx_word' id='word_1_295' title='bbox 1724 334 1796 357; x_wconf 78' lang='lat' dir='ltr'>exe-</span> 
     </span>
     <span class='ocr_line' id='line_1_66' title="bbox 1056 385 1239 424; baseline -0.005 -11"><span class='ocrx_word' id='word_1_296' title='bbox 1056 385 1239 424; x_wconf 87' lang='lat' dir='ltr'>querentur.</span> 
     </span>
    </p>
   </div>
   <div class='ocr_carea' id='block_1_12' title="bbox 1057 430 1996 529">
    <p class='ocr_par' dir='ltr' id='par_1_17' title="bbox 1057 430 1996 529">
     <span class='ocr_line' id='line_1_67' title="bbox 1102 430 1992 475; baseline -0.002 -10"><span class='ocrx_word' id='word_1_297' title='bbox 1102 434 1116 475; x_wconf 73' lang='lat'>§</span> <span class='ocrx_word' id='word_1_298' title='bbox 1141 433 1192 465; x_wconf 70' lang='lat'>27.</span> <span class='ocrx_word' id='word_1_299' title='bbox 1217 431 1305 471; x_wconf 84' lang='lat' dir='ltr'>Quod</span> <span class='ocrx_word' id='word_1_300' title='bbox 1330 442 1401 464; x_wconf 90' lang='lat' dir='ltr'>cum</span> <span class='ocrx_word' id='word_1_301' title='bbox 1427 431 1470 464; x_wconf 93' lang='lat' dir='ltr'>illi</span> <span class='ocrx_word' id='word_1_302' title='bbox 1491 433 1527 464; x_wconf 77' lang='lat' dir='ltr'>ea</span> <span class='ocrx_word' id='word_1_303' title='bbox 1546 430 1718 474; x_wconf 76' lang='lat' dir='ltr'>diligentia,</span> <span class='ocrx_word' id='word_1_304' title='bbox 1736 441 1797 475; x_wconf 87' lang='lat' dir='ltr'>qua</span> <span class='ocrx_word' id='word_1_305' title='bbox 1838 442 1863 464; x_wconf 79' lang='grc' dir='ltr'>ει</span> <span class='ocrx_word' id='word_1_306' title='bbox 1878 443 1906 464; x_wconf 70' lang='lat' dir='ltr'>ab</span> <span class='ocrx_word' id='word_1_307' title='bbox 1922 444 1952 464; x_wconf 64' lang='lat' dir='ltr'>eu</span> <span class='ocrx_word' id='word_1_308' title='bbox 1967 443 1992 463; x_wconf 74' lang='lat' dir='ltr'>aa</span> 
     </span>
     <span class='ocr_line' id='line_1_68' title="bbox 1057 471 1996 529; baseline -0.002 -10"><span class='ocrx_word' id='word_1_309' title='bbox 1057 486 1195 525; x_wconf 82' lang='lat' dir='ltr'>decebat,</span> <span class='ocrx_word' id='word_1_310' title='bbox 1220 485 1434 529; x_wconf 82' lang='lat' dir='ltr'>perfecissent,</span> <span class='ocrx_word' id='word_1_311' title='bbox 1455 496 1489 518; x_wconf 89' lang='lat' dir='ltr'>ac</span> <span class='ocrx_word' id='word_1_312' title='bbox 1513 496 1571 529; x_wconf 91' lang='lat' dir='ltr'>pro</span> <span class='ocrx_word' id='word_1_313' title='bbox 1596 490 1720 518; x_wconf 89' lang='lat' dir='ltr'>sanctae</span> <span class='ocrx_word' id='word_1_314' title='bbox 1740 485 1798 518; x_wconf 76' lang='lat' dir='ltr'>vir-</span> <span class='ocrx_word' id='word_1_315' title='bbox 1812 471 1929 517; x_wconf 54' lang='grc' dir='ltr'>ἳὲἕῖἷιῗῖιῗω</span> <span class='ocrx_word' id='word_1_316' title='bbox 1948 475 1996 517; x_wconf 60' lang='grc' dir='ltr'>’ἷζῗᾶ</span> 
     </span>
    </p>
   </div>
   <div class='ocr_carea' id='block_1_13' title="bbox 1812 526 1903 550">
    <p class='ocr_par' dir='ltr' id='par_1_18' title="bbox 1812 526 1903 550">
     <span class='ocr_line' id='line_1_69' title="bbox 1812 526 1903 550; baseline -0.011 -5"><span class='ocrx_word' id='word_1_317' title='bbox 1812 526 1903 550; x_wconf 71' lang='lat' dir='ltr'>accepit.</span> 
     </span>
    </p>
   </div>
   <div class='ocr_carea' id='block_1_14' title="bbox 1057 538 1811 2350">
    <p class='ocr_par' dir='ltr' id='par_1_19' title="bbox 1057 538 1801 1011">
     <span class='ocr_line' id='line_1_70' title="bbox 1057 538 1798 583; baseline -0.003 -11"><span class='ocrx_word' id='word_1_318' title='bbox 1057 539 1138 583; x_wconf 77' lang='lat' dir='ltr'>ginis</span> <span class='ocrx_word' id='word_1_319' title='bbox 1152 539 1385 572; x_wconf 85' lang='lat' dir='ltr'>canonizatione</span> <span class='ocrx_word' id='word_1_320' title='bbox 1403 549 1512 572; x_wconf 88' lang='lat' dir='ltr'>omues</span> <span class='ocrx_word' id='word_1_321' title='bbox 1528 538 1716 570; x_wconf 89' lang='lat' dir='ltr'>unanimiter</span> <span class='ocrx_word' id='word_1_322' title='bbox 1728 547 1798 571; x_wconf 89' lang='lat' dir='ltr'>cen-</span> 
     </span>
     <span class='ocr_line' id='line_1_71' title="bbox 1058 591 1800 633; baseline -0.001 -8"><span class='ocrx_word' id='word_1_323' title='bbox 1058 593 1212 633; x_wconf 87' lang='lat' dir='ltr'>suissent,</span> <span class='ocrx_word' id='word_1_324' title='bbox 1240 592 1426 625; x_wconf 78' lang='lat' dir='ltr'>venerabilis</span> <span class='ocrx_word' id='word_1_325' title='bbox 1458 593 1553 625; x_wconf 85' lang='lat' dir='ltr'>frater</span> <span class='ocrx_word' id='word_1_326' title='bbox 1577 596 1683 626; x_wconf 86' lang='lat' dir='ltr'>noster</span> <span class='ocrx_word' id='word_1_327' title='bbox 1707 591 1800 624; x_wconf 86' lang='lat' dir='ltr'>Fran-</span> 
     </span>
     <span class='ocr_line' id='line_1_72' title="bbox 1059 645 1800 690; baseline -0.001 -11"><span class='ocrx_word' id='word_1_328' title='bbox 1059 647 1159 680; x_wconf 85' lang='lat' dir='ltr'>ciscus</span> <span class='ocrx_word' id='word_1_329' title='bbox 1183 647 1278 680; x_wconf 78' lang='lat' dir='ltr'>Maria</span> <span class='ocrx_word' id='word_1_330' title='bbox 1303 647 1471 690; x_wconf 86' lang='lat' dir='ltr'>episcopus</span> <span class='ocrx_word' id='word_1_331' title='bbox 1497 646 1679 679; x_wconf 83' lang='lat' dir='ltr'>Portuensis</span> <span class='ocrx_word' id='word_1_332' title='bbox 1703 645 1800 678; x_wconf 87' lang='lat' dir='ltr'>cardi-</span> 
     </span>
     <span class='ocr_line' id='line_1_73' title="bbox 1059 700 1799 743; baseline -0.003 -10"><span class='ocrx_word' id='word_1_333' title='bbox 1059 701 1136 733; x_wconf 86' lang='lat' dir='ltr'>nalis</span> <span class='ocrx_word' id='word_1_334' title='bbox 1162 711 1179 733; x_wconf 87' lang='lat' dir='ltr'>a</span> <span class='ocrx_word' id='word_1_335' title='bbox 1199 701 1299 733; x_wconf 79' lang='lat' dir='ltr'>Monte</span> <span class='ocrx_word' id='word_1_336' title='bbox 1325 700 1419 733; x_wconf 88' lang='lat' dir='ltr'>totius</span> <span class='ocrx_word' id='word_1_337' title='bbox 1443 710 1609 743; x_wconf 84' lang='lat' dir='ltr'>processus</span> <span class='ocrx_word' id='word_1_338' title='bbox 1634 709 1799 740; x_wconf 88' lang='lat' dir='ltr'>summam,</span> 
     </span>
     <span class='ocr_line' id='line_1_74' title="bbox 1059 752 1800 797; baseline -0.003 -10"><span class='ocrx_word' id='word_1_339' title='bbox 1059 765 1093 787; x_wconf 88' lang='lat' dir='ltr'>ac</span> <span class='ocrx_word' id='word_1_340' title='bbox 1107 765 1205 794; x_wconf 88' lang='lat' dir='ltr'>suam,</span> <span class='ocrx_word' id='word_1_341' title='bbox 1220 754 1475 797; x_wconf 84' lang='lat' dir='ltr'>collegarumque</span> <span class='ocrx_word' id='word_1_342' title='bbox 1493 752 1674 786; x_wconf 87' lang='lat' dir='ltr'>sententiam</span> <span class='ocrx_word' id='word_1_343' title='bbox 1693 762 1800 786; x_wconf 88' lang='lat' dir='ltr'>coram</span> 
     </span>
     <span class='ocr_line' id='line_1_75' title="bbox 1059 806 1801 850; baseline -0.001 -10"><span class='ocrx_word' id='word_1_344' title='bbox 1059 808 1149 841; x_wconf 87' lang='lat' dir='ltr'>nobis</span> <span class='ocrx_word' id='word_1_345' title='bbox 1167 808 1196 840; x_wconf 91' lang='lat' dir='ltr'>in</span> <span class='ocrx_word' id='word_1_346' title='bbox 1218 807 1404 841; x_wconf 91' lang='lat' dir='ltr'>consistorio</span> <span class='ocrx_word' id='word_1_347' title='bbox 1426 812 1535 840; x_wconf 88' lang='lat' dir='ltr'>nostro</span> <span class='ocrx_word' id='word_1_348' title='bbox 1559 807 1714 850; x_wconf 85' lang='lat' dir='ltr'>exposuit;</span> <span class='ocrx_word' id='word_1_349' title='bbox 1736 806 1801 849; x_wconf 86' lang='lat' dir='ltr'>qui-</span> 
     </span>
     <span class='ocr_line' id='line_1_76' title="bbox 1059 859 1799 905; baseline -0.003 -11"><span class='ocrx_word' id='word_1_350' title='bbox 1059 862 1117 895; x_wconf 88' lang='lat' dir='ltr'>bus</span> <span class='ocrx_word' id='word_1_351' title='bbox 1141 861 1255 894; x_wconf 86' lang='lat' dir='ltr'>auditis</span> <span class='ocrx_word' id='word_1_352' title='bbox 1288 861 1400 905; x_wconf 84' lang='lat' dir='ltr'>reliqui</span> <span class='ocrx_word' id='word_1_353' title='bbox 1425 860 1599 894; x_wconf 84' lang='lat' dir='ltr'>cardinales</span> <span class='ocrx_word' id='word_1_354' title='bbox 1614 887 1621 900; x_wconf 97' lang='lat'>,</span> <span class='ocrx_word' id='word_1_355' title='bbox 1645 861 1699 904; x_wconf 87' lang='lat' dir='ltr'>qui</span> <span class='ocrx_word' id='word_1_356' title='bbox 1728 859 1799 893; x_wconf 89' lang='lat' dir='ltr'>ade—</span> 
     </span>
     <span class='ocr_line' id='line_1_77' title="bbox 1060 914 1801 958; baseline -0.001 -11"><span class='ocrx_word' id='word_1_357' title='bbox 1060 920 1139 955; x_wconf 86' lang='lat' dir='ltr'>rant,</span> <span class='ocrx_word' id='word_1_358' title='bbox 1161 915 1198 947; x_wconf 90' lang='lat' dir='ltr'>ad</span> <span class='ocrx_word' id='word_1_359' title='bbox 1216 914 1366 947; x_wconf 86' lang='lat' dir='ltr'>ulteriora</span> <span class='ocrx_word' id='word_1_360' title='bbox 1382 915 1449 947; x_wconf 84' lang='lat' dir='ltr'>fore</span> <span class='ocrx_word' id='word_1_361' title='bbox 1465 914 1700 958; x_wconf 87' lang='lat' dir='ltr'>procedendum</span> <span class='ocrx_word' id='word_1_362' title='bbox 1719 923 1801 947; x_wconf 90' lang='lat' dir='ltr'>com-</span> 
     </span>
     <span class='ocr_line' id='line_1_78' title="bbox 1061 967 1600 1011; baseline -0.002 -11"><span class='ocrx_word' id='word_1_363' title='bbox 1061 968 1147 1000; x_wconf 88' lang='lat' dir='ltr'>muni</span> <span class='ocrx_word' id='word_1_364' title='bbox 1173 967 1323 1010; x_wconf 78' lang='lat' dir='ltr'>suffragio</span> <span class='ocrx_word' id='word_1_365' title='bbox 1348 967 1600 1011; x_wconf 80' lang='lat' dir='ltr'>pronuntiarunt.</span> 
     </span>
    </p>

    <p class='ocr_par' dir='ltr' id='par_1_20' title="bbox 1061 1020 1811 2350">
     <span class='ocr_line' id='line_1_79' title="bbox 1106 1020 1801 1065; baseline -0.001 -11"><span class='ocrx_word' id='word_1_366' title='bbox 1106 1022 1120 1064; x_wconf 61' lang='grc' dir='ltr'>ἕ</span> <span class='ocrx_word' id='word_1_367' title='bbox 1140 1020 1190 1054; x_wconf 68' lang='grc' dir='ltr'>Ξὸ.</span> <span class='ocrx_word' id='word_1_368' title='bbox 1210 1022 1319 1063; x_wconf 86' lang='lat' dir='ltr'>Igitur,</span> <span class='ocrx_word' id='word_1_369' title='bbox 1337 1032 1407 1054; x_wconf 89' lang='lat' dir='ltr'>cum</span> <span class='ocrx_word' id='word_1_370' title='bbox 1423 1021 1452 1053; x_wconf 91' lang='lat' dir='ltr'>in</span> <span class='ocrx_word' id='word_1_371' title='bbox 1470 1021 1596 1065; x_wconf 89' lang='lat' dir='ltr'>publico</span> <span class='ocrx_word' id='word_1_372' title='bbox 1613 1020 1801 1054; x_wconf 86' lang='lat' dir='ltr'>consistorio</span> 
     </span>
     <span class='ocr_line' id='line_1_80' title="bbox 1061 1074 1801 1118; baseline 0 -12"><span class='ocrx_word' id='word_1_373' title='bbox 1061 1074 1306 1107; x_wconf 82' lang='lat' dir='ltr'>dilectus.lilius</span> <span class='ocrx_word' id='word_1_374' title='bbox 1335 1075 1465 1107; x_wconf 86' lang='lat' dir='ltr'>loannes</span> <span class='ocrx_word' id='word_1_375' title='bbox 1490 1074 1625 1118; x_wconf 86' lang='lat' dir='ltr'>Baptista</span> <span class='ocrx_word' id='word_1_376' title='bbox 1649 1074 1801 1114; x_wconf 79' lang='lat' dir='ltr'>Mellinus,</span> 
     </span>
     <span class='ocr_line' id='line_1_81' title="bbox 1061 1127 1802 1170; baseline 0 -11"><span class='ocrx_word' id='word_1_377' title='bbox 1061 1127 1287 1160; x_wconf 83' lang='lat' dir='ltr'>consistorialis</span> <span class='ocrx_word' id='word_1_378' title='bbox 1305 1128 1392 1160; x_wconf 89' lang='lat' dir='ltr'>aulae</span> <span class='ocrx_word' id='word_1_379' title='bbox 1406 1133 1531 1161; x_wconf 88' lang='lat' dir='ltr'>nostrae</span> <span class='ocrx_word' id='word_1_380' title='bbox 1549 1127 1727 1167; x_wconf 75' lang='lat' dir='ltr'>advocatus,</span> <span class='ocrx_word' id='word_1_381' title='bbox 1744 1137 1802 1170; x_wconf 88' lang='lat' dir='ltr'>pro</span> 
     </span>
     <span class='ocr_line' id='line_1_82' title="bbox 1062 1181 1803 1225; baseline -0.001 -12"><span class='ocrx_word' id='word_1_382' title='bbox 1062 1182 1127 1214; x_wconf 88' lang='lat' dir='ltr'>eius</span> <span class='ocrx_word' id='word_1_383' title='bbox 1148 1181 1382 1214; x_wconf 83' lang='lat' dir='ltr'>canonizatione</span> <span class='ocrx_word' id='word_1_384' title='bbox 1407 1186 1595 1225; x_wconf 82' lang='lat' dir='ltr'>perorasset,</span> <span class='ocrx_word' id='word_1_385' title='bbox 1615 1191 1651 1214; x_wconf 88' lang='lat' dir='ltr'>ac</span> <span class='ocrx_word' id='word_1_386' title='bbox 1675 1181 1803 1213; x_wconf 89' lang='lat' dir='ltr'>nomine</span> 
     </span>
     <span class='ocr_line' id='line_1_83' title="bbox 1062 1234 1802 1278; baseline -0.001 -11"><span class='ocrx_word' id='word_1_387' title='bbox 1062 1235 1240 1268; x_wconf 87' lang='lat' dir='ltr'>charissimi</span> <span class='ocrx_word' id='word_1_388' title='bbox 1266 1235 1296 1267; x_wconf 89' lang='lat' dir='ltr'>in</span> <span class='ocrx_word' id='word_1_389' title='bbox 1314 1235 1436 1268; x_wconf 87' lang='lat' dir='ltr'>Christo</span> <span class='ocrx_word' id='word_1_390' title='bbox 1461 1235 1516 1266; x_wconf 83' lang='lat' dir='ltr'>filii</span> <span class='ocrx_word' id='word_1_391' title='bbox 1539 1234 1639 1268; x_wconf 86' lang='lat' dir='ltr'>nostri</span> <span class='ocrx_word' id='word_1_392' title='bbox 1668 1234 1802 1278; x_wconf 88' lang='lat' dir='ltr'>Philippi</span> 
     </span>
     <span class='ocr_line' id='line_1_84' title="bbox 1062 1287 1803 1332; baseline -0.001 -12"><span class='ocrx_word' id='word_1_393' title='bbox 1062 1288 1284 1332; x_wconf 86' lang='lat' dir='ltr'>Hispaniarum</span> <span class='ocrx_word' id='word_1_394' title='bbox 1309 1288 1393 1330; x_wconf 81' lang='lat' dir='ltr'>regis</span> <span class='ocrx_word' id='word_1_395' title='bbox 1417 1288 1584 1329; x_wconf 88' lang='lat' dir='ltr'>catholici,</span> <span class='ocrx_word' id='word_1_396' title='bbox 1613 1292 1646 1320; x_wconf 90' lang='lat' dir='ltr'>ut</span> <span class='ocrx_word' id='word_1_397' title='bbox 1671 1287 1709 1320; x_wconf 87' lang='lat' dir='ltr'>ad</span> <span class='ocrx_word' id='word_1_398' title='bbox 1734 1297 1803 1320; x_wconf 87' lang='lat' dir='ltr'>eam</span> 
     </span>
     <span class='ocr_line' id='line_1_85' title="bbox 1063 1341 1804 1386; baseline -0.003 -11"><span class='ocrx_word' id='word_1_399' title='bbox 1063 1342 1236 1386; x_wconf 84' lang='lat' dir='ltr'>procedere</span> <span class='ocrx_word' id='word_1_400' title='bbox 1261 1342 1475 1384; x_wconf 84' lang='lat' dir='ltr'>dignaremur,</span> <span class='ocrx_word' id='word_1_401' title='bbox 1500 1341 1662 1374; x_wconf 88' lang='lat' dir='ltr'>humiliter</span> <span class='ocrx_word' id='word_1_402' title='bbox 1686 1341 1804 1385; x_wconf 89' lang='lat' dir='ltr'>suppli—</span> 
     </span>
     <span class='ocr_line' id='line_1_86' title="bbox 1064 1394 1805 1437; baseline -0.001 -9"><span class='ocrx_word' id='word_1_403' title='bbox 1064 1401 1173 1437; x_wconf 87' lang='lat' dir='ltr'>casset,</span> <span class='ocrx_word' id='word_1_404' title='bbox 1192 1406 1249 1429; x_wconf 91' lang='lat' dir='ltr'>nos</span> <span class='ocrx_word' id='word_1_405' title='bbox 1266 1395 1303 1428; x_wconf 91' lang='lat' dir='ltr'>de</span> <span class='ocrx_word' id='word_1_406' title='bbox 1321 1405 1355 1428; x_wconf 90' lang='lat' dir='ltr'>re</span> <span class='ocrx_word' id='word_1_407' title='bbox 1373 1397 1456 1429; x_wconf 77' lang='lat' dir='ltr'>tanta</span> <span class='ocrx_word' id='word_1_408' title='bbox 1483 1394 1676 1427; x_wconf 70' lang='lat' dir='ltr'>venerabiles</span> <span class='ocrx_word' id='word_1_409' title='bbox 1692 1395 1805 1427; x_wconf 86' lang='lat' dir='ltr'>fratres</span> 
     </span>
     <span class='ocr_line' id='line_1_87' title="bbox 1064 1448 1806 1492; baseline -0.003 -10"><span class='ocrx_word' id='word_1_410' title='bbox 1064 1455 1189 1482; x_wconf 89' lang='lat' dir='ltr'>nostros</span> <span class='ocrx_word' id='word_1_411' title='bbox 1213 1449 1242 1482; x_wconf 80' lang='lat' dir='ltr'>S.</span> <span class='ocrx_word' id='word_1_412' title='bbox 1270 1449 1303 1481; x_wconf 76' lang='lat' dir='ltr'>R.</span> <span class='ocrx_word' id='word_1_413' title='bbox 1329 1449 1361 1481; x_wconf 90' lang='lat' dir='ltr'>E.</span> <span class='ocrx_word' id='word_1_414' title='bbox 1388 1448 1562 1481; x_wconf 85' lang='lat' dir='ltr'>cardinales</span> <span class='ocrx_word' id='word_1_415' title='bbox 1587 1451 1616 1481; x_wconf 88' lang='lat' dir='ltr'>et</span> <span class='ocrx_word' id='word_1_416' title='bbox 1639 1448 1806 1492; x_wconf 89' lang='lat' dir='ltr'>episcopos</span> 
     </span>
     <span class='ocr_line' id='line_1_88' title="bbox 1065 1501 1806 1553; baseline -0.003 -17"><span class='ocrx_word' id='word_1_417' title='bbox 1065 1504 1096 1536; x_wconf 89' lang='lat' dir='ltr'>in</span> <span class='ocrx_word' id='word_1_418' title='bbox 1121 1503 1209 1536; x_wconf 83' lang='lat' dir='ltr'>curia</span> <span class='ocrx_word' id='word_1_419' title='bbox 1230 1507 1414 1553; x_wconf 84' lang='lat' dir='ltr'>praesentes</span> <span class='ocrx_word' id='word_1_420' title='bbox 1439 1501 1650 1535; x_wconf 89' lang='lat' dir='ltr'>consultores¹</span> <span class='ocrx_word' id='word_1_421' title='bbox 1665 1512 1732 1534; x_wconf 90' lang='lat' dir='ltr'>esse</span> <span class='ocrx_word' id='word_1_422' title='bbox 1756 1511 1806 1534; x_wconf 91' lang='lat' dir='ltr'>re-</span> 
     </span>
     <span class='ocr_line' id='line_1_89' title="bbox 1065 1555 1807 1601; baseline -0.003 -12"><span class='ocrx_word' id='word_1_423' title='bbox 1065 1556 1259 1601; x_wconf 82' lang='lat' dir='ltr'>spondimus,</span> <span class='ocrx_word' id='word_1_424' title='bbox 1273 1561 1365 1599; x_wconf 88' lang='lat' dir='ltr'>atque</span> <span class='ocrx_word' id='word_1_425' title='bbox 1383 1556 1508 1588; x_wconf 89' lang='lat' dir='ltr'>interim</span> <span class='ocrx_word' id='word_1_426' title='bbox 1527 1555 1701 1588; x_wconf 89' lang='lat' dir='ltr'>cardinales</span> <span class='ocrx_word' id='word_1_427' title='bbox 1714 1560 1807 1599; x_wconf 88' lang='lat' dir='ltr'>atque</span> 
     </span>
     <span class='ocr_line' id='line_1_90' title="bbox 1065 1608 1808 1654; baseline -0.001 -11"><span class='ocrx_word' id='word_1_428' title='bbox 1065 1611 1230 1654; x_wconf 87' lang='lat' dir='ltr'>episcopos</span> <span class='ocrx_word' id='word_1_429' title='bbox 1250 1613 1430 1653; x_wconf 87' lang='lat' dir='ltr'>praesentes</span> <span class='ocrx_word' id='word_1_430' title='bbox 1448 1609 1650 1642; x_wconf 80' lang='lat' dir='ltr'>vehementer</span> <span class='ocrx_word' id='word_1_431' title='bbox 1667 1609 1699 1641; x_wconf 89' lang='lat' dir='ltr'>in</span> <span class='ocrx_word' id='word_1_432' title='bbox 1716 1608 1808 1642; x_wconf 86' lang='lat' dir='ltr'>visce-</span> 
     </span>
     <span class='ocr_line' id='line_1_91' title="bbox 1067 1662 1808 1701; baseline -0.004 -4"><span class='ocrx_word' id='word_1_433' title='bbox 1067 1665 1155 1697; x_wconf 88' lang='lat' dir='ltr'>ribus</span> <span class='ocrx_word' id='word_1_434' title='bbox 1179 1663 1293 1697; x_wconf 88' lang='lat' dir='ltr'>Christi</span> <span class='ocrx_word' id='word_1_435' title='bbox 1319 1663 1435 1696; x_wconf 88' lang='lat' dir='ltr'>hortati</span> <span class='ocrx_word' id='word_1_436' title='bbox 1460 1673 1579 1701; x_wconf 81' lang='lat' dir='ltr'>sumus,</span> <span class='ocrx_word' id='word_1_437' title='bbox 1603 1668 1638 1695; x_wconf 90' lang='lat' dir='ltr'>ut</span> <span class='ocrx_word' id='word_1_438' title='bbox 1662 1662 1808 1695; x_wconf 87' lang='lat' dir='ltr'>orationi-</span> 
     </span>
     <span class='ocr_line' id='line_1_92' title="bbox 1066 1716 1808 1760; baseline -0.004 -9"><span class='ocrx_word' id='word_1_439' title='bbox 1066 1719 1124 1751; x_wconf 87' lang='lat' dir='ltr'>bus</span> <span class='ocrx_word' id='word_1_440' title='bbox 1149 1718 1320 1757; x_wconf 86' lang='lat' dir='ltr'>instantes,</span> <span class='ocrx_word' id='word_1_441' title='bbox 1345 1717 1376 1749; x_wconf 90' lang='lat' dir='ltr'>in</span> <span class='ocrx_word' id='word_1_442' title='bbox 1401 1717 1525 1750; x_wconf 90' lang='lat' dir='ltr'>ieiuniis</span> <span class='ocrx_word' id='word_1_443' title='bbox 1549 1721 1577 1749; x_wconf 89' lang='lat' dir='ltr'>et</span> <span class='ocrx_word' id='word_1_444' title='bbox 1603 1716 1808 1760; x_wconf 50' lang='lat' dir='ltr'>eleemosynis</span> 
     </span>
     <span class='ocr_line' id='line_1_93' title="bbox 1067 1769 1810 1804; baseline -0.003 0"><span class='ocrx_word' id='word_1_445' title='bbox 1067 1772 1187 1804; x_wconf 83' lang='lat' dir='ltr'>animas</span> <span class='ocrx_word' id='word_1_446' title='bbox 1212 1782 1283 1804; x_wconf 86' lang='lat' dir='ltr'>suas</span> <span class='ocrx_word' id='word_1_447' title='bbox 1307 1781 1412 1804; x_wconf 85' lang='lat' dir='ltr'>coram</span> <span class='ocrx_word' id='word_1_448' title='bbox 1438 1771 1502 1803; x_wconf 90' lang='lat' dir='ltr'>Deo</span> <span class='ocrx_word' id='word_1_449' title='bbox 1526 1770 1690 1803; x_wconf 86' lang='lat' dir='ltr'>nobiscum</span> <span class='ocrx_word' id='word_1_450' title='bbox 1710 1769 1810 1802; x_wconf 88' lang='lat' dir='ltr'>humi-</span> 
     </span>
     <span class='ocr_line' id='line_1_94' title="bbox 1068 1823 1810 1869; baseline -0.004 -11"><span class='ocrx_word' id='word_1_451' title='bbox 1068 1827 1188 1866; x_wconf 87' lang='lat' dir='ltr'>liantes,</span> <span class='ocrx_word' id='word_1_452' title='bbox 1208 1823 1336 1869; x_wconf 75' lang='lat' dir='ltr'>preces²</span> <span class='ocrx_word' id='word_1_453' title='bbox 1352 1835 1369 1857; x_wconf 86' lang='lat' dir='ltr'>a</span> <span class='ocrx_word' id='word_1_454' title='bbox 1384 1824 1447 1857; x_wconf 92' lang='lat' dir='ltr'>Deo</span> <span class='ocrx_word' id='word_1_455' title='bbox 1473 1825 1563 1857; x_wconf 89' lang='lat' dir='ltr'>Patre</span> <span class='ocrx_word' id='word_1_456' title='bbox 1587 1823 1743 1856; x_wconf 89' lang='lat' dir='ltr'>luminum</span> <span class='ocrx_word' id='word_1_457' title='bbox 1761 1834 1810 1856; x_wconf 79' lang='lat' dir='ltr'>ex-</span> 
     </span>
     <span class='ocr_line' id='line_1_95' title="bbox 1068 1877 1808 1923; baseline -0.004 -11"><span class='ocrx_word' id='word_1_458' title='bbox 1068 1883 1258 1923; x_wconf 84' lang='lat' dir='ltr'>poscerent,</span> <span class='ocrx_word' id='word_1_459' title='bbox 1286 1883 1319 1910; x_wconf 92' lang='lat' dir='ltr'>ut</span> <span class='ocrx_word' id='word_1_460' title='bbox 1344 1888 1379 1910; x_wconf 84' lang='lat' dir='ltr'>ex</span> <span class='ocrx_word' id='word_1_461' title='bbox 1405 1878 1467 1910; x_wconf 89' lang='lat' dir='ltr'>alto</span> <span class='ocrx_word' id='word_1_462' title='bbox 1499 1888 1594 1921; x_wconf 90' lang='lat' dir='ltr'>super</span> <span class='ocrx_word' id='word_1_463' title='bbox 1624 1887 1681 1910; x_wconf 90' lang='lat' dir='ltr'>nos</span> <span class='ocrx_word' id='word_1_464' title='bbox 1705 1877 1808 1910; x_wconf 90' lang='lat' dir='ltr'>lucem</span> 
     </span>
     <span class='ocr_line' id='line_1_96' title="bbox 1068 1930 1808 1974; baseline -0.003 -9"><span class='ocrx_word' id='word_1_465' title='bbox 1068 1942 1154 1965; x_wconf 81' lang='lat' dir='ltr'>suam</span> <span class='ocrx_word' id='word_1_466' title='bbox 1181 1937 1211 1964; x_wconf 88' lang='lat' dir='ltr'>et</span> <span class='ocrx_word' id='word_1_467' title='bbox 1234 1930 1397 1963; x_wconf 67' lang='lat' dir='ltr'>veritatem</span> <span class='ocrx_word' id='word_1_468' title='bbox 1423 1941 1510 1963; x_wconf 88' lang='lat' dir='ltr'>suam</span> <span class='ocrx_word' id='word_1_469' title='bbox 1536 1930 1703 1969; x_wconf 87' lang='lat' dir='ltr'>emitteret,</span> <span class='ocrx_word' id='word_1_470' title='bbox 1728 1941 1808 1974; x_wconf 87' lang='lat' dir='ltr'>quae</span> 
     </span>
     <span class='ocr_line' id='line_1_97' title="bbox 1068 1984 1809 2028; baseline -0.001 -10"><span class='ocrx_word' id='word_1_471' title='bbox 1068 1996 1124 2018; x_wconf 89' lang='lat' dir='ltr'>nos</span> <span class='ocrx_word' id='word_1_472' title='bbox 1148 1985 1186 2018; x_wconf 92' lang='lat' dir='ltr'>ad</span> <span class='ocrx_word' id='word_1_473' title='bbox 1213 1986 1403 2018; x_wconf 71' lang='lat' dir='ltr'>voluntatem</span> <span class='ocrx_word' id='word_1_474' title='bbox 1429 1988 1458 2018; x_wconf 91' lang='lat' dir='ltr'>et</span> <span class='ocrx_word' id='word_1_475' title='bbox 1482 1984 1717 2028; x_wconf 87' lang='lat' dir='ltr'>beneplacitum</span> <span class='ocrx_word' id='word_1_476' title='bbox 1742 1984 1809 2017; x_wconf 88' lang='lat' dir='ltr'>eius</span> 
     </span>
     <span class='ocr_line' id='line_1_98' title="bbox 1069 2038 1808 2083; baseline -0.004 -10"><span class='ocrx_word' id='word_1_477' title='bbox 1069 2039 1323 2083; x_wconf 87' lang='lat' dir='ltr'>cognoscendum</span> <span class='ocrx_word' id='word_1_478' title='bbox 1341 2044 1369 2072; x_wconf 89' lang='lat' dir='ltr'>et</span> <span class='ocrx_word' id='word_1_479' title='bbox 1386 2038 1612 2083; x_wconf 85' lang='lat' dir='ltr'>perficiendum</span> <span class='ocrx_word' id='word_1_480' title='bbox 1631 2038 1808 2071; x_wconf 86' lang='lat' dir='ltr'>deduceret.</span> 
     </span>
     <span class='ocr_line' id='line_1_99' title="bbox 1070 2092 1810 2136; baseline -0.001 -11"><span class='ocrx_word' id='word_1_481' title='bbox 1070 2093 1175 2136; x_wconf 87' lang='lat' dir='ltr'>ltaque</span> <span class='ocrx_word' id='word_1_482' title='bbox 1193 2103 1263 2125; x_wconf 88' lang='lat' dir='ltr'>cum</span> <span class='ocrx_word' id='word_1_483' title='bbox 1281 2093 1488 2136; x_wconf 88' lang='lat' dir='ltr'>semipublico</span> <span class='ocrx_word' id='word_1_484' title='bbox 1512 2092 1708 2132; x_wconf 83' lang='lat' dir='ltr'>consistorio,</span> <span class='ocrx_word' id='word_1_485' title='bbox 1726 2092 1810 2136; x_wconf 90' lang='lat' dir='ltr'>quod</span> 
     </span>
     <span class='ocr_line' id='line_1_100' title="bbox 1069 2145 1810 2190; baseline -0.004 -10"><span class='ocrx_word' id='word_1_486' title='bbox 1069 2152 1297 2190; x_wconf 83' lang='lat' dir='ltr'>consequenter</span> <span class='ocrx_word' id='word_1_487' title='bbox 1321 2146 1516 2179; x_wconf 88' lang='lat' dir='ltr'>celebratum</span> <span class='ocrx_word' id='word_1_488' title='bbox 1537 2151 1592 2185; x_wconf 89' lang='lat' dir='ltr'>est,</span> <span class='ocrx_word' id='word_1_489' title='bbox 1611 2145 1728 2178; x_wconf 74' lang='lat' dir='ltr'>vocatis</span> <span class='ocrx_word' id='word_1_490' title='bbox 1747 2155 1810 2178; x_wconf 89' lang='lat' dir='ltr'>non</span> 
     </span>
     <span class='ocr_line' id='line_1_101' title="bbox 1070 2199 1809 2243; baseline -0.003 -10"><span class='ocrx_word' id='word_1_491' title='bbox 1070 2201 1164 2233; x_wconf 90' lang='lat' dir='ltr'>modo</span> <span class='ocrx_word' id='word_1_492' title='bbox 1190 2200 1424 2240; x_wconf 86' lang='lat' dir='ltr'>cardinalibus,</span> <span class='ocrx_word' id='word_1_493' title='bbox 1450 2200 1501 2232; x_wconf 85' lang='lat' dir='ltr'>sed</span> <span class='ocrx_word' id='word_1_494' title='bbox 1526 2199 1734 2243; x_wconf 85' lang='lat' dir='ltr'>patriarchis,</span> <span class='ocrx_word' id='word_1_495' title='bbox 1760 2209 1809 2231; x_wconf 86' lang='lat' dir='ltr'>ar-</span> 
     </span>
     <span class='ocr_line' id='line_1_102' title="bbox 1070 2253 1809 2298; baseline -0.004 -11"><span class='ocrx_word' id='word_1_496' title='bbox 1070 2254 1279 2297; x_wconf 87' lang='lat' dir='ltr'>chiepiscopis</span> <span class='ocrx_word' id='word_1_497' title='bbox 1305 2257 1334 2287; x_wconf 88' lang='lat' dir='ltr'>et</span> <span class='ocrx_word' id='word_1_498' title='bbox 1358 2253 1515 2298; x_wconf 86' lang='lat' dir='ltr'>episcopis</span> <span class='ocrx_word' id='word_1_499' title='bbox 1539 2253 1570 2285; x_wconf 91' lang='lat' dir='ltr'>in</span> <span class='ocrx_word' id='word_1_500' title='bbox 1587 2253 1676 2286; x_wconf 78' lang='lat' dir='ltr'>curia</span> <span class='ocrx_word' id='word_1_501' title='bbox 1700 2254 1809 2286; x_wconf 77' lang='lat' dir='ltr'>nostra</span> 
     </span>
     <span class='ocr_line' id='line_1_103' title="bbox 1070 2305 1811 2350; baseline -0.003 -11"><span class='ocrx_word' id='word_1_502' title='bbox 1070 2307 1296 2346; x_wconf 81' lang='lat' dir='ltr'>existentibus,</span> <span class='ocrx_word' id='word_1_503' title='bbox 1322 2306 1541 2350; x_wconf 87' lang='lat' dir='ltr'>praesentibus</span> <span class='ocrx_word' id='word_1_504' title='bbox 1571 2305 1664 2338; x_wconf 87' lang='lat' dir='ltr'>etiam</span> <span class='ocrx_word' id='word_1_505' title='bbox 1694 2305 1811 2338; x_wconf 87' lang='lat' dir='ltr'>nostris</span> 
     </span>
    </p>
   </div>
   <div class='ocr_carea' id='block_1_15' title="bbox 1053 2350 1811 2403">
    <p class='ocr_par' dir='ltr' id='par_1_21' title="bbox 1053 2350 1811 2403">
     <span class='ocr_line' id='line_1_104' title="bbox 1053 2350 1811 2403; baseline -0.004 -10"><span class='ocrx_word' id='word_1_506' title='bbox 1053 2350 1055 2388; x_wconf 64' lang='grc' dir='ltr'>ἶ</span> <span class='ocrx_word' id='word_1_507' title='bbox 1070 2371 1105 2393; x_wconf 89' lang='lat' dir='ltr'>ac</span> <span class='ocrx_word' id='word_1_508' title='bbox 1130 2361 1217 2393; x_wconf 84' lang='lat' dir='ltr'>Sedis</span> <span class='ocrx_word' id='word_1_509' title='bbox 1233 2360 1430 2403; x_wconf 83' lang='lat' dir='ltr'>Apostolicae</span> <span class='ocrx_word' id='word_1_510' title='bbox 1455 2359 1594 2397; x_wconf 88' lang='lat' dir='ltr'>notariis,</span> <span class='ocrx_word' id='word_1_511' title='bbox 1612 2369 1647 2391; x_wconf 87' lang='lat' dir='ltr'>ac</span> <span class='ocrx_word' id='word_1_512' title='bbox 1665 2359 1744 2391; x_wconf 87' lang='lat' dir='ltr'>sacri</span> <span class='ocrx_word' id='word_1_513' title='bbox 1760 2369 1811 2403; x_wconf 89' lang='lat' dir='ltr'>pa—</span> 
     </span>
    </p>
   </div>
   <div class='ocr_carea' id='block_1_16' title="bbox 1070 2412 1812 2617">
    <p class='ocr_par' dir='ltr' id='par_1_22' title="bbox 1070 2412 1812 2617">
     <span class='ocr_line' id='line_1_105' title="bbox 1070 2412 1811 2458; baseline -0.003 -11"><span class='ocrx_word' id='word_1_514' title='bbox 1070 2414 1134 2447; x_wconf 86' lang='lat' dir='ltr'>latii</span> <span class='ocrx_word' id='word_1_515' title='bbox 1159 2414 1322 2458; x_wconf 87' lang='lat' dir='ltr'>apostolici</span> <span class='ocrx_word' id='word_1_516' title='bbox 1337 2424 1501 2446; x_wconf 87' lang='lat' dir='ltr'>causarum</span> <span class='ocrx_word' id='word_1_517' title='bbox 1516 2412 1721 2453; x_wconf 86' lang='lat' dir='ltr'>auditoribus,</span> <span class='ocrx_word' id='word_1_518' title='bbox 1739 2424 1811 2446; x_wconf 86' lang='lat' dir='ltr'>cum</span> 
     </span>
     <span class='ocr_line' id='line_1_106' title="bbox 1070 2466 1812 2511; baseline -0.003 -11"><span class='ocrx_word' id='word_1_519' title='bbox 1070 2468 1162 2511; x_wconf 88' lang='lat' dir='ltr'>plura</span> <span class='ocrx_word' id='word_1_520' title='bbox 1186 2478 1203 2500; x_wconf 90' lang='lat' dir='ltr'>a</span> <span class='ocrx_word' id='word_1_521' title='bbox 1227 2468 1317 2500; x_wconf 85' lang='lat' dir='ltr'>nobis</span> <span class='ocrx_word' id='word_1_522' title='bbox 1337 2467 1375 2499; x_wconf 89' lang='lat' dir='ltr'>de</span> <span class='ocrx_word' id='word_1_523' title='bbox 1395 2466 1508 2500; x_wconf 79' lang='lat' dir='ltr'>eximia</span> <span class='ocrx_word' id='word_1_524' title='bbox 1534 2466 1695 2499; x_wconf 86' lang='lat' dir='ltr'>sanctitate</span> <span class='ocrx_word' id='word_1_525' title='bbox 1719 2466 1812 2499; x_wconf 89' lang='lat' dir='ltr'>ancil-</span> 
     </span>
     <span class='ocr_line' id='line_1_107' title="bbox 1071 2520 1812 2563; baseline -0.001 -10"><span class='ocrx_word' id='word_1_526' title='bbox 1071 2522 1117 2554; x_wconf 88' lang='lat' dir='ltr'>lae</span> <span class='ocrx_word' id='word_1_527' title='bbox 1152 2521 1228 2561; x_wconf 90' lang='lat' dir='ltr'>Dei,</span> <span class='ocrx_word' id='word_1_528' title='bbox 1258 2531 1293 2554; x_wconf 86' lang='lat' dir='ltr'>ac</span> <span class='ocrx_word' id='word_1_529' title='bbox 1326 2521 1551 2553; x_wconf 85' lang='lat' dir='ltr'>miraculorum</span> <span class='ocrx_word' id='word_1_530' title='bbox 1583 2520 1758 2563; x_wconf 76' lang='lat' dir='ltr'>frequentia</span> <span class='ocrx_word' id='word_1_531' title='bbox 1781 2525 1812 2553; x_wconf 88' lang='lat' dir='ltr'>et</span> 
     </span>
     <span class='ocr_line' id='line_1_108' title="bbox 1071 2574 1810 2617; baseline -0.003 -10"><span class='ocrx_word' id='word_1_532' title='bbox 1071 2574 1263 2614; x_wconf 85' lang='lat' dir='ltr'>celebritate,</span> <span class='ocrx_word' id='word_1_533' title='bbox 1290 2574 1544 2617; x_wconf 90' lang='lat' dir='ltr'>populorumque</span> <span class='ocrx_word' id='word_1_534' title='bbox 1569 2583 1644 2616; x_wconf 86' lang='lat' dir='ltr'>erga</span> <span class='ocrx_word' id='word_1_535' title='bbox 1662 2583 1729 2605; x_wconf 87' lang='lat' dir='ltr'>eam</span> <span class='ocrx_word' id='word_1_536' title='bbox 1754 2583 1810 2617; x_wconf 91' lang='lat' dir='ltr'>per</span> 
     </span>
    </p>
   </div>
   <div class='ocr_carea' id='block_1_17' title="bbox 1103 2643 1750 2726">
    <p class='ocr_par' dir='ltr' id='par_1_23' title="bbox 1103 2643 1750 2726">
     <span class='ocr_line' id='line_1_109' title="bbox 1105 2643 1750 2679; baseline -0.003 -7"><span class='ocrx_word' id='word_1_537' title='bbox 1105 2648 1115 2672; x_wconf 94' lang='grc'>1</span> <span class='ocrx_word' id='word_1_538' title='bbox 1135 2645 1280 2672; x_wconf 78' lang='lat' dir='ltr'>Videretur</span> <span class='ocrx_word' id='word_1_539' title='bbox 1295 2644 1436 2679; x_wconf 83' lang='lat' dir='ltr'>legendum</span> <span class='ocrx_word' id='word_1_540' title='bbox 1452 2645 1629 2671; x_wconf 77' lang='lat' dir='ltr'>consulturos</span> <span class='ocrx_word' id='word_1_541' title='bbox 1645 2644 1682 2679; x_wconf 76' lang='lat' dir='ltr'>(n.</span> <span class='ocrx_word' id='word_1_542' title='bbox 1701 2643 1750 2679; x_wconf 79' lang='grc' dir='ltr'>Τ.).</span> 
     </span>
     <span class='ocr_line' id='line_1_110' title="bbox 1103 2690 1601 2726; baseline -0.006 -7"><span class='ocrx_word' id='word_1_543' title='bbox 1103 2691 1120 2718; x_wconf 81' lang='grc'>2</span> <span class='ocrx_word' id='word_1_544' title='bbox 1137 2691 1227 2719; x_wconf 85' lang='lat' dir='ltr'>Potius</span> <span class='ocrx_word' id='word_1_545' title='bbox 1242 2690 1384 2726; x_wconf 81' lang='lat' dir='ltr'>legendum</span> <span class='ocrx_word' id='word_1_546' title='bbox 1397 2698 1482 2726; x_wconf 86' lang='lat' dir='ltr'>prece</span> <span class='ocrx_word' id='word_1_547' title='bbox 1499 2694 1534 2723; x_wconf 75' lang='lat' dir='ltr'>(a.</span> <span class='ocrx_word' id='word_1_548' title='bbox 1551 2691 1601 2725; x_wconf 85' lang='lat' dir='ltr'>T.).</span> 
     </span>
    </p>
   </div>
   <div class='ocr_carea' id='block_1_18' title="bbox 1697 267 1992 302">
    <p class='ocr_par' dir='ltr' id='par_1_24' title="bbox 1697 267 1992 302">
     <span class='ocr_line' id='line_1_111' title="bbox 1697 267 1992 302; baseline 0.003 -1"><span class='ocrx_word' id='word_1_549' title='bbox 1697 267 1762 301; x_wconf 81' lang='lat'>679</span> <span class='ocrx_word' id='word_1_550' title='bbox 1807 276 1858 302; x_wconf 77' lang='lat' dir='ltr'>An.</span> <span class='ocrx_word' id='word_1_551' title='bbox 1875 275 1902 302; x_wconf 86' lang='lat' dir='ltr'>C.</span> <span class='ocrx_word' id='word_1_552' title='bbox 1925 274 1992 302; x_wconf 69' lang='lat'>1622</span> 
     </span>
    </p>
   </div>
   <div class='ocr_carea' id='block_1_19' title="bbox 1817 1032 2004 1399">
    <p class='ocr_par' dir='ltr' id='par_1_25' title="bbox 1817 1032 2004 1399">
     <span class='ocr_line' id='line_1_112' title="bbox 1839 1032 1999 1058; baseline 0 -6"><span class='ocrx_word' id='word_1_553' title='bbox 1839 1032 1864 1052; x_wconf 73' lang='lat' dir='ltr'>Et</span> <span class='ocrx_word' id='word_1_554' title='bbox 1879 1032 1898 1052; x_wconf 88' lang='lat' dir='ltr'>in</span> <span class='ocrx_word' id='word_1_555' title='bbox 1914 1032 1999 1058; x_wconf 79' lang='lat' dir='ltr'>publico</span> 
     </span>
     <span class='ocr_line' id='line_1_113' title="bbox 1817 1059 2002 1080; baseline 0 -1"><span class='ocrx_word' id='word_1_556' title='bbox 1817 1059 2002 1080; x_wconf 58' lang='lat' dir='ltr'>conzieioriumut-</span> 
     </span>
     <span class='ocr_line' id='line_1_114' title="bbox 1818 1086 2001 1106; baseline 0.005 -2"><span class='ocrx_word' id='word_1_557' title='bbox 1818 1089 1843 1104; x_wconf 75' lang='lat' dir='ltr'>tis</span> <span class='ocrx_word' id='word_1_558' title='bbox 1859 1086 1891 1106; x_wconf 78' lang='lat' dir='ltr'>bic</span> <span class='ocrx_word' id='word_1_559' title='bbox 1903 1086 2001 1106; x_wconf 78' lang='lat' dir='ltr'>enuncia-</span> 
     </span>
     <span class='ocr_line' id='line_1_115' title="bbox 1818 1113 2001 1132; baseline 0.005 -1"><span class='ocrx_word' id='word_1_560' title='bbox 1818 1113 1869 1132; x_wconf 79' lang='lat' dir='ltr'>tisri</span> <span class='ocrx_word' id='word_1_561' title='bbox 1882 1118 1892 1131; x_wconf 73' lang='lat' dir='ltr'>e</span> <span class='ocrx_word' id='word_1_562' title='bbox 1909 1115 1927 1132; x_wconf 86' lang='lat' dir='ltr'>et</span> <span class='ocrx_word' id='word_1_563' title='bbox 1945 1115 2001 1132; x_wconf 76' lang='lat' dir='ltr'>recte</span> 
     </span>
     <span class='ocr_line' id='line_1_116' title="bbox 1817 1139 2002 1164; baseline 0 -5"><span class='ocrx_word' id='word_1_564' title='bbox 1817 1139 1935 1164; x_wconf 77' lang='lat' dir='ltr'>completis.</span> <span class='ocrx_word' id='word_1_565' title='bbox 1948 1139 2002 1159; x_wconf 85' lang='lat' dir='ltr'>The-</span> 
     </span>
     <span class='ocr_line' id='line_1_117' title="bbox 1819 1167 2001 1185; baseline -0.005 0"><span class='ocrx_word' id='word_1_566' title='bbox 1819 1171 1893 1185; x_wconf 69' lang='lat' dir='ltr'>resmm</span> <span class='ocrx_word' id='word_1_567' title='bbox 1909 1167 2001 1185; x_wconf 76' lang='lat' dir='ltr'>sanctam</span> 
     </span>
     <span class='ocr_line' id='line_1_118' title="bbox 1819 1192 2002 1213; baseline 0.005 -2"><span class='ocrx_word' id='word_1_568' title='bbox 1819 1192 1971 1213; x_wconf 58' lang='lat' dir='ltr'>essedefimvth</span> <span class='ocrx_word' id='word_1_569' title='bbox 1982 1194 2002 1212; x_wconf 77' lang='lat' dir='ltr'>et</span> 
     </span>
     <span class='ocr_line' id='line_1_119' title="bbox 1819 1222 2002 1239; baseline 0 -2"><span class='ocrx_word' id='word_1_570' title='bbox 1819 1222 1938 1239; x_wconf 70' lang='lat' dir='ltr'>sanctarum</span> <span class='ocrx_word' id='word_1_571' title='bbox 1963 1224 2002 1238; x_wconf 75' lang='lat' dir='ltr'>vir-</span> 
     </span>
     <span class='ocr_line' id='line_1_120' title="bbox 1820 1245 2002 1268; baseline -0.005 -4"><span class='ocrx_word' id='word_1_572' title='bbox 1820 1252 1889 1268; x_wconf 67' lang='lat' dir='ltr'>einum</span> <span class='ocrx_word' id='word_1_573' title='bbox 1909 1245 2002 1265; x_wconf 54' lang='lat' dir='ltr'>cathalo-</span> 
     </span>
     <span class='ocr_line' id='line_1_121' title="bbox 1820 1272 2003 1297; baseline 0.005 -7"><span class='ocrx_word' id='word_1_574' title='bbox 1820 1278 1844 1294; x_wconf 63' lang='grc' dir='ltr'>ευ</span> <span class='ocrx_word' id='word_1_575' title='bbox 1854 1272 1974 1297; x_wconf 70' lang='lat' dir='ltr'>adscripsit,</span> <span class='ocrx_word' id='word_1_576' title='bbox 1983 1278 2003 1291; x_wconf 77' lang='lat' dir='ltr'>e-</span> 
     </span>
     <span class='ocr_line' id='line_1_122' title="bbox 1820 1298 2003 1325; baseline -0.005 -6"><span class='ocrx_word' id='word_1_577' title='bbox 1820 1299 1895 1325; x_wconf 74' lang='lat' dir='ltr'>iusque</span> <span class='ocrx_word' id='word_1_578' title='bbox 1929 1298 2003 1318; x_wconf 77' lang='lat' dir='ltr'>testum</span> 
     </span>
     <span class='ocr_line' id='line_1_123' title="bbox 1820 1325 2004 1346; baseline 0 -2"><span class='ocrx_word' id='word_1_579' title='bbox 1820 1326 1853 1346; x_wconf 67' lang='lat' dir='ltr'>:lie</span> <span class='ocrx_word' id='word_1_580' title='bbox 1877 1331 1887 1344; x_wconf 73' lang='lat' dir='ltr'>r</span> <span class='ocrx_word' id='word_1_581' title='bbox 1911 1325 2004 1345; x_wconf 73' lang='lat' dir='ltr'>octubris</span> 
     </span>
     <span class='ocr_line' id='line_1_124' title="bbox 1820 1352 2004 1378; baseline -0.005 -6"><span class='ocrx_word' id='word_1_582' title='bbox 1820 1352 1932 1378; x_wconf 71' lang='lat' dir='ltr'>quotannis</span> <span class='ocrx_word' id='word_1_583' title='bbox 1950 1352 2004 1371; x_wconf 83' lang='lat' dir='ltr'>cele-</span> 
     </span>
     <span class='ocr_line' id='line_1_125' title="bbox 1820 1378 1994 1399; baseline -0.011 0"><span class='ocrx_word' id='word_1_584' title='bbox 1820 1379 1878 1399; x_wconf 78' lang='lat' dir='ltr'>brari</span> <span class='ocrx_word' id='word_1_585' title='bbox 1893 1378 1994 1399; x_wconf 73' lang='lat' dir='ltr'>decrerit.</span> 
     </span>
    </p>
   </div>
  </div>
 </body>
</html>
