2293 3231
317 288 364 314 An.
375 286 403 314 C.
426 286 494 314 ¹523

363 349 441 374 sicque
459 354 496 375 per

340 381 418 396 *Meum*
428 382 453 396 ut}
465 382 495 395 lu·

326 408 370 421 nez-s
431 402 494 422 eximii

312 429 390 449 daber·
403 430 495 449 mandat.

337 827 447 848 obstantia
462 832 492 847 ro·

311 857 386 875 mont.

339 1466 492 1492 oneratumque

310 1493 399 1518 poenal·
430 1498 492 1519 super

310 1519 376 1539 addit.

555 335 569 378 ξ
594 334 644 367 15.
670 333 780 377 Sicque
802 342 860 376 per
877 341 1093 376 quoscumque
1119 330 1249 371 iudices,

510 388 603 421 etiam
624 397 788 419 causarum
813 385 917 429 palatii
943 385 1107 429 apostolici
1132 384 1251 418 audito-

510 451 569 479 res,
595 450 629 472 ac
654 440 682 471 S.
709 439 742 471 R.
769 438 799 471 Ε.
827 437 1011 478 cardinales,
1037 442 1065 470 et
1092 437 1186 470 etiam
1210 437 1248 470 de

510 494 604 526 latere
629 493 764 534 legatos,
789 496 819 524 et
850 491 1059 534 vicelegatos,
1085 490 1248 534 dictaeque

509 546 595 580 Sedis
619 545 749 577 nuncios
774 544 904 577 iudicari
922 549 951 577 et
975 544 1099 577 definiri
1115 543 1247 583 debere,

509 599 632 632 irritum
659 608 783 641 quoque
808 603 837 630 et
862 597 952 630 inane
979 597 1128 641 quicquid
1158 607 1248 631 secus

508 663 604 696 super
624 651 672 684 bis
695 662 712 683 a
736 661 905 694 quoquam,
925 650 1034 695 quavis
1051 651 1246 692 auctoritate,

508 706 642 738 scienter
667 705 713 738 vel
738 704 935 747 ignoranter,
960 703 1128 747 contigerit
1151 708 1249 738 atten-

509 759 575 791 tari.

551 812 566 855 g
592 810 642 844 216.
667 811 736 844 Non
760 810 957 844 obstantibus
987 810 1187 854 praemissis,
1211 821 1248 844 ac

509 863 724 898 Lateranensis
752 863 875 897 concilii
907 863 1076 897 novissime
1096 864 1247 897 celebrati

508 917 638 950 uniones
662 920 840 961 perpetuas,
853 916 913 950 nisi
938 916 969 949 in
989 916 1114 950 casibus
1138 927 1155 949 a
1179 917 1247 950 iure

507 970 698 1014 praemissis,
708 970 775 1003 lieri
785 969 1000 1014 prohibendis,
1010 980 1045 1003 ac
1055 970 1246 1015 apostolicis,

508 1034 627 1058 necnon
641 1024 670 1056 in
684 1023 940 1068 provincialibus,
958 1022 1170 1068 synodalibus,
1182 1024 1248 1057 uni—

506 1078 740 1121 ver-salibusque
765 1077 905 1111 conciliis
929 1077 1033 1118 editis,
1058 1078 1247 1121 specialibus

506 1132 554 1164 vel
579 1131 778 1175 generalibus
808 1130 1083 1165 constitutionibus
1107 1137 1137 1164 et
1161 1131 1246 1165 ordi-

505 1184 682 1218 nationibus
707 1184 898 1228 apostolicis,
923 1195 969 1225 ac,
989 1190 1143 1229 quatenus
1167 1196 1247 1230 opus

507 1239 555 1279 sit,
571 1238 662 1271 [rbis
679 1243 709 1271 et
721 1238 989 1272 Consi-aternitatis
1011 1239 1246 1283 praedictarum

508 1293 708 1335 (iuramento,
728 1292 966 1327 confirmatione
991 1293 1173 1337 apostolica,
1198 1294 1246 1327 vel

507 1347 615 1391 quavis
639 1347 786 1380 firmitate
805 1347 865 1380 alia
886 1347 1056 1392 roboratis)
1070 1348 1193 1382 statutis
1217 1354 1247 1381 et

508 1401 785 1435 consuetudinibus
802 1401 968 1434 contrariis
984 1402 1245 1446 quibuscumque.

552 1455 567 1498 ξ
591 1454 641 1487 217.
667 1455 748 1488 Nulli
765 1465 841 1498 ergo
865 1455 994 1489 omnino
1018 1455 1184 1489 hominum
1208 1456 1246 1489 li-

508 1512 575 1541 ceat
599 1507 678 1540 hanc
702 1507 848 1551 paginam
872 1514 998 1541 nostrae
1022 1508 1246 1550 abdicationis,

507 1561 721 1606 separationis,
745 1561 1049 1604 dismembrafionis,
1074 1563 1247 1597 translatio-

507 1615 564 1656 nis,
589 1616 811 1660 suspensionis,
836 1617 1042 1659 extinctionis,
1068 1617 1245 1651 concessio-

507 1670 564 1710 nis,
582 1670 810 1713 assignationis,
835 1671 1011 1712 erectionis,
1032 1671 1246 1712 institutionis,

507 1723 745 1768 applicationis,
778 1725 1037 1768 approbationis,
1068 1730 1099 1758 et
1127 1725 1246 1759 decreti

508 1777 688 1820 infringere,
701 1778 749 1810 vel
763 1778 790 1811 ei
805 1789 882 1811 ausu
895 1778 1064 1812 temerario
1078 1780 1244 1812 contraire.

507 1830 537 1863 Si
551 1831 621 1874 quis
636 1836 738 1864 autem
752 1832 812 1865 hoc
824 1838 975 1866 attentare
988 1833 1245 1877 praesumpserit,

508 1883 753 1927 indignationem
770 1885 994 1930 omnipotentis
1010 1886 1065 1919 Dei
1084 1897 1120 1919 ac
1143 1886 1247 1920 beato-

508 1947 577 1969 rum
606 1937 688 1970 Petri
720 1941 749 1972 et
773 1939 858 1971 Pauli
883 1939 1099 1983 apostolorum
1123 1940 1190 1973 eius
1213 1950 1246 1973 se

508 1996 629 2023 noverit
646 2001 857 2024 incursurum.

551 2043 661 2077 Datum
686 2045 817 2085 Romae,
842 2045 924 2089 apud
941 2051 1083 2080 sanctum
1107 2046 1246 2088 Petrum,

509 2107 589 2130 anno
619 2097 842 2132 incarnationis
871 2099 1051 2133 Dominicae
1079 2110 1245 2142 uncxxni,

508 2150 630 2184 decimo
648 2151 737 2185 tertio
756 2152 902 2186 kalendas
916 2153 1034 2197 aprilis,
1047 2154 1246 2198 pontificatus

508 2204 607 2238 nostri
624 2215 704 2238 anno
722 2215 764 2239 111.

545 2266 602 2294 Dat.
618 2268 660 2295 die
675 2268 709 2295 ΞΟ
724 2268 812 2296 martii
825 2269 903 2302 1623,
919 2270 1011 2305 pontif.
1028 2278 1073 2298 an.
1090 2277 1127 2298 ni.

844 2433 914 2467 cvl.

512 2520 754 2555 Iuri'sdictiones
767 2526 795 2555 et
811 2523 982 2565 facultates
1002 2524 1164 2568 Scipionis
1177 2536 1247 2560 car-

554 2573 677 2605 dinalis
691 2575 876 2617 Buryhesii,
887 2576 1159 2621 aliorumquepro
1174 2582 1247 2611 lem-

552 2636 628 2668 pore
647 2627 868 2661 cardinalium
886 2634 1113 2672 protectorum,
1131 2631 1242 2675 hospi-

1087 282 1267 308 nummum
1290 281 1445 308 nomm

2040 280 2092 310 An.
2104 280 2133 310 C.
2152 280 2224 312 ¹028

1329 340 1445 364 causas
1459 329 1680 374 cognoscendi,
1696 340 1820 366 necnon
1832 329 2027 375 officialium

1327 388 1357 417 et
1377 383 1607 417 ministrorum
1632 393 1777 417 suorum.

1483 463 1643 498 Gregorius
1667 463 1748 498 Papa
1770 463 1826 497 XV,

1404 517 1439 544 ad
1460 519 1640 550 perpetuam
1659 516 1705 544 rei
1719 516 1903 544 memoriam.

1325 595 1369 629 Ex
1394 595 1534 630 iniuncto
1558 595 1650 630 nobis
1673 595 1810 640 desuper
1833 596 2023 641 apostolicae
2063 609 2186 633 noreiam.

1281 648 1440 682 servitutis
1464 648 1579 690 officio,
1604 649 1695 690 votis,
1713 659 1771 693 per
1793 659 1874 693 quae
1897 650 2023 694 piorum

1280 701 1425 735 locorum
1442 701 1658 745 quorumlibet
1673 702 1860 746 praesertim
1884 702 1916 735 in
1940 702 2024 736 alma

1281 754 1364 788 Urbe
1395 756 1505 788 nostra
1533 754 1747 789 institutorum
1779 755 1965 789 utilitatibus
1994 760 2025 789 et

1280 807 1456 841 commodis
1479 807 1665 849 consulitur,
1688 807 1824 841 libenter
1846 808 2023 850 annuimus,

1280 873 1379 906 eaque
1395 862 1556 896 favoribus
1575 862 1801 907 prosequimur
1824 862 2022 907 opportunis.

1325 916 1340 960 ἓ
1363 916 1393 949 1.
1419 915 1565 949 Volentes
1585 916 1700 960 itaque,
1720 926 1760 949 ne
1776 915 1881 949 dilecti
1897 915 1954 948 filii
1973 915 2025 948 ad·
2051 928 2221 960 pepi-iamm-

1280 969 1511 1004 ministratores
1541 974 1572 1003 et
1604 969 1656 1002 alii
1687 969 1837 1004 officiales
1859 969 2022 1014 hospitalis
2037 956 2222 1013 diissiivigissiffii

1280 1035 1456 1069 pauperum
1469 1024 1662 1058 dementium
1675 1024 1714 1058 de
1730 1024 1814 1058 Urbe
1826 1035 1883 1069 per
1899 1024 2023 1058 diversa
2037 1010 2170 1066 ωἷῗῇἶᾯῖῗῑιι
2182 1010 2223 1058 iii:
2246 1022 2248 1027 ’

1279 1078 1449 1111 tribunalia
1461 1078 1587 1122 litigare
1603 1082 1767 1122 cogantur,
1783 1077 1960 1122 providere,
1976 1077 2022 1122 ip·
2036 1063 2222 1118 iiaqii'ssintlssl

1280 1141 1395 1175 sosque
1427 1130 1616 1176 specialibus
1653 1130 1814 1164 favoribus
1846 1136 1877 1164 et
1911 1130 2022 1174 gratiis
2036 1116 2222 1173 iiisseuqissffi‘.

1279 1184 1440 1229 prosequi,
1460 1189 1492 1218 et
1507 1195 1618 1219 eorum
1635 1184 1811 1228 singulares
1834 1194 1985 1228 personas
2003 1195 2022 1218 a
2036 1169 2222 1226 {i¹⁰n⁸3'={i2¹¹s¹¹¹¹·¹3i1⁸13

1279 1238 1444 1282 quibusvis
1467 1238 1802 1273 excommunicationis
1813 1266 1821 1281 ,
1846 1238 2022 1283 suspensio·
2036 1223 2174 1275 zizanii?
2185 1228 2221 1244 ω’

1279 1291 1328 1324 nis
1339 1296 1370 1324 et
1386 1291 1554 1333 interdicti,
1571 1292 1703 1336 aliisque
1720 1291 1938 1325 ecclesiasticis
1955 1301 2022 1325 sen-

1279 1345 1395 1386 tentiis,
1420 1346 1561 1379 censuris
1585 1351 1616 1379 et
1638 1346 1758 1390 poenis,
1774 1356 1792 1378 a
1815 1345 1884 1379 iure
1909 1345 1957 1379 vel
1981 1346 2021 1379 ab

1279 1399 1419 1440 homine,
1437 1399 1547 1442 quavis
1567 1399 1734 1433 occasione
1758 1399 1807 1433 vel
1822 1401 1917 1433 causa
1940 1399 2021 1441 latis,

1280 1453 1430 1497 siquibus
1442 1453 1682 1497 quomodolibet
1692 1453 1858 1487 innodatae
1875 1453 2021 1494 existunt,

1280 1506 1318 1540 ad
1343 1506 1488 1540 effectum
1504 1507 1718 1551 praesentium
1733 1507 1893 1540 dumtaxat
1916 1517 2024 1541 conse-

1280 1560 1452 1604 quendum,
1469 1561 1583 1594 harum
1601 1561 1683 1594 serie
1702 1561 1908 1601 absolventes,
1923 1565 1954 1594 et
1970 1561 2023 1594 ab·

1281 1614 1398 1647 solutas
1428 1614 1496 1648 sore
1528 1619 1711 1655 censentes,
1742 1613 2022 1658 supplicationibus

1281 1678 1391 1701 eorum
1410 1668 1537 1702 nomine
1559 1668 1652 1702 nobis
1668 1678 1763 1712 super
1777 1668 1838 1701 hoe
1861 1667 2022 1701 humiliter

1279 1722 1436 1766 porrectis
1459 1721 1615 1762 inclinati,
1640 1731 1749 1755 omnes
1768 1726 1799 1754 et
1823 1721 1962 1765 singulas
1985 1721 2022 1754 li-

1282 1779 1336 1817 tes,
1360 1775 1571 1820 quaestiones,
1595 1785 1704 1809 causas
1727 1780 1758 1808 et
1781 1774 2021 1816 controversias,

1281 1833 1344 1863 tam
1369 1829 1495 1871 civiles,
1519 1829 1717 1870 criminales,
1741 1829 1906 1873 profanas,
1931 1828 2022 1872 spiri-

1280 1883 1397 1924 tuales,
1423 1893 1526 1916 meras
1554 1887 1585 1916 et
1608 1882 1738 1925 mixtas,
1762 1882 1844 1915 inter
1867 1881 2022 1926 hospitale

1280 1936 1486 1980 praedictum,
1504 1946 1560 1969 seu
1583 1935 1669 1969 illius
1692 1935 1974 1976 administratores,
1991 1940 2021 1969 et

1280 1990 1430 2024 officiales
1453 1989 1652 2030 huiusmodi,
1679 1989 1826 2034 ipsosque
1849 1988 2021 2030 dementes,

1281 2054 1337 2077 seu
1360 2053 1593 2088 quemeumque
1616 2053 1727 2076 eorum
1744 2053 1781 2075 ex
1797 2043 1870 2083 una,
1887 2046 1917 2075 et
1933 2051 2023 2086 quas-

1281 2107 1417 2141 cumque
1441 2097 1517 2130 alias
1532 2106 1694 2141 personas,
1711 2095 1938 2139 cuiuscumque
1954 2105 2021 2139 gra-

1280 2150 1356 2191 dus,
1381 2150 1560 2193 dignitatis,
1591 2149 1733 2190 ordinis,
1764 2148 1967 2189 conditionis,
1991 2153 2022 2181 et

1280 2203 1526 2248 praeminentiae
1535 2202 1712 2243 existentes,
1723 2213 1778 2236 seu
1790 2201 2020 2242 universitates,

1281 2257 1454 2299 societates,
1479 2256 1750 2300 congregationes,
1767 2258 1797 2289 et
1820 2255 2020 2296 monasteria,

1280 2315 1334 2344 aut
1349 2309 1410 2343 alia
1426 2310 1495 2343 loca
1508 2309 1560 2354 pia
1576 2320 1614 2343 ex
1630 2309 1729 2342 altera
1745 2308 1898 2353 partibus,
1913 2317 2021 2342 coram

1281 2363 1444 2407 quibusvis
1467 2363 1623 2396 iudicibus
1647 2362 1814 2396 ordinariis
1833 2367 1864 2396 et
1879 2366 2019 2396 extraor-

1281 2417 1420 2458 dinariis,
1445 2417 1539 2450 etiam
1563 2416 1724 2459 delegatis,
1744 2421 1774 2449 et
1797 2415 1826 2449 S.
1844 2415 1879 2449 R.
1900 2415 1933 2448 Ε.
1951 2425 2021 2448 car-

1281 2471 1449 2513 dinalibus,
1465 2481 1501 2504 ac
1517 2480 1661 2504 camerae
1676 2469 1864 2513 apostolicae
1881 2467 2019 2512 generali

1280 2524 1434 2565 auditore,
1446 2522 1698 2568 praesidentibus
1707 2528 1738 2555 et
1750 2521 1882 2562 clericis,
1899 2531 2020 2555 necnon

1281 2577 1409 2619 vicario,
1417 2577 1630 2621 gubernatore
1640 2581 1670 2609 et
1678 2580 1822 2608 senatore
1831 2574 1924 2608 Urbis
1934 2585 2021 2618 prae-

1280 2630 1391 2672 dictae,
1409 2631 1600 2674 illorumque
1625 2628 1882 2669 locatenentibus,
1907 2628 2019 2662 hucus-

555 2678 629 2711 talis
651 2690 834 2724 pauperum
864 2681 1063 2716 clementium
1093 2683 1131 2717 de
1161 2684 1242 2718 Urbe
1262 2674 1342 2729 ique
1365 2689 1466 2719 motas
1482 2688 1512 2718 et
1536 2682 1709 2729 pendentes
1724 2681 1763 2715 de
1779 2685 1810 2716 et
1829 2692 1923 2727 super
1939 2685 2020 2715 statu
