2293 3231
227 305 275 331 An.
293 307 321 331 c.
345 304 410 331 ιω
455 294 518 330 -248

225 365 350 392 presbyt-„0
376 371 409 386 u.
425 352 595 387 dumtaxat.
620 362 851 394 quemcumqu·=
870 350 1015 381 idoneum
1033 349 1162 392 presby-

226 395 334 413 cramenta
355 398 408 414 reci·

226 425 283 445 pere.

237 1265 327 1284 Absente
338 1263 407 1284 arehi-

224 1291 325 1316 episcopo
347 1290 407 1311 Com·

223 1318 340 1343 postellam)
372 1322 408 1337 rex

223 1346 294 1369 potest
304 1349 349 1364 eius
361 1343 408 1363 loco

224 1371 287 1391 alium
297 1370 408 1395 deputare.

224 1402 231 1415 c
240 1398 260 1417 ui
272 1396 346 1416 iisdem
358 1402 407 1421 gau·

239 1426 258 1443 et
278 1423 406 1448 primic-gas.

223 1452 350 1469 anctoritate

225 1477 366 1496 facultatibus.

425 411 536 440 terum,
561 405 734 437 secularem
761 404 805 435 i‘cl
824 402 959 435 cuiusvis
976 402 1099 434 Ordinis
1116 412 1162 434 re-

424 458 575 498 gularem,
599 456 805 500 approbatum
823 455 860 487 ab
877 454 1042 488 ordinario
1064 455 1087 487 si
1111 466 1162 488 cu-

424 510 508 543 rialis
534 520 594 542 non
620 509 722 544 t'uerit.
749 509 778 540 in
805 519 894 541 suum
913 508 1031 551 possint
1045 508 1161 551 eligere

424 564 634 595 ‹ons-:ssorem
649 589 656 601 ,
681 561 756 604 qui,
781 571 892 594 eorum
915 560 1162 594 confessionibus

423 615 589 657 diligenter
603 614 726 649 auditis,
740 624 793 646 eos
810 625 826 646 a
840 613 975 657 pcccatis
987 614 1161 653 absolvere,

423 673 452 701 et
477 678 534 711 pro
558 667 735 700 commissis
752 667 975 711 poenitentiam
994 667 1161 700 salutarem

422 727 448 752 vt
461 720 519 752 alia
534 720 724 762 iniungenda
738 720 912 763 iniungere,
925 726 952 753 et
969 725 1162 752 sacramenta

422 773 591 817 praedicta,
605 773 698 806 etiam
712 773 804 806 indie
823 774 899 806 sesto
914 773 1163 807 Resurrectionis

424 826 614 865 Dominicae,
633 826 811 860 ministrare
829 826 936 870 possit,
953 832 1048 870 utque
1065 827 1164 870 capel-

423 879 494 919 lani,
511 885 655 912 cantores
673 885 700 912 et
718 880 796 912 aliae
816 879 1045 913 ecclesiastieae
1059 890 1164 923 perso-

424 943 480 965 nae
493 932 690 976 deputandae
704 933 741 965 ad
756 933 991 966 informationes
1008 933 1164 966 faciendas

423 996 520 1029 super
533 985 668 1029 puritate
680 986 841 1028 sanguinis
851 985 1118 1019 admittendorum
1133 986 1163 1018 in

422 1038 595 1082 cappellam
615 1038 797 1072 huiusmodi
818 1043 911 1071 testes
935 1049 992 1082 per
1016 1048 1164 1071 censuras

423 1091 649 1125 ecclesiasticas
667 1092 857 1135 compellere
877 1091 998 1136 possint
1020 1092 1103 1124 iuxta
1122 1102 1166 1124 sa-

422 1155 549 1177 crorum
559 1155 714 1178 canonum
723 1144 971 1189 dispositionem,
980 1144 1164 1178 auctoritate

422 1204 451 1231 et
471 1204 580 1232 tenore
596 1199 765 1243 praedictis
784 1199 902 1243 pariter
927 1199 1134 1242 indulgemus.

467 1254 482 1296 g
507 1252 557 1285 10.
577 1253 675 1296 Atque
693 1253 769 1286 hacc
787 1253 893 1286 onmia
911 1259 939 1286 et
960 1253 1084 1295 singula
1102 1263 1165 1286 mo-

423 1306 521 1340 derno
542 1311 570 1341 et
588 1317 647 1351 pro
666 1312 806 1351 tempore
828 1307 971 1340 existenti
996 1306 1166 1350 archiepis-

423 1372 502 1405 copo
518 1361 780 1404 Compostellano‚
801 1368 961 1405 tamquam
989 1361 1089 1393 dictae
1114 1371 1164 1393 ca-

424 1415 524 1459 pellae
538 1415 722 1458 cappellano
736 1415 858 1455 maiori,
875 1414 1026 1458 quamdiu
1045 1420 1073 1446 et
1091 1426 1165 1457 quo-

424 1467 481 1501 ties
505 1468 537 1500 in
561 1468 644 1501 dicta
669 1468 757 1500 curia
777 1468 985 1512 personaliter
1002 1467 1164 1505 resederit,

423 1527 463 1562 et,
489 1533 525 1555 eo
550 1522 588 1554 ab
606 1522 714 1554 eadem
735 1521 823 1554 curia
846 1521 974 1554 absente
991 1531 1046 1553 seu
1063 1520 1094 1553 in
1111 1520 1163 1553 illa

424 1586 486 1610 non
511 1576 678 1613 residente,
704 1585 856 1619 personae
878 1575 908 1607 in
929 1575 1164 1619 presbyteratus

423 1629 532 1663 ordine
558 1628 755 1667 constitutae,
780 1638 838 1671 per
862 1633 901 1667 te,
927 1627 1017 1661 toties
1041 1627 1164 1670 quoties

423 1682 476 1715 tibi
492 1682 593 1715 visum
609 1682 714 1721 suerit,
728 1681 947 1721 nominandae,
957 1686 985 1714 et
1000 1691 1058 1724 per
1071 1691 1162 1714 suum

421 1735 621 1769 Ordinarium
654 1735 876 1780 approbandae
891 1762 898 1774 ,
921 1745 1016 1778 quam
1045 1744 1102 1768 nos
1127 1746 1162 1767 ex

424 1800 517 1830 nunc,
542 1794 635 1833 prout
660 1800 696 1822 ex
714 1795 786 1822 tune
807 1794 973 1833 postquam
991 1799 1048 1832 per
1064 1793 1094 1820 te
1111 1798 1164 1821 no-

423 1843 537 1876 minata
551 1848 610 1876 eta
623 1854 680 1876 suo
694 1842 860 1876 Ordinario
873 1842 1046 1886 approbata
1059 1841 1162 1881 suerit,

422 1897 609 1941 deputamus
633 1901 663 1929 et
686 1895 897 1940 approbamus
915 1902 1018 1939 (quae,
1031 1895 1163 1928 durante

423 1950 562 1983 absentia
586 1950 660 1984 dieti
685 1949 914 1993 archiepiscopi
935 1959 952 1981 a
973 1948 1060 1981 curia
1077 1959 1164 1992 prae-

423 2004 514 2044 dicta,
535 2003 566 2036 in
585 2003 749 2047 quibusvis
773 2002 961 2042 civitatibus,
986 2002 1111 2046 oppidis
1135 2007 1163 2035 et

424 2057 510 2097 locis,
535 2057 566 2090 in
591 2057 707 2100 quibus
731 2062 770 2096 te,
796 2061 944 2099 tuamque
968 2055 1088 2088 ctu‘iam
1114 2065 1163 2088 re-

425 2111 508 2153 giam
522 2121 580 2154 pro
593 2115 736 2154 tempore
754 2109 892 2142 residere
908 2109 1086 2152 eontigerit,
1100 2119 1165 2142 om-

423 2163 488 2196 nia¹
503 2167 532 2197 et
548 2163 669 2205 singula
693 2163 763 2202 alia,
787 2173 867 2206 quae
887 2162 1116 2206 archiepiscopi
1135 2168 1162 2195 et

423 2217 561 2261 episcopi
578 2228 612 2250 ac
630 2217 682 2249 alii
700 2217 842 2250 locorum
860 2215 1017 2249 Ordinarii
1035 2215 1066 2248 in
1083 2215 1165 2249 dioe-

423 2270 546 2305 cesibus
564 2270 628 2302 suis
645 2270 682 2302 de
704 2270 772 2302 iure
796 2270 842 2302 vel
863 2269 1088 2302 consuetudine
1113 2275 1163 2302 aut

422 2323 497 2355 alias
511 2323 746 2367 quomodolibet
766 2323 867 2355 facere
884 2326 913 2356 et
930 2333 1076 2355 exercere
1094 2332 1166 2355 con-

423 2380 601 2416 sueverunt,
610 2377 688 2409 citra
699 2382 801 2409 tamen
811 2376 996 2409 exercitium
1007 2376 1165 2419 pontitiea—

424 2430 510 2470 lium,
524 2433 553 2463 et
566 2429 712 2462 ordinum
729 2440 765 2462 ac
781 2429 1008 2463 beneficiorum
1023 2430 1164 2463 collatio-

423 2491 511 2518 nem.
537 2492 683 2515 exercere
704 2482 801 2515 libere
826 2488 855 2515 et
881 2482 979 2523 licite,
1004 2481 1165 2526 quaeque²

461 2563 470 2588 1
491 2562 598 2597 Absque
614 2563 717 2590 ratione
733 2563 799 2590 edit.
812 2563 891 2591 lllain.
904 2563 1061 2598 omniaque
1072 2564 1163 2598 (mn).

458 2606 475 2632 2
497 2605 566 2633 Edit.
584 2606 662 2633 Maia.
684 2607 748 2642 legit
767 2608 914 2642 quodque;
930 2611 957 2634 at
971 2615 1097 2643 quaeque
1117 2616 1165 2643 pu-

425 2654 511 2676 tamus
527 2659 586 2677 essi²
603 2651 756 2685 legendum,
769 2659 830 2677 nam
846 2651 964 2686 alioquin
979 2652 1096 2686 syntaxis
1107 2660 1164 2687 pro-

426 2694 565 2730 positionis
582 2695 724 2722 incidentis
740 2695 893 2723 inabsoluta
908 2700 999 2723 manet
1012 2698 1049 2731 (n.
1067 2700 1115 2730 τ.).

1004 301 1181 326 nt'LLAtut‘M
1204 301 1354 325 {immixta}

1195 348 1340 381 omnibus
1352 354 1379 381 et
1394 348 1526 391 singulis
1538 349 1657 391 gratiis,
1669 350 1839 386 favoribus.
1851 359 1936 393 prae-

1195 401 1371 434 eminentiis
1395 407 1423 434 et
1449 401 1598 439 indultis,
1624 401 1738 445 quihus
1762 402 1864 435 dictus
1890 413 1937 435 ar—

1195 454 1431 498 chiepiscopus.
1456 453 1531 486 dum
1557 454 1586 486 in
1613 456 1664 486 ma
1689 455 1777 488 curia
1802 455 1936 494 residet,

1195 509 1314 542 ratione
1327 508 1401 541 dicti
1415 507 1508 540 officii
1527 507 1700 551 cappellani
1720 507 1849 541 maioris
1863 519 1937 551 gau-

1195 561 1256 601 det,
1277 561 1392 594 l‘ruitur
1416 566 1443 593 et
1469 560 1577 600 utitur,
1603 570 1637 592 ac
1663 560 1811 603 gaudere,
1835 561 1880 593 uti
1905 567 1935 593 et

1195 614 1254 646 frui
1269 613 1507 657 quomodolibet
1516 617 1628 656 potest,
1642 612 1790 655 gaudere.
1802 613 1858 653 uti,
1875 613 1935 646 frui

1196 668 1293 711 possit
1309 672 1337 699 ct
1354 667 1451 700 valeat
1466 662 1682 710 parisormiter
1698 670 1727 700 et
1743 677 1841 710 aeque
1854 667 1937 710 prin—

1196 720 1411 764 cipalite1·)‚ac
1429 719 1483 752 tibi
1502 729 1670 763 personam
1687 719 1867 752 huiusmodi
1885 729 1938 752 no-

1197 773 1335 806 minandi
1349 778 1377 807 et
1392 772 1527 816 eligendi
1540 773 1664 816 plenam
1679 778 1707 805 et
1721 772 1936 806 omnimodam

1197 827 1385 865 facultatem,
1406 825 1576 869 apostolica
1605 825 1801 865 auctoritate,
1828 830 1937 858 tenore

1197 879 1421 924 praesentium.
1446 878 1648 911 concedimus
1674 883 1702 910 et
1729 877 1936 921 indulgemus.

1242 933 1256 973 ,ξ
1278 932 1324 964 11.
1339 932 1522 965 Praesentes
1535 941 1663 974 quoque
1677 930 1797 963 litteras
1810 930 1848 963 de
1864 929 1938 963 sub-

1198 984 1349 1028 reptionis
1367 984 1413 1017 vel
1431 983 1631 1027 obreptionis
1656 983 1740 1023 viiio,
1764 988 1817 1016 aut
1841 983 1939 1016 inten-

1199 1037 1290 1071 tionis
1315 1042 1441 1070 nostrae
1472 1037 1518 1069 vel
1544 1036 1693 1080 quopiam
1725 1036 1786 1069 alio
1816 1035 1939 1069 defectu

1198 1092 1311 1132 notari,
1326 1091 1505 1134 impugnari
1517 1090 1564 1122 vel
1583 1089 1746 1123 invalidari
1760 1090 1939 1123 nullatenus

1199 1154 1301 1188 posse,
1315 1143 1369 1177 sed
1384 1144 1451 1176 illas
1469 1143 1586 1176 validas
1600 1148 1629 1176 et
1643 1143 1784 1176 efficaces
1795 1142 1938 1183 existere,

1199 1208 1336 1241 suosque
1349 1197 1508 1241 plenarios
1525 1203 1554 1230 et
1572 1197 1712 1240 integros
1728 1197 1858 1230 effectus
1875 1207 1941 1230 sor-

1199 1251 1249 1283 tiri
1268 1256 1295 1283 et
1314 1251 1459 1283 obtinere
1484 1250 1616 1290 debere;
1638 1250 1743 1294 sieque
1763 1256 1791 1283 et
1810 1260 1872 1283 non
1889 1250 1941 1282 ali·

1200 1309 1246 1336 ter
1263 1314 1320 1347 per
1337 1314 1553 1347 quoscumque
1571 1303 1689 1336 iudices
1706 1303 1816 1347 quavis
1836 1308 1941 1336 aucto-

1199 1357 1288 1389 ritate
1314 1357 1496 1399 fungentes,
1521 1357 1614 1389 ctiam
1640 1356 1746 1400 palatii
1777 1355 1940 1400 apostolici

1198 1411 1368 1451 auditores,
1393 1421 1428 1442 ae
1448 1410 1476 1443 S.
1503 1410 1536 1442 R.
1555 1410 1588 1442 E.
1607 1409 1781 1442 cardinales
1806 1408 1941 1452 (sublata

1198 1464 1242 1497 eis
1266 1470 1295 1496 et
1319 1474 1430 1497 eorum
1455 1462 1583 1496 cuilibet
1607 1463 1716 1506 quavis
1740 1462 1831 1495 aliter
1864 1462 1941 1496 iudi-

1198 1517 1287 1550 candi
1313 1522 1341 1549 et
1367 1515 1592 1560 interpretandi
1617 1516 1763 1549 facultate
1787 1519 1816 1549 et
1832 1520 1939 1549 aueto-

1198 1570 1303 1613 ritate)
1329 1569 1459 1602 iudicari
1485 1573 1512 1603 et
1538 1568 1662 1602 deliniri
1687 1568 1812 1608 debere3
1837 1579 1873 1602 ac
1896 1568 1940 1600 ir-

1198 1624 1293 1657 ritum
1319 1629 1349 1656 et
1374 1623 1465 1656 inane
1490 1623 1640 1667 quicquid
1667 1633 1757 1655 secus
1781 1621 1940 1666 superbis

1197 1688 1214 1709 a
1238 1687 1415 1720 quoquam,
1436 1676 1545 1719 quavis
1576 1675 1779 1715 auctoritate,
1805 1676 1940 1709 scienter

1198 1730 1244 1762 vel
1270 1729 1452 1771 ignoranter
1473 1728 1641 1771 contigerit
1658 1728 1813 1769 attentari,
1834 1728 1939 1762 decer-

1197 1783 1309 1815 nimus.

1241 1836 1256 1879 ἓ
1280 1835 1331 1869 1-2.
1357 1835 1509 1875 Quocirca
1534 1835 1765 1868 venerabilibus
1789 1835 1939 1868 fratribus

1197 1889 1379 1933 Segobiensi
1393 1895 1421 1922 et
1433 1888 1582 1922 Abulensi
1595 1888 1763 1933 episcopis,
1777 1900 1813 1922 ac
1825 1889 1939 1922 dilecto

1197 1942 1262 1976 filio
1278 1948 1397 1981 nostro,
1413 1946 1442 1976 et
1460 1941 1547 1975 Sedis
1573 1942 1770 1986 Apostolieae
1785 1942 1815 1974 in
1833 1941 1940 1985 regnis

1198 1995 1418 2039 Hispaniarum
1435 1995 1562 2034 nuncio,
1580 2005 1636 2038 per
1654 2000 1836 2038 praesentes
1853 2005 1939 2028 com-

1198 2049 1350 2081 mittimus
1367 2054 1397 2081 et
1419 2048 1616 2087 mandamus,
1633 2053 1788 2091 quatenus
1805 2048 1874 2092 ipsi,
1891 2049 1938 2082 vel

1197 2102 1270 2142 duo,
1296 2107 1346 2135 aut
1373 2112 1453 2134 unus
1473 2112 1595 2141 eorum,
1619 2112 1676 2145 per
1699 2112 1742 2141 se,
1768 2102 1815 2134 vel
1832 2102 1938 2142 alium,

1198 2166 1252 2188 seu
1266 2155 1353 2195 alios,
1364 2155 1487 2198 quoties
1501 2165 1559 2198 pro
1572 2160 1660 2198 parte
1675 2155 1845 2188 maiestatis
1858 2160 1938 2195 tuae,

1198 2219 1253 2242 seu
1269 2208 1401 2241 alicuius
1418 2218 1455 2241 ex
1473 2207 1674 2252 cappellanis,
1692 2208 1740 2241 vel
1758 2208 1939 2241 cantoribus

1198 2268 1228 2295 et
1254 2262 1452 2295 scholaribus
1469 2261 1637 2306 praedictis
1655 2261 1769 2295 fuerint
1786 2261 1938 2304 requisiti,

1198 2314 1395 2349 solemniter¹
1420 2315 1626 2359 publicantes,
1644 2314 1764 2358 tibique
1781 2319 1810 2346 et
1828 2313 1890 2346 illis
1908 2314 1939 2346 in

1199 2369 1381 2413 praemissis
1405 2368 1540 2401 efficacis
1568 2367 1759 2400 defensionis
1783 2366 1939 2410 praesidio

1198 2422 1388 2462 assistentes,
1406 2421 1528 2461 saciant,
1545 2419 1728 2454 auctoritate
1742 2421 1859 2460 nostra,
1874 2430 1939 2452 ma-

1199 2475 1340 2508 iestatem
1366 2480 1461 2514 tuam,
1485 2484 1520 2506 ac
1545 2473 1745 2516 cappellanos
1768 2473 1813 2505 rel
1838 2478 1941 2506 canto-

1199 2538 1249 2561 res
1265 2532 1293 2562 et
1310 2528 1469 2561 scholares
1487 2526 1674 2570 praedictos,
1692 2526 1938 2570 praemissorum

1199 2582 1341 2615 omnium
1356 2585 1384 2615 et
1398 2581 1594 2623 singulorum
1608 2580 1721 2613 effectu
1735 2579 1864 2624 pacifice
1877 2580 1939 2613 frui

1199 2639 1226 2666 et
1253 2633 1407 2676 gaudere3
1425 2643 1486 2666 non
1512 2632 1728 2675 permittentes
1746 2632 1939 2666 maiestatem

1238 2697 1245 2722 t
1269 2694 1446 2730 Subintellige
1466 2694 1575 2722 easdem
1595 2695 1647 2721 has
1668 2695 1781 2723 litteras
1799 2695 1838 2729 (R.
1854 2696 1902 2728 τ.).

1950 302 1999 328 An.
2016 302 2043 328 C.
2068 301 2134 329 ¹6st

1980 944 2138 971 Clamulao'pro

1953 971 2096 997 praesentium
2107 971 2138 992 tit·

1953 1000 2046 1046 ἶὲἷὲηιιι
2073 997 2136 1019 nmi-

1992 1843 2138 1870 Exequuioros

1953 1872 2055 1896 eiusdem.
