2293 3231
257 247 311 276 Α..
326 245 357 274 G.
375 244 441 274 162¹
487 235 553 272 57⁶2

1044 238 1226 267 nummum
1249 239 1406 266 Romnum

502 293 614 327 Datum
639 292 778 332 Romae,
802 291 884 335 apud
909 295 1048 324 sanctam
1073 290 1200 323 Mariam
1234 299 1322 321 suam
1354 292 1461 322 notam
1492 287 1564 322 fecit
1592 286 1739 322 omnibus
1773 286 1974 329 nationibus,

457 346 616 387 Maiorem,
630 345 688 379 suh
699 345 815 378 annulo
828 344 1006 385 piscatoris,
1016 343 1067 376 die
1077 353 1143 376 xvn
1157 343 1201 376 iu·
1234 341 1276 374 ita
1292 347 1326 375 ut
1348 341 1448 375 iustus
1464 340 1682 386 praedicetur¹
1699 346 1730 375 et
1752 341 1826 375 iusti
1847 341 1975 376 nomine

456 400 490 434 lii
515 409 644 439 immi,
664 398 864 443 pontificatus
888 397 989 432 nostri
1012 407 1095 431 anno
1119 406 1139 430 1.

494 462 552 490 Dat.
568 462 613 490 die
629 461 661 490 17
677 460 736 488 iulii
752 460 830 494 ¹621,
846 459 944 496 pontif.
961 467 1032 487 anno
1052 465 1069 486 1.

459 687 564 731 Requi
582 685 772 720 Galliarum
786 695 933 730 proceres
947 684 1006 717 sub
1024 693 1202 717 eoecommu-

502 740 680 775 nicationis
701 740 805 784 poem?
830 738 991 777 admonet,
1012 748 1052 772 ne
1076 737 1202 771 rebelli-

504 794 562 827 bus
581 797 694 827 contra
719 792 923 826 Ludocicum
947 802 1055 836 reyem
1080 791 1203 825 adhae-

501 852 607 889 reant,
635 845 860 891 piceamque&

663 927 820 963 Gregorius
841 926 921 961 Papa
940 926 998 959 XV,

459 991 616 1020 Universis
639 993 671 1019 ot
691 990 819 1026 singulis
839 989 1045 1024 principibus,
1066 989 1203 1024 ducibus,

494 1036 738 1070 marchionibus,
759 1035 921 1063 comitibus
935 1055 942 1067 ,
968 1034 1098 1068 aliisquo
1120 1034 1205 1069 requi

494 1081 636 1109 Franciae
651 1080 838 1115 proceribus,
851 1079 1004 1107 nobilibus
1021 1082 1053 1106 et
1068 1078 1205 1113 personis

494 1126 654 1154 rebellium
672 1126 894 1154 haeretieorum
914 1124 991 1159 parti
1016 1124 1206 1152 adhaerenti-

495 1173 563 1203 bus,
585 1178 640 1199 seu
659 1170 730 1198 illos
751 1169 962 1204 sequentibus,
983 1173 1037 1197 aut
1059 1170 1206 1197 auxilium

496 1219 528 1244 et
547 1223 632 1251 opem
650 1218 701 1243 aut
722 1215 854 1243 favorem
871 1214 1094 1248 quomodolibet
1108 1214 1146 1241 iis
1162 1214 1205 1241 fe-

496 1260 636 1288 rentibus
666 1262 771 1288 contra
800 1259 1012 1286 charissimum
1036 1259 1067 1287 in
1088 1258 1206 1286 Christo

497 1304 593 1332 fitium
611 1307 749 1332 nostrum
769 1303 952 1332 Ludovicum
968 1304 1147 1332 Francorum
1162 1311 1207 1332 re-

499 1357 564 1384 qem
593 1348 899 1381 christianissimum,
919 1348 1059 1382 spiritum
1088 1348 1208 1377 consilii

500 1401 641 1422 samoris.

319 1481 451 1513 alaudibus
511 1473 526 1518 ἓ
550 1473 579 1506 t.
595 1474 764 1518 Postquam
778 1472 940 1514 Dominus,
957 1473 989 1505 in
1006 1473 1096 1506 cuius
1114 1483 1207 1506 manu

266 1509 451 1562 fffflxilssnf‘w
466 1533 539 1561 sunt
566 1538 676 1561 omnes
708 1528 786 1561 fines
820 1533 941 1568 terrae,
966 1532 995 1561 et
1027 1538 1086 1572 per
1114 1538 1207 1571 quem

466 1591 558 1625 reges
582 1587 716 1625 regnant
740 1587 769 1614 et
794 1581 901 1624 legum
926 1581 1105 1615 conditores
1130 1581 1210 1614 iusta

467 1634 658 1676 decernunt,
691 1634 837 1667 eumdem
875 1633 1069 1668 Ludovieum
1102 1645 1208 1678 regem

467 1687 576 1722 sedere
601 1688 673 1722 fecit
698 1688 727 1721 in
753 1688 832 1722 solio
856 1688 956 1732 patris
980 1687 1038 1729 sui,
1059 1694 1089 1721 et
1113 1699 1210 1732 super

466 1741 726 1776 florentissimum
756 1741 906 1775 Fratteiae
940 1752 1076 1785 regnum
1108 1741 1209 1775 adhuc

468 1805 604 1840 puerum
629 1795 800 1836 constituit,
820 1795 926 1827 multis
952 1795 1050 1838 signis
1076 1795 1211 1829 ostendit

468 1849 654 1893 apposuisse
671 1858 747 1892 erga
763 1859 836 1882 eum
853 1859 909 1882 cor
925 1859 1028 1889 suum,
1047 1853 1080 1881 ut
1096 1849 1209 1882 faceret

469 1901 515 1934 illi
538 1912 663 1945 magna,
679 1907 710 1935 et
729 1902 880 1935 exaltaret
903 1912 1020 1936 nomen
1045 1912 1137 1935 suum
1154 1913 1212 1947 per

470 1965 557 1989 eum:
582 1955 738 2000 siquidem
756 1955 841 1989 dedit
858 1956 903 1988 illi
927 1967 983 1989 cor
999 1961 1132 1996 rectum,
1157 1966 1212 1989 cor

470 2009 595 2053 sapiens
618 2015 649 2043 et
673 2009 880 2053 intelligibile,
898 2020 954 2043 cor
973 2009 1108 2053 diligens
1128 2010 1214 2043 iusti-

470 2063 547 2096 tiam
567 2069 598 2096 et
621 2063 694 2097 odio
718 2063 837 2097 habens
862 2063 1070 2107 iniquitatem,
1088 2064 1214 2097 multas-

470 2127 532 2160 que
557 2116 792 2150 misericordias
816 2116 887 2150 secit
907 2127 980 2150 cum
1000 2127 1048 2157 eo,
1068 2118 1214 2150 auferens

470 2169 553 2203 bella
576 2169 616 2203 de
648 2180 747 2213 regno
773 2170 859 2211 eius,
884 2175 915 2203 et
938 2181 1053 2214 pacans
1081 2171 1158 2203 illud
1183 2171 1214 2204 in

471 2228 614 2267 tempore
639 2228 836 2268 opportuno,
861 2229 896 2256 ut
920 2224 950 2256 in
975 2235 1051 2268 pace
1075 2228 1104 2258 et
1128 2229 1213 2258 tran-

472 2277 626 2321 quillitate
658 2282 833 2318 cresceret,
859 2282 889 2311 et
913 2278 1083 2321 proficeret
1110 2279 1141 2311 in
1167 2289 1214 2311 sa-

472 2330 590 2374 pientia
607 2335 638 2363 et
655 2330 769 2364 virtute
791 2341 899 2365 coram
924 2342 956 2364 se
974 2337 1004 2364 et
1023 2332 1215 2373 hominibus,

473 2384 740 2427 quemadmodum
776 2385 947 2428 profecisse
981 2389 1012 2416 et
1041 2384 1214 2428 prolicere,

474 2436 679 2471 benedicente
695 2437 839 2479 Domino,
857 2437 889 2470 in
904 2437 971 2470 dies
988 2438 1089 2480 magis
1105 2448 1215 2471 omnes

476 2489 596 2530 sciunt,
620 2496 650 2523 et
675 2490 801 2524 laudant
824 2491 924 2524 Deum
951 2491 1045 2531 caeli,
1071 2491 1216 2535 apposuit

478 2543 561 2577 enim
585 2554 697 2578 manus
721 2555 793 2578 suas
816 2545 855 2579 ad
879 2545 989 2586 t'ortia,
1013 2550 1044 2578 et
1066 2545 1216 2580 iustitiam

516 2662 531 2688 1
551 2659 589 2688 Ex
607 2660 718 2697 Regest.
739 2661 768 2689 in
785 2662 889 2691 Secret.
909 2661 987 2690 Brev.

1234 394 1472 429 honorificetur.

1279 449 1294 493 ξ
1319 448 1348 482 9..
1373 448 1449 483 Cum
1469 458 1545 482 vero
1569 457 1678 482 omnes
1702 447 1853 482 Franciae
1867 448 1977 493 populi

1235 502 1358 536 divinae
1389 502 1521 536 bonitati
1554 502 1671 546 gratias
1701 511 1796 545 agere
1825 506 1857 535 et
1879 501 1977 536 Deum

1236 556 1365 590 laudare
1397 556 1567 597 deberent,
1591 555 1677 600 quod
1701 555 1794 589 talem
1819 560 1978 590 rectorem

1236 615 1266 644 et
1291 610 1468 655 principem
1493 609 1552 642 sibi
1576 609 1722 651 dedisset,
1739 619 1798 654 per
1821 619 1916 653 quem
1940 608 1980 642 ad

1237 668 1374 707 optatam
1409 663 1558 697 omnihus
1582 662 1613 696 in
1636 663 1770 696 Domino
1801 661 1980 707 tranquilli-

1238 722 1332 751 tatem
1365 722 1395 751 et
1426 717 1669 762 prosperitatem
1694 716 1860 761 pervenire
1886 726 1980 761 posse

1238 781 1367 815 sperare
1392 771 1520 811 liceret3
1545 770 1700 810 nonnulli,
1721 770 1777 814 qui
1801 770 1833 802 in
1857 769 1908 802 via
1933 779 1981 804 ve-

1239 824 1338 858 ritatis
1350 834 1412 858 non
1427 827 1590 865 steterunt,
1604 823 1657 857 sed
1670 823 1848 857 aberrando
1861 833 1879 856 a
1894 824 1981 856 recta

1237 884 1309 923 post
1332 878 1484 912 vanitates
1502 881 1531 912 et
1550 877 1686 911 insanias
1709 876 1802 910 salsas
1824 876 1980 918 abierunt,

1239 932 1405 965 haeresum
1431 931 1589 965 diabolica
1613 930 1723 964 fraude
1747 930 1881 975 decepti,
1901 929 1982 963 sieut

1239 986 1337 1019 Deum
1358 996 1467 1029 regem
1485 995 1608 1029 regum,
1630 985 1672 1018 ita
1690 990 1719 1018 et
1736 984 1837 1025 illum,
1854 983 1908 1027 qui
1925 993 1982 1028 per

1240 1041 1337 1073 Deum
1353 1045 1474 1083 regnat,
1491 1039 1727 1084 posthabentes
1744 1038 1827 1083 patri
1846 1048 1904 1071 suo
1920 1037 1983 1071 dia-

1239 1094 1312 1127 bolo
1337 1094 1564 1134 auscultarunt,
1582 1099 1611 1126 et
1628 1103 1686 1137 pro
1704 1103 1741 1126 eo
1758 1095 1793 1126 ut
1814 1091 1984 1135 diligerent

1240 1153 1303 1180 tam
1317 1147 1404 1192 pium
1419 1147 1599 1191 iustumque
1613 1156 1732 1190 regem,
1746 1145 1896 1179 adversus
1909 1155 1982 1179 eum

1241 1212 1359 1235 cornua
1384 1206 1564 1242 erexerunt,
1582 1206 1611 1234 et
1631 1210 1720 1234 arma
1745 1200 1843 1244 impia
1859 1209 1984 1233 sumen·

1241 1260 1295 1296 tes,
1316 1261 1458 1301 apertam
1483 1255 1688 1289 rebellionem
1711 1259 1741 1287 et
1766 1254 1884 1287 bellum
1909 1253 1984 1287 inte-

1242 1311 1357 1343 stinum
1383 1310 1609 1349 excitaverunt,
1629 1319 1709 1353 quos
1734 1314 1837 1341 tamen
1854 1306 1985 1341 Ludovi-

1242 1374 1297 1397 cus
1317 1374 1383 1404 rex,
1400 1363 1504 1396 divina
1528 1373 1587 1406 pro
1607 1372 1644 1396 eo
1661 1367 1822 1406 pugnante
1845 1361 1983 1402 dextera,

1243 1418 1321 1451 sicut
1355 1417 1520 1461 promeriti
1548 1422 1639 1458 sunt,
1664 1415 1831 1449 humiliare
1856 1420 1887 1449 et
1910 1425 1986 1460 pro-

1242 1476 1383 1505 sternere
1409 1470 1541 1503 feliciter
1565 1469 1666 1514 cepit,
1691 1475 1722 1503 ct
1745 1467 1891 1503 felicius²
1914 1479 1985 1513 pro-

1243 1525 1395 1569 sequitur,
1413 1535 1447 1558 ac
1465 1534 1594 1568 sperare
1612 1524 1643 1556 iu
1660 1523 1792 1557 Domino
1809 1523 1881 1556 licet
1896 1523 1984 1556 brevi

1243 1589 1297 1612 eos
1320 1578 1563 1619 debellaturum,
1581 1587 1756 1621 eorumque
1781 1577 1916 1610 contrita
1937 1587 1985 1610 su-

1242 1632 1364 1677 perbia,
1389 1632 1538 1676 potestati
1563 1642 1637 1665 suae
1658 1631 1874 1664 subditurum:
1900 1630 1986 1675 quod

1244 1692 1273 1719 et
1291 1696 1357 1727 nos,
1375 1686 1429 1729 qui
1447 1696 1464 1718 a
1481 1685 1614 1719 Domino
1631 1695 1730 1729 super
1745 1695 1875 1729 gregem
1893 1694 1986 1718 suum

1244 1739 1439 1773 inscrutabili
1479 1739 1602 1772 divinae
1641 1738 1812 1783 sapientiae
1855 1738 1987 1772 consilio

1245 1793 1404 1827 constituti
1429 1803 1538 1826 sumus
1565 1798 1595 1825 et
1612 1792 1722 1826 intimo
1747 1791 1852 1826 cordis
1874 1791 1988 1825 affectu

1244 1847 1438 1881 Ludoricum
1470 1857 1578 1890 regem
1606 1846 1788 1890 diligimus,
1813 1856 1830 1878 a
1853 1845 1987 1880 Domino

1246 1901 1444 1945 postulamus
1468 1904 1497 1934 et
1521 1910 1698 1944 precamur.

1290 1956 1305 1998 ἓ
1329 1954 1358 1988 3.
1385 1955 1511 1995 Verum,
1529 1960 1563 1987 ut
1579 1955 1640 1988 hoc
1657 1953 1911 1998 praetermittere
1928 1963 1988 1998 pro

1246 2008 1344 2042 nostri
1359 2008 1452 2042 officii
1466 2008 1572 2041 debito
1585 2018 1648 2042 non
1661 2008 1823 2049 debemus,
1832 2007 1874 2041 ita
1883 2007 1988 2048 etiam,

1247 2067 1398 2107 quantum
1423 2073 1496 2095 cum
1520 2062 1654 2095 Domino
1678 2071 1862 2106 possumuS,
1886 2061 1990 2105 provi-

1247 2115 1322 2148 dere
1340 2121 1494 2156 tenemur,
1513 2125 1552 2148 ne
1568 2114 1650 2148 unde
1664 2115 1815 2148 auxilium
1832 2114 1990 2148 Ludovieo

1248 2169 1315 2213 regi
1340 2180 1408 2203 csse
1432 2174 1567 2214 oportet,
1592 2169 1664 2202 inde
1689 2169 1801 2203 existat
1817 2168 1991 2202 incommo-

1248 2224 1322 2256 dum
1343 2229 1373 2257 et
1389 2223 1625 2263 detrimentum,
1638 2223 1782 2257 hostibus
1798 2233 1874 2257 vero
1892 2222 1992 2257 robur

1248 2283 1277 2310 ct
1298 2277 1501 2321 praesidium,
1521 2277 1628 2310 (livino
1653 2277 1766 2310 honori
1791 2276 1990 2317 contumelia,

1249 2331 1393 2363 fidelibus
1418 2330 1610 2371 scandalum,
1635 2335 1665 2363 et
1688 2329 1865 2363 animarum
1889 2333 1991 2362 aeter-

1249 2395 1307 2418 nae
1331 2385 1441 2417 salutis
1465 2384 1683 2428 dispendium:
1709 2383 1838 2427 ipseque
1862 2382 1992 2416 Ludovi—

1249 2450 1305 2471 cus
1330 2449 1382 2472 rex
1407 2438 1527 2482 optimo
1551 2438 1619 2470 iure
1649 2436 1802 2481 conqueri
1826 2436 1940 2480 possit,
1963 2437 1992 2470 si

1249 2492 1404 2525 inimicus
1428 2501 1518 2524 meus
1545 2490 1768 2524 malediccissel
1792 2490 1898 2531 mihi,
1921 2499 1991 2523 sus-

1252 2547 1423 2580 tinuissem
1445 2545 1570 2590 ulique,
1595 2549 1630 2578 tu
1651 2555 1722 2579 vero
1747 2544 1841 2578 homo
1864 2543 1988 2578 utcani-

1288 2619 1298 2644 t
1316 2617 1388 2645 Edit.
1404 2617 1489 2645 Main.
1504 2617 1570 2651 legit
1581 2616 1762 2652 praedicitur
1776 2617 1814 2652 (n.
1830 2617 1878 2651 τ.).

1286 2662 1303 2689 2
1322 2661 1394 2691 Edit.
1409 2661 1489 2692 Main.
1505 2660 1571 2698 legit
1584 2661 1710 2697 solicitus
1723 2662 1762 2698 (a.
1778 2662 1827 2697 τ.).

1988 237 2041 267 An.
2058 236 2089 267 C.
2104 237 2170 268 tm

2031 459 2071 486 oui
2085 458 2178 482 robell-

1992 489 2051 515 renni
2074 488 2107 510 ml
2128 490 2178 513 pro·

1992 515 2081 543 fitcavit.

2029 1960 2144 1983 Nonnulla·
2153 1961 2187 1982 u-

2002 1988 2098 2038 ¹351th
2115 1987 2189 2010 favero
