2293 3231
282 286 327 312 An.
347 285 373 312 Γ..
400 284 460 312 18ἳὶ

330 2486 393 2508 Gesta
409 2486 437 2508 ab
453 2487 488 2508 tsi·

304 2514 357 2536 doro
372 2516 466 2536 enarrat.

513 275 576 309 481»
1055 279 1235 305 mummii

482 332 636 375 exemplis
660 331 898 374 praelucerent,
924 339 958 360 ac
984 338 1130 371 sponsam
1157 328 1224 360 eius

483 390 620 417 sani-tam
638 382 828 416 tlathotieam
848 380 1018 413 Ecclesiam
1037 380 1223 413 meritorum

484 438 649 482 xplu-nitore
663 442 691 468 et
710 435 970 469 intercessionum
985 434 1145 477 suffragiis
1154 444 1226 477 pro·
1241 479 1243 485 Ι

485 496 623 531 tegi-rent
658 495 686 520 et
713 489 914 521 illustrarent.
940 487 1114 521 Xoxissime
1140 498 1224 527 vero,

487 544 515 575 in
540 543 651 575 diebus
675 548 799 585 patrum
830 548 1034 576 nostrorum.
1058 531 1243 584 parvulum?

485 597 577 639 elegit
595 602 622 628 et
643 596 794 628 humilem
809 595 933 628 beatum
952 595 1118 631 Isidorum,
1132 605 1225 637 quem
1242 612 1243 635 1

485 663 518 683 ex
546 651 596 682 rili
622 650 751 693 pulvere
783 649 966 682 suscitatum
998 659 1093 692 super
1117 639 1245 682 omnesI

486 703 644 747 principes
669 708 696 735 et
724 713 815 746 reges
840 706 941 736 terrae
966 702 1127 741 exaltaret,
1144 693 1245 747 eius-i

486 768 546 801 que
571 757 741 790 sanctitatis
774 756 935 789 lucernam
968 767 1065 799 super
1089 749 1246 789 candela-l

477 810 578 843 ‘hrum
604 815 757 854 poneret,
781 815 808 841 et
837 809 867 841 in
893 815 1063 853 conspeetu
1087 809 1246 852 omnium!

486 865 626 907 gentium
651 864 831 896 collocaret.
859 863 1024 896 llorninem
1058 863 1088 895 in
1119 862 1230 895 diebus

487 918 566 951 ritae
597 928 671 950 suae
704 917 927 950 mortitii-atum
961 917 1088 960 quidem
1114 906 1247 962 eaine,⁴¹

488 971 677 1004 vivificatum
702 977 805 1003 autem
832 970 955 1014 spiritu.
984 980 1064 1013 quae
1088 975 1158 1002 sunt
1187 979 1232 1002 se-

489 1024 549 1057 culi
569 1024 728 1068 sapienter
742 1024 951 1066 ignorantem,
969 1029 994 1055 et
1015 1022 1160 1056 caelestia
1178 1023 1248 1054 hu-⁴

489 1077 605 1111 militer
637 1077 830 1121 sapientem,
859 1082 1057 1109 terreuoruin
1083 1076 1208 1119 inopem
1224 1094 1249 1126 ,1

490 1129 703 1162 abundantem
729 1130 921 1166 caelestium,
944 1135 970 1161 et
991 1129 1143 1172 repletum
1159 1128 1234 1161 ‹tiri-

490 1194 549 1217 nae
573 1184 691 1227 gratiae
725 1183 897 1223 thesauris,
929 1193 1041 1226 quent,
1066 1183 1230 1216 hominum

492 1238 608 1271 iudicio
622 1237 890 1282 contemptibilem
909 1242 937 1271 et
955 1237 1020 1269 sine
1035 1237 1167 1275 honore,
1179 1237 1230 1280 qui
1248 1243 1251 1256 ¹

491 1297 535 1325 est
561 1291 766 1335 Omnipotens
792 1291 821 1323 in
847 1290 976 1323 excelsis
993 1296 1021 1322 et
1047 1290 1116 1322 savit
1144 1291 1234 1322 mira-

492 1345 566 1378 bilia
584 1355 697 1387 magna
714 1344 799 1377 solus
816 1344 993 1376 divinorum
1008 1344 1232 1376 charismatum

493 1398 584 1431 donis
609 1398 687 1431 adeo
712 1398 907 1430 abundanter
924 1397 1104 1437 cumularit,
1123 1401 1152 1429 ut
1169 1408 1235 1428 san-

495 1457 617 1485 ctorum
636 1462 768 1496 operum
786 1457 813 1484 et
833 1451 995 1494 signorum
1015 1450 1235 1494 splendoribus

493 1505 674 1539 universam
708 1505 879 1537 Ecclesiam
909 1504 1100 1537 laetificaret.
1126 1504 1236 1542 Quam-

493 1558 602 1590 obrem
639 1557 804 1601 pastoralis
841 1556 934 1588 ottirii
971 1565 1085 1588 munus
1110 1556 1236 1597 exigere

495 1612 720 1651 existimamus,
737 1616 770 1643 ut
792 1610 874 1642 hunt·
900 1609 952 1642 Dei
980 1620 1105 1641 servum
1124 1609 1153 1641 in
1171 1609 1237 1641 llis-

495 1665 597 1710 paniis
612 1692 619 1705 ‚
645 1663 743 1708 quas¹
768 1663 879 1696 natalis
911 1663 958 1695 sui
983 1663 1098 1696 decore.
1122 1663 1236 1696 clariti-

495 1719 591 1759 carit,
616 1717 788 1751 sanctitatis
813 1717 915 1759 gloria
941 1721 1181 1757 eoruscantem,
1206 1716 1237 1748 in

495 1772 641 1806 universa
658 1771 751 1804 etiam
769 1770 916 1802 militanti
935 1770 1084 1810 Ecclesia,
1099 1770 1147 1802 eui
1167 1770 1237 1803 lieet

497 1826 647 1860 immeriti
672 1824 900 1869 praesidemus,
925 1824 964 1856 ab
989 1824 1135 1856 omnibus
1160 1824 1240 1857 chri-

497 1879 683 1913 stifidelibus
715 1878 821 1912 debita
845 1878 1046 1911 veneratione
1071 1878 1238 1911 colendum

497 1933 670 1978 apostolica
695 1932 880 1966 auctoritate
912 1932 1176 1971 decerneremus,
1207 1938 1239 1965 ut

498 1999 556 2032 pro
580 1993 667 2021 tanto
690 1986 845 2020 beneficio
870 1986 990 2029 gratiae
1020 1991 1153 2029 agantur
1177 1987 1240 2020 Deo

499 2047 529 2075 et
546 2042 614 2074 lesu
639 2041 763 2075 Christo
787 2040 853 2074 tilio
874 2040 941 2073 eius
964 2040 1098 2073 Domino
1122 2044 1241 2080 nostro,

499 2095 552 2138 qui
577 2094 807 2139 praeordinatis
833 2094 1030 2137 temporibus
1054 2104 1112 2137 per
1135 2104 1242 2127 servos

500 2158 574 2182 suos
596 2147 705 2181 fideles
730 2147 901 2180 Ecclesiam
927 2157 1016 2180 suani
1042 2147 1168 2180 visitare
1196 2147 1242 2179 di-

501 2207 636 2245 gnatur,
662 2207 695 2234 ut
718 2211 775 2244 per
799 2211 853 2234 eos
878 2201 1020 2244 exempla
1052 2201 1188 2234 iustitiae
1214 2207 1243 2234 et

501 2254 672 2288 sanctitatis
689 2255 719 2287 in
737 2254 847 2287 diebus
866 2254 983 2287 nostris
1000 2253 1039 2286 ad
1057 2254 1242 2287 imitandum

501 2313 704 2348 renoventur,
719 2313 749 2340 et
773 2307 810 2340 ad
835 2317 925 2351 quos,
951 2306 981 2339 in
1006 2307 1122 2340 nostris
1147 2314 1175 2340 et
1194 2308 1246 2341 Ee-

503 2361 615 2395 elesiae
628 2361 805 2395 Catholicae
817 2360 1067 2401 necessitatibus,
1082 2372 1154 2394 eum
1170 2362 1247 2395 sidu-

503 2415 551 2449 cia
576 2425 787 2449 recurramus.

549 2469 564 2512 ξ
588 2468 617 2500 1.
636 2468 671 2501 Ut
693 2472 799 2499 autem
824 2466 972 2499 omnibus
989 2466 1135 2500 fidelibus
1161 2467 1248 2500 inno-

505 2525 624 2555 tescant
641 2520 771 2553 virtutes
788 2524 817 2552 et
835 2530 948 2563 magna
971 2519 1060 2560 alia⁹‚
1077 2530 1156 2563 quae
1177 2531 1247 2564 ope.-

506 2579 592 2607 ratus
616 2579 662 2607 est
686 2572 892 2617 Omnipotens
916 2572 946 2605 in
973 2583 1066 2605 manu
1090 2572 1180 2616 pueri
1199 2573 1246 2606 sui

543 2647 552 2672 1
572 2644 643 2672 Edit.
659 2644 738 2672 Maia.
754 2644 839 2671 habet
857 2653 946 2679 quam
963 2644 999 2677 (n.
1020 2644 1069 2679 ¹12).

540 2689 559 2716 2
572 2689 672 2718 Forsan
686 2689 831 2725 tegendum
847 2689 998 2724 nzaqnalia
1013 2691 1052 2724 (n.
1068 2689 1116 2723 τ.).

1258 277 1412 304 Romanu

1259 326 1380 361 lsidori.
1398 324 1549 358 nonnulla
1565 324 1602 357 acl
1619 324 1673 357 Dei
1690 324 1913 368 omnipotentis
1930 323 1998 365 glo-

1260 379 1337 411 riam
1366 384 1395 411 et
1419 378 1596 412 Catholicae
1633 377 1787 411 Ecclesiae
1811 376 1999 410 aedificatio-

1259 443 1329 465 nem
1355 432 1501 465 duximus
1526 430 1711 465 enarranda.

1305 488 1319 530 g
1340 486 1369 519 ⁶2.
1396 486 1492 519 Natus
1517 490 1561 517 est
1587 484 1725 518 lsidorus
1750 484 1780 517 in
1805 483 1921 528 oppido
1942 484 2001 517 Ma-
2028 493 2199 516 esum-uvius.

1261 539 1325 572 triti
1349 539 1514 573 Toletanae
1544 537 1707 577 dioecesis,
1736 538 1908 571 humilibus
1931 537 2001 581 qui-

1261 593 1331 626 dem
1357 599 1387 625 et
1411 593 1519 636 egenis
1543 592 1746 636 parentibuS,
1775 591 1938 625 catholicis
1961 596 2002 624 ta-

1261 658 1333 680 men
1361 657 1396 680 ac
1421 646 1490 690 piis.
1508 657 1525 679 a
1544 646 1660 690 quibus
1685 645 1715 678 in
1740 646 1853 679 timore
1877 644 2002 679 Domini

1262 701 1412 734 educatus
1436 706 1465 734 et
1489 701 1601 734 doctus
1626 701 1707 734 serre
1732 700 1840 744 iugum
1865 700 1904 733 ab
1927 699 2002 733 ado-

1263 755 1411 789 lescentia
1429 757 1494 795 sua,
1516 755 1684 789 iuventutis
1701 754 1864 788 illecebras
1881 753 2004 788 sortiter

1264 820 1298 840 a«-
1324 808 1456 841 viriliter
1481 808 1616 849 devicit,
1641 818 1677 841 ac
1708 809 1813 852 spreta
1847 807 1909 840 lata
1933 807 2004 847 via,

1264 872 1342 906 quae
1367 861 1450 894 ducit
1477 861 1515 894 ad
1539 861 1761 906 perditionem,
1785 866 1951 904 angustam
1975 865 2007 893 et

1264 915 1394 948 arduam
1420 915 1563 947 semitam
1589 914 1668 947 ritae
1693 924 1862 958 aggressus
1885 919 1942 954 est,
1963 914 2008 946 in-

1264 967 1369 1008 dutus,
1389 968 1471 1000 iuxta
1489 967 1684 1011 Apostolum,
1709 973 1869 1011 tamquam
1889 967 2007 1000 electus

1265 1021 1319 1054 Dei
1337 1025 1462 1055 sanetus
1482 1026 1509 1054 et
1527 1021 1670 1062 dilectus,
1688 1021 1808 1055 viscera
1831 1020 2009 1054 misericor-

1265 1076 1344 1116 diae,
1374 1075 1611 1119 benignitatem,
1641 1075 1860 1116 humilitatem,
1888 1074 2009 1109 modes-

1266 1129 1341 1161 tiam
1367 1134 1394 1161 et
1421 1129 1613 1173 patientiam,
1635 1133 1664 1163 et
1689 1140 1786 1173 super
1809 1128 1916 1162 omnia
1939 1128 2009 1161 cha-

1267 1182 1389 1216 ritatem
1416 1183 1552 1224 habens,
1577 1183 1661 1226 quod
1685 1188 1731 1216 est
1755 1182 1916 1216 vinculum
1939 1191 2010 1226 per-

1267 1236 1419 1270 feetionis.
1445 1236 1585 1280 Cumque
1609 1236 1802 1281 paupertatis
1819 1246 1914 1270 onere
1939 1245 2010 1280 pre-

1269 1294 1430 1329 meretur,
1456 1289 1547 1333 eique
1578 1299 1706 1322 necesse
1737 1294 1819 1323 esset
1847 1289 1879 1322 in
1902 1288 2010 1322 labore

1269 1343 1372 1374 vultus
1396 1342 1444 1375 sui
1471 1342 1552 1375 vesei
1578 1353 1659 1386 pane.
1683 1353 1750 1382 suo,
1772 1342 1965 1376 laboriosum
1981 1347 2010 1375 et

1269 1401 1296 1428 et
1313 1395 1442 1435 humile,
1456 1395 1509 1428 sed
1527 1395 1610 1439 quod
1628 1395 1798 1429 innocuum
1815 1395 2011 1435 existimavit,

1270 1449 1348 1482 ritae
1373 1458 1490 1491 genus,
1521 1448 1747 1491 agriculturam
1779 1449 1883 1492 elegit.
1914 1449 2012 1488 Quam

1271 1507 1374 1535 tamen
1399 1502 1547 1535 erunibus
1577 1501 1688 1536 diebus
1719 1503 1761 1535 ita
1793 1502 1954 1545 exercuit,
1979 1507 2013 1536 ut

1270 1566 1442 1600 numquam
1467 1556 1534 1589 eius
1559 1558 1653 1590 causa
1685 1557 1810 1601 pietatis
1834 1562 1865 1590 et
1889 1557 2013 1591 miseri·
2027 1562 2146 1590 Atrieotun
2161 1561 2213 1589 nnn.

1271 1609 1396 1642 cordiae
1420 1619 1515 1653 opera
1537 1609 1750 1643 intermiserit.
1768 1610 1831 1644 Nec
1848 1610 1931 1643 enim
1948 1621 2014 1644 um-

1271 1674 1364 1706 quam
1383 1662 1420 1695 ad
1441 1673 1552 1705 agrum
1569 1662 1735 1697 colendum
1753 1663 1838 1704 exiit,
1855 1663 1914 1697 nisi
1931 1668 2014 1708 post-

1272 1727 1366 1759 quam
1392 1716 1547 1750 saeritieio
1572 1716 1686 1749 missae
1713 1716 1863 1758 interfuit,
1880 1727 1916 1751 ac
1939 1727 2012 1762 pre-

1272 1781 1324 1803 ces
1347 1770 1386 1803 ad
1414 1771 1512 1803 Deum
1548 1775 1575 1803 et
1613 1770 1828 1804 beatissimam
1852 1771 2012 1815 Virginem

1272 1824 1326 1857 Dei
1344 1825 1473 1857 Matrem
1488 1834 1523 1857 ex
1542 1824 1606 1857 imo
1618 1829 1746 1868 pectore
1759 1824 1906 1869 profudit.
1924 1825 2015 1859 Prae-

1273 1883 1363 1922 cepta
1387 1888 1462 1910 vero
1487 1877 1540 1910 Dei
1557 1883 1584 1910 et
1604 1877 1760 1910 Ecclesiae
1785 1877 1864 1911 adeo
1887 1877 2016 1921 diligen-

1274 1938 1322 1964 ter
1345 1931 1553 1971 obserrabat,
1583 1936 1636 1971 ut,
1661 1940 1699 1964 ne
1733 1930 1866 1964 assiduis
1888 1930 2016 1975 quidem

1274 1984 1436 2018 laboribus
1459 1985 1597 2023 sraetus,
1629 1989 1743 2017 statuta
1767 1994 1784 2017 a
1814 1984 1912 2018 sacris
1942 1994 2018 2019 con-

1275 2037 1491 2072 stitutionibus
1523 2037 1639 2070 ieiunia
1670 2047 1822 2080 umquam
1857 2037 2017 2078 omiserit;

1276 2102 1393 2136 eorpus
1417 2096 1521 2124 autem
1544 2101 1636 2124 suum
1664 2095 1698 2123 ut
1722 2091 1754 2123 in
1770 2090 1954 2125 servitutem
1972 2102 2020 2125 re-

1276 2145 1408 2188 digeret,
1440 2155 1502 2178 non
1528 2149 1693 2178 contentus
1728 2144 1809 2178 vitae
1843 2144 2018 2179 laboriosae

1278 2197 1504 2238 incommodis,
1531 2197 1646 2241 quibus
1670 2197 1795 2230 assidue
1818 2197 2019 2240 fatigabatur,

1278 2252 1390 2296 spiritu
1414 2251 1468 2284 Dei
1494 2250 1693 2295 impellente,
1720 2250 1790 2283 aliis
1813 2250 1907 2285 etiam
1932 2250 2220 2307 ⁰³³⁶·21193’5l'2'in'essffli

1279 2305 1369 2348 gabat
1391 2303 1614 2338 afflictionibus
1630 2309 1658 2337 ct
1676 2303 1851 2347 pressuris;
1868 2303 2019 2337 charitate
2033 2307 2104 2330 ”ihm-

1281 2359 1311 2391 in
1336 2358 1499 2402 proximos
1523 2357 1581 2391 t'uit
1601 2356 1790 2397 admirabili,
1814 2366 1898 2397 nam,
1914 2366 2021 2401 quam-

1282 2412 1327 2444 vis
1363 2412 1430 2456 ipse
1464 2410 1687 2455 pauperrimus
1720 2409 1827 2443 labore
1869 2419 2021 2443 manuum

1281 2475 1409 2499 suarum
1427 2464 1486 2498 sibi
1504 2464 1620 2497 rictum
1638 2466 1845 2507 compararet,
1859 2473 1936 2506 erga
1951 2463 2022 2497 illos

1282 2525 1386 2552 tamen
1412 2528 1539 2561 semper
1570 2516 1657 2550 dives
1681 2516 1712 2549 in
1737 2516 1954 2550 misericordia
1977 2517 2023 2550 in-

1281 2577 1391 2605 ventus
1410 2576 1467 2612 est,
1487 2570 1565 2604 adeo
1588 2574 1623 2603 ut
1645 2569 1683 2603 de
1704 2569 1890 2603 necessariis
1907 2570 2022 2614 iugiter
2068 2600 2124 2628 m·
2137 2604 2219 2628 mm·

1281 2625 1340 2660 sibi
1364 2625 1553 2665 detraheret,
1572 2633 1629 2656 nec
1654 2634 1815 2668 umquam,
1839 2623 1924 2668 quod
1949 2634 2023 2669 pau·
2035 2633 2070 2651 m
2083 2627 2193 2654 henim·-

1281 2679 1412 2724 peribus
1445 2677 1655 2721 elargiretur,
1687 2678 1830 2717 deesset3
1854 2677 2022 2713 accedebat

2007 274 2056 302 An.
2075 273 2106 302 C.
2128 273 2193 302 ¹621

2055 681 2058 683 ,
2070 654 2134 676 Pueri
2150 653 2202 675 edu·

2017 683 2082 703 catio.

2029 1828 2214 1878 υἷῖὶὶῒῖἓὲω
