<?xml version="1.0" encoding="UTF-8"?>
<!DOCTYPE html PUBLIC "-//W3C//DTD XHTML 1.0 Transitional//EN"
    "http://www.w3.org/TR/xhtml1/DTD/xhtml1-transitional.dtd">
<html xmlns="http://www.w3.org/1999/xhtml" xml:lang="en" lang="en">
 <head>
  <title>
</title>
<meta http-equiv="Content-Type" content="text/html;charset=utf-8" />
  <meta name='ocr-system' content='tesseract 3.04.00' />
  <meta name='ocr-capabilities' content='ocr_page ocr_carea ocr_par ocr_line ocrx_word'/>
</head>
<body>
  <div class='ocr_page' id='page_1' title='image "./bullarumdiplomat12cath_0592.png"; bbox 0 0 2293 3231; ppageno 0'>
   <div class='ocr_carea' id='block_1_1' title="bbox 278 252 457 281">
    <p class='ocr_par' dir='ltr' id='par_1_1' title="bbox 278 252 457 281">
     <span class='ocr_line' id='line_1_1' title="bbox 278 252 457 281; baseline 0.006 -2"><span class='ocrx_word' id='word_1_1' title='bbox 278 254 326 280; x_wconf 74' lang='lat' dir='ltr'>An.</span> <span class='ocrx_word' id='word_1_2' title='bbox 344 252 373 281; x_wconf 88' lang='lat' dir='ltr'>C.</span> <span class='ocrx_word' id='word_1_3' title='bbox 390 252 457 281; x_wconf 77' lang='lat'><strong>1621</strong></span> 
     </span>
    </p>
   </div>
   <div class='ocr_carea' id='block_1_2' title="bbox 290 2079 474 2134">
    <p class='ocr_par' dir='ltr' id='par_1_2' title="bbox 290 2079 474 2134">
     <span class='ocr_line' id='line_1_2' title="bbox 316 2079 474 2103; baseline -0.013 -2"><span class='ocrx_word' id='word_1_4' title='bbox 316 2079 429 2103; x_wconf 59' lang='lat' dir='ltr'>Fal-ultae.</span> <span class='ocrx_word' id='word_1_5' title='bbox 448 2079 474 2100; x_wconf 76' lang='lat' dir='ltr'>de</span> 
     </span>
     <span class='ocr_line' id='line_1_3' title="bbox 290 2107 472 2134; baseline -0.005 -6"><span class='ocrx_word' id='word_1_6' title='bbox 290 2113 332 2134; x_wconf 66' lang='lat' dir='ltr'>qua</span> <span class='ocrx_word' id='word_1_7' title='bbox 343 2107 363 2128; x_wconf 86' lang='lat' dir='ltr'>in</span> <span class='ocrx_word' id='word_1_8' title='bbox 379 2108 472 2129; x_wconf 61' lang='lat' dir='ltr'>rubrica.</span> 
     </span>
    </p>
   </div>
   <div class='ocr_carea' id='block_1_3' title="bbox 478 243 1243 1202">
    <p class='ocr_par' dir='ltr' id='par_1_3' title="bbox 478 243 1243 986">
     <span class='ocr_line' id='line_1_4' title="bbox 506 243 571 279; baseline -0.031 0"><span class='ocrx_word' id='word_1_9' title='bbox 506 243 571 279; x_wconf 67' lang='lat'>554</span> 
     </span>
     <span class='ocr_line' id='line_1_5' title="bbox 479 297 1238 344; baseline -0.007 -10"><span class='ocrx_word' id='word_1_10' title='bbox 479 302 648 335; x_wconf 86' lang='lat' dir='ltr'>missorum</span> <span class='ocrx_word' id='word_1_11' title='bbox 673 297 911 344; x_wconf 85' lang='lat' dir='ltr'>quomodolibet</span> <span class='ocrx_word' id='word_1_12' title='bbox 944 297 1118 338; x_wconf 74' lang='lat' dir='ltr'>concessis,</span> <span class='ocrx_word' id='word_1_13' title='bbox 1144 307 1238 341; x_wconf 69' lang='lat' dir='ltr'>con-7</span> 
     </span>
     <span class='ocr_line' id='line_1_6' title="bbox 478 350 1239 396; baseline -0.007 -9"><span class='ocrx_word' id='word_1_14' title='bbox 478 354 611 387; x_wconf 86' lang='lat' dir='ltr'>firmatis</span> <span class='ocrx_word' id='word_1_15' title='bbox 635 358 665 385; x_wconf 86' lang='lat' dir='ltr'>et</span> <span class='ocrx_word' id='word_1_16' title='bbox 689 351 881 396; x_wconf 84' lang='lat' dir='ltr'>approbatis.</span> <span class='ocrx_word' id='word_1_17' title='bbox 910 350 1029 390; x_wconf 85' lang='lat' dir='ltr'><strong>Quibus</strong></span> <span class='ocrx_word' id='word_1_18' title='bbox 1059 350 1239 391; x_wconf 68' lang='lat' dir='ltr'>omnibus‚‡</span> 
     </span>
     <span class='ocr_line' id='line_1_7' title="bbox 479 403 1220 450; baseline -0.005 -9"><span class='ocrx_word' id='word_1_19' title='bbox 479 407 598 442; x_wconf 80' lang='lat' dir='ltr'>etiamsi</span> <span class='ocrx_word' id='word_1_20' title='bbox 618 415 675 450; x_wconf 85' lang='lat' dir='ltr'>pro</span> <span class='ocrx_word' id='word_1_21' title='bbox 693 404 859 438; x_wconf 82' lang='lat' dir='ltr'>sufficienti</span> <span class='ocrx_word' id='word_1_22' title='bbox 884 414 995 437; x_wconf 88' lang='lat' dir='ltr'>eorum</span> <span class='ocrx_word' id='word_1_23' title='bbox 1017 403 1220 447; x_wconf 69' lang='lat' dir='ltr'>derogatione</span> 
     </span>
     <span class='ocr_line' id='line_1_8' title="bbox 478 457 1220 501; baseline -0.004 -9"><span class='ocrx_word' id='word_1_24' title='bbox 478 460 516 493; x_wconf 86' lang='lat' dir='ltr'>de</span> <span class='ocrx_word' id='word_1_25' title='bbox 531 459 601 498; x_wconf 81' lang='lat' dir='ltr'>illis,</span> <span class='ocrx_word' id='word_1_26' title='bbox 613 468 788 501; x_wconf 88' lang='lat' dir='ltr'>eorumque</span> <span class='ocrx_word' id='word_1_27' title='bbox 805 457 877 490; x_wconf 90' lang='lat' dir='ltr'>totis</span> <span class='ocrx_word' id='word_1_28' title='bbox 891 457 1053 490; x_wconf 85' lang='lat' dir='ltr'>tenoribus</span> <span class='ocrx_word' id='word_1_29' title='bbox 1067 457 1220 501; x_wconf 88' lang='lat' dir='ltr'>specialis,</span> 
     </span>
     <span class='ocr_line' id='line_1_9' title="bbox 479 508 1240 557; baseline -0.004 -11"><span class='ocrx_word' id='word_1_30' title='bbox 479 512 626 557; x_wconf 71' lang='lat' dir='ltr'>specifica</span> <span class='ocrx_word' id='word_1_31' title='bbox 644 517 672 544; x_wconf 84' lang='lat' dir='ltr'>et</span> <span class='ocrx_word' id='word_1_32' title='bbox 691 521 841 555; x_wconf 77' lang='lat' dir='ltr'>expressa</span> <span class='ocrx_word' id='word_1_33' title='bbox 857 521 893 543; x_wconf 86' lang='lat' dir='ltr'>ao</span> <span class='ocrx_word' id='word_1_34' title='bbox 911 509 1081 550; x_wconf 73' lang='lat' dir='ltr'>individua,</span> <span class='ocrx_word' id='word_1_35' title='bbox 1095 520 1157 543; x_wconf 88' lang='lat' dir='ltr'>non</span> <span class='ocrx_word' id='word_1_36' title='bbox 1171 521 1222 543; x_wconf 90' lang='lat' dir='ltr'>au—</span> <span class='ocrx_word' id='word_1_37' title='bbox 1238 508 1240 530; x_wconf 56' lang='lat'>³</span> 
     </span>
     <span class='ocr_line' id='line_1_10' title="bbox 479 563 1240 609; baseline -0.003 -11"><span class='ocrx_word' id='word_1_38' title='bbox 479 572 540 598; x_wconf 87' lang='lat' dir='ltr'>tem</span> <span class='ocrx_word' id='word_1_39' title='bbox 559 576 616 609; x_wconf 82' lang='lat' dir='ltr'>per</span> <span class='ocrx_word' id='word_1_40' title='bbox 634 564 790 598; x_wconf 74' lang='lat' dir='ltr'>clausulas</span> <span class='ocrx_word' id='word_1_41' title='bbox 816 564 980 607; x_wconf 77' lang='lat' dir='ltr'>generales</span> <span class='ocrx_word' id='word_1_42' title='bbox 1002 564 1084 597; x_wconf 88' lang='lat' dir='ltr'>idem</span> <span class='ocrx_word' id='word_1_43' title='bbox 1102 564 1221 608; x_wconf 88' lang='lat' dir='ltr'>impor-</span> <span class='ocrx_word' id='word_1_44' title='bbox 1238 563 1240 571; x_wconf 82' lang='lat'><em>&#39;</em></span> 
     </span>
     <span class='ocr_line' id='line_1_11' title="bbox 478 616 1222 662; baseline -0.004 -10"><span class='ocrx_word' id='word_1_45' title='bbox 478 623 560 654; x_wconf 78' lang='lat' dir='ltr'>tante</span> <span class='ocrx_word' id='word_1_46' title='bbox 575 646 582 658; x_wconf 90' lang='lat'>,</span> <span class='ocrx_word' id='word_1_47' title='bbox 605 618 723 651; x_wconf 87' lang='lat' dir='ltr'>mentio</span> <span class='ocrx_word' id='word_1_48' title='bbox 746 628 800 651; x_wconf 85' lang='lat' dir='ltr'>seu</span> <span class='ocrx_word' id='word_1_49' title='bbox 825 618 953 662; x_wconf 72' lang='lat' dir='ltr'>quaevis</span> <span class='ocrx_word' id='word_1_50' title='bbox 977 617 1037 651; x_wconf 84' lang='lat' dir='ltr'>alia</span> <span class='ocrx_word' id='word_1_51' title='bbox 1061 616 1222 661; x_wconf 78' lang='lat' dir='ltr'>expressio</span> 
     </span>
     <span class='ocr_line' id='line_1_12' title="bbox 480 663 1241 716; baseline -0.001 -12"><span class='ocrx_word' id='word_1_52' title='bbox 480 671 622 705; x_wconf 81' lang='lat' dir='ltr'>habenda</span> <span class='ocrx_word' id='word_1_53' title='bbox 635 676 726 712; x_wconf 82' lang='lat' dir='ltr'>esset,</span> <span class='ocrx_word' id='word_1_54' title='bbox 737 682 848 705; x_wconf 89' lang='lat' dir='ltr'>eorum</span> <span class='ocrx_word' id='word_1_55' title='bbox 863 676 990 704; x_wconf 75' lang='lat' dir='ltr'>tenores</span> <span class='ocrx_word' id='word_1_56' title='bbox 1003 670 1222 716; x_wconf 74' lang='lat' dir='ltr'>praesentibus</span> <span class='ocrx_word' id='word_1_57' title='bbox 1238 663 1241 686; x_wconf 72' lang='lat' dir='ltr'>t</span> 
     </span>
     <span class='ocr_line' id='line_1_13' title="bbox 479 717 1241 770; baseline 0 -13"><span class='ocrx_word' id='word_1_58' title='bbox 479 735 537 769; x_wconf 90' lang='lat' dir='ltr'>pro</span> <span class='ocrx_word' id='word_1_59' title='bbox 554 725 645 769; x_wconf 87' lang='lat' dir='ltr'>plene</span> <span class='ocrx_word' id='word_1_60' title='bbox 663 731 691 758; x_wconf 90' lang='lat' dir='ltr'>et</span> <span class='ocrx_word' id='word_1_61' title='bbox 713 725 905 758; x_wconf 81' lang='lat' dir='ltr'>sufficienter</span> <span class='ocrx_word' id='word_1_62' title='bbox 929 724 1085 769; x_wconf 73' lang='lat' dir='ltr'>expressis</span> <span class='ocrx_word' id='word_1_63' title='bbox 1109 717 1241 770; x_wconf 60' lang='lat' dir='ltr'>bahem}</span> 
     </span>
     <span class='ocr_line' id='line_1_14' title="bbox 479 775 1241 824; baseline -0.003 -11"><span class='ocrx_word' id='word_1_64' title='bbox 479 785 535 820; x_wconf 87' lang='lat' dir='ltr'>tes,</span> <span class='ocrx_word' id='word_1_65' title='bbox 553 779 616 813; x_wconf 89' lang='lat' dir='ltr'>illis</span> <span class='ocrx_word' id='word_1_66' title='bbox 642 779 718 812; x_wconf 76' lang='lat' dir='ltr'>alias</span> <span class='ocrx_word' id='word_1_67' title='bbox 736 779 767 812; x_wconf 92' lang='lat' dir='ltr'>in</span> <span class='ocrx_word' id='word_1_68' title='bbox 784 790 841 813; x_wconf 89' lang='lat' dir='ltr'>suo</span> <span class='ocrx_word' id='word_1_69' title='bbox 858 779 974 812; x_wconf 87' lang='lat' dir='ltr'>robore</span> <span class='ocrx_word' id='word_1_70' title='bbox 993 779 1222 824; x_wconf 80' lang='lat' dir='ltr'>permansuris,</span> <span class='ocrx_word' id='word_1_71' title='bbox 1239 775 1241 803; x_wconf 64' lang='lat' dir='ltr'>l</span> 
     </span>
     <span class='ocr_line' id='line_1_15' title="bbox 479 807 1242 884; baseline -0.001 -17"><span class='ocrx_word' id='word_1_72' title='bbox 479 834 538 867; x_wconf 85' lang='lat' dir='ltr'>hac</span> <span class='ocrx_word' id='word_1_73' title='bbox 555 833 621 867; x_wconf 70' lang='lat' dir='ltr'>vice</span> <span class='ocrx_word' id='word_1_74' title='bbox 642 833 804 866; x_wconf 80' lang='lat' dir='ltr'>dumtaxat</span> <span class='ocrx_word' id='word_1_75' title='bbox 827 833 1004 877; x_wconf 72' lang='lat' dir='ltr'>specialiter</span> <span class='ocrx_word' id='word_1_76' title='bbox 1025 837 1054 866; x_wconf 83' lang='lat' dir='ltr'>et</span> <span class='ocrx_word' id='word_1_77' title='bbox 1075 807 1242 884; x_wconf 44' lang='lat' dir='ltr'>expresse*</span> 
     </span>
     <span class='ocr_line' id='line_1_16' title="bbox 481 885 1243 952; baseline -0.001 -32"><span class='ocrx_word' id='word_1_78' title='bbox 481 887 683 931; x_wconf 82' lang='lat' dir='ltr'>derogamus,</span> <span class='ocrx_word' id='word_1_79' title='bbox 709 888 884 932; x_wconf 84' lang='lat' dir='ltr'>ceterisque</span> <span class='ocrx_word' id='word_1_80' title='bbox 909 886 1075 921; x_wconf 82' lang='lat' dir='ltr'>contrariis</span> <span class='ocrx_word' id='word_1_81' title='bbox 1100 885 1243 952; x_wconf 56' lang='lat' dir='ltr'>quibus-¹3</span> 
     </span>
     <span class='ocr_line' id='line_1_17' title="bbox 481 951 1243 986; baseline -0.004 -10"><span class='ocrx_word' id='word_1_82' title='bbox 481 951 628 986; x_wconf 88' lang='lat' dir='ltr'>cumque.</span> <span class='ocrx_word' id='word_1_83' title='bbox 1240 954 1243 980; x_wconf 68' lang='grc' dir='ltr'>ς</span> 
     </span>
    </p>

    <p class='ocr_par' dir='ltr' id='par_1_4' title="bbox 482 985 1243 1148">
     <span class='ocr_line' id='line_1_18' title="bbox 526 985 1243 1039; baseline -0.003 -11"><span class='ocrx_word' id='word_1_84' title='bbox 526 995 638 1028; x_wconf 85' lang='lat' dir='ltr'>Datum</span> <span class='ocrx_word' id='word_1_85' title='bbox 664 995 796 1035; x_wconf 87' lang='lat' dir='ltr'>Romae,</span> <span class='ocrx_word' id='word_1_86' title='bbox 822 994 904 1039; x_wconf 83' lang='lat' dir='ltr'>apud</span> <span class='ocrx_word' id='word_1_87' title='bbox 930 998 1069 1028; x_wconf 81' lang='lat' dir='ltr'>sanctam</span> <span class='ocrx_word' id='word_1_88' title='bbox 1095 985 1243 1028; x_wconf 69' lang='lat' dir='ltr'>Mariam}</span> 
     </span>
     <span class='ocr_line' id='line_1_19' title="bbox 483 1047 1225 1091; baseline -0.001 -9"><span class='ocrx_word' id='word_1_89' title='bbox 483 1049 643 1091; x_wconf 80' lang='lat' dir='ltr'>Maiorem,</span> <span class='ocrx_word' id='word_1_90' title='bbox 662 1048 719 1082; x_wconf 90' lang='lat' dir='ltr'>sub</span> <span class='ocrx_word' id='word_1_91' title='bbox 743 1049 859 1082; x_wconf 87' lang='lat' dir='ltr'>annulo</span> <span class='ocrx_word' id='word_1_92' title='bbox 884 1048 1061 1088; x_wconf 81' lang='lat' dir='ltr'>l&#39;iscatoris,</span> <span class='ocrx_word' id='word_1_93' title='bbox 1079 1047 1129 1080; x_wconf 84' lang='lat' dir='ltr'>die</span> <span class='ocrx_word' id='word_1_94' title='bbox 1147 1057 1225 1082; x_wconf 74' lang='lat' dir='ltr'>xvm</span> 
     </span>
     <span class='ocr_line' id='line_1_20' title="bbox 482 1102 1202 1148; baseline -0.001 -12"><span class='ocrx_word' id='word_1_95' title='bbox 482 1103 560 1136; x_wconf 89' lang='lat' dir='ltr'>iunii</span> <span class='ocrx_word' id='word_1_96' title='bbox 580 1112 712 1144; x_wconf 65' lang='lat' dir='ltr'>nincxxi,</span> <span class='ocrx_word' id='word_1_97' title='bbox 729 1103 930 1148; x_wconf 83' lang='lat' dir='ltr'>pontificatus</span> <span class='ocrx_word' id='word_1_98' title='bbox 955 1102 1054 1136; x_wconf 80' lang='lat' dir='ltr'>nostri</span> <span class='ocrx_word' id='word_1_99' title='bbox 1078 1112 1160 1136; x_wconf 90' lang='lat' dir='ltr'>anno</span> <span class='ocrx_word' id='word_1_100' title='bbox 1183 1112 1202 1136; x_wconf 87' lang='lat'>1.</span> 
     </span>
    </p>

    <p class='ocr_par' dir='ltr' id='par_1_5' title="bbox 517 1165 1074 1202">
     <span class='ocr_line' id='line_1_21' title="bbox 517 1165 1074 1202; baseline -0.005 -7"><span class='ocrx_word' id='word_1_101' title='bbox 517 1167 578 1195; x_wconf 84' lang='lat' dir='ltr'>Dat.</span> <span class='ocrx_word' id='word_1_102' title='bbox 596 1166 639 1195; x_wconf 89' lang='lat' dir='ltr'>die</span> <span class='ocrx_word' id='word_1_103' title='bbox 654 1166 688 1194; x_wconf 75' lang='lat'>18</span> <span class='ocrx_word' id='word_1_104' title='bbox 703 1165 769 1194; x_wconf 90' lang='lat' dir='ltr'>iunii</span> <span class='ocrx_word' id='word_1_105' title='bbox 788 1166 866 1201; x_wconf 47' lang='lat'>¹521!</span> <span class='ocrx_word' id='word_1_106' title='bbox 883 1165 977 1202; x_wconf 81' lang='lat' dir='ltr'>pontis.</span> <span class='ocrx_word' id='word_1_107' title='bbox 995 1174 1039 1193; x_wconf 84' lang='lat' dir='ltr'>an.</span> <span class='ocrx_word' id='word_1_108' title='bbox 1055 1172 1074 1193; x_wconf 84' lang='lat'>1.</span> 
     </span>
    </p>
   </div>
   <div class='ocr_carea' id='block_1_4' title="bbox 749 1232 907 1237">
    <p class='ocr_par' dir='ltr' id='par_1_6' title="bbox 749 1232 907 1237">
     <span class='ocr_line' id='line_1_22' title="bbox 749 1232 907 1237; baseline 0 0"><span class='ocrx_word' id='word_1_109' title='bbox 749 1232 907 1237; x_wconf 95' lang='lat' dir='ltr'> </span> 
     </span>
    </p>
   </div>
   <div class='ocr_carea' id='block_1_5' title="bbox 806 1281 908 1315">
    <p class='ocr_par' dir='ltr' id='par_1_7' title="bbox 806 1281 908 1315">
     <span class='ocr_line' id='line_1_23' title="bbox 806 1281 908 1315; baseline -0.01 0"><span class='ocrx_word' id='word_1_110' title='bbox 806 1281 908 1315; x_wconf 77' lang='lat' dir='ltr'>xvlll.</span> 
     </span>
    </p>
   </div>
   <div class='ocr_carea' id='block_1_6' title="bbox 485 1354 1247 1720">
    <p class='ocr_par' dir='ltr' id='par_1_8' title="bbox 485 1354 1247 1720">
     <span class='ocr_line' id='line_1_24' title="bbox 485 1354 1229 1398; baseline -0.003 -9"><span class='ocrx_word' id='word_1_111' title='bbox 485 1355 640 1389; x_wconf 64' lang='lat' dir='ltr'>facultas</span> <span class='ocrx_word' id='word_1_112' title='bbox 660 1354 833 1397; x_wconf 73' lang='lat' dir='ltr'>viceleqoto</span> <span class='ocrx_word' id='word_1_113' title='bbox 849 1354 1068 1388; x_wconf 79' lang='lat' dir='ltr'>Avenionensi</span> <span class='ocrx_word' id='word_1_114' title='bbox 1085 1354 1229 1398; x_wconf 74' lang='lat' dir='ltr'>elioendi</span> 
     </span>
     <span class='ocr_line' id='line_1_25' title="bbox 532 1408 1228 1452; baseline -0.003 -10"><span class='ocrx_word' id='word_1_115' title='bbox 532 1414 594 1442; x_wconf 74' lang='lat' dir='ltr'>tres</span> <span class='ocrx_word' id='word_1_116' title='bbox 618 1409 703 1442; x_wconf 77' lang='lat' dir='ltr'>viros</span> <span class='ocrx_word' id='word_1_117' title='bbox 729 1419 789 1452; x_wconf 84' lang='lat' dir='ltr'>pro</span> <span class='ocrx_word' id='word_1_118' title='bbox 813 1408 972 1441; x_wconf 74' lang='lat' dir='ltr'>decisione</span> <span class='ocrx_word' id='word_1_119' title='bbox 997 1409 1228 1442; x_wconf 73' lang='lat' dir='ltr'>controversio-</span> 
     </span>
     <span class='ocr_line' id='line_1_26' title="bbox 529 1461 1247 1496; baseline -0.001 0"><span class='ocrx_word' id='word_1_120' title='bbox 529 1473 606 1496; x_wconf 82' lang='lat' dir='ltr'>rum</span> <span class='ocrx_word' id='word_1_121' title='bbox 625 1463 711 1496; x_wconf 80' lang='lat' dir='ltr'>inter</span> <span class='ocrx_word' id='word_1_122' title='bbox 735 1462 896 1495; x_wconf 65' lang='lat' dir='ltr'>civilatem</span> <span class='ocrx_word' id='word_1_123' title='bbox 922 1462 1181 1495; x_wconf 69' lang='lat' dir='ltr'>Avenionensem</span> <span class='ocrx_word' id='word_1_124' title='bbox 1201 1461 1247 1495; x_wconf 72' lang='lat' dir='ltr'>et*</span> 
     </span>
     <span class='ocr_line' id='line_1_27' title="bbox 531 1514 1228 1559; baseline 0 -10"><span class='ocrx_word' id='word_1_125' title='bbox 531 1517 677 1549; x_wconf 79' lang='lat' dir='ltr'>homines</span> <span class='ocrx_word' id='word_1_126' title='bbox 702 1515 797 1559; x_wconf 71' lang='lat' dir='ltr'>huryi</span> <span class='ocrx_word' id='word_1_127' title='bbox 821 1515 859 1548; x_wconf 81' lang='lat' dir='ltr'>de</span> <span class='ocrx_word' id='word_1_128' title='bbox 876 1515 977 1549; x_wconf 74' lang='lat' dir='ltr'>Not-es</span> <span class='ocrx_word' id='word_1_129' title='bbox 994 1519 1023 1548; x_wconf 82' lang='lat' dir='ltr'>el</span> <span class='ocrx_word' id='word_1_130' title='bbox 1043 1514 1126 1549; x_wconf 71' lang='lat' dir='ltr'>cilios</span> <span class='ocrx_word' id='word_1_131' title='bbox 1147 1516 1228 1549; x_wconf 80' lang='lat' dir='ltr'>Pro-</span> 
     </span>
     <span class='ocr_line' id='line_1_28' title="bbox 531 1569 1230 1612; baseline -0.001 -10"><span class='ocrx_word' id='word_1_132' title='bbox 531 1569 686 1602; x_wconf 73' lang='lat' dir='ltr'>vinciales</span> <span class='ocrx_word' id='word_1_133' title='bbox 700 1569 904 1609; x_wconf 74' lang='lat' dir='ltr'>vertentium,</span> <span class='ocrx_word' id='word_1_134' title='bbox 918 1569 1046 1602; x_wconf 78' lang='lat' dir='ltr'>ratione</span> <span class='ocrx_word' id='word_1_135' title='bbox 1053 1569 1230 1612; x_wconf 77' lang='lat' dir='ltr'>confinium</span> 
     </span>
     <span class='ocr_line' id='line_1_29' title="bbox 531 1622 1232 1666; baseline 0 -11"><span class='ocrx_word' id='word_1_136' title='bbox 531 1627 559 1656; x_wconf 85' lang='lat' dir='ltr'>et</span> <span class='ocrx_word' id='word_1_137' title='bbox 577 1622 829 1662; x_wconf 74' lang='lat' dir='ltr'>iurisdictionis,</span> <span class='ocrx_word' id='word_1_138' title='bbox 843 1632 938 1666; x_wconf 75' lang='lat' dir='ltr'>quom</span> <span class='ocrx_word' id='word_1_139' title='bbox 954 1622 1159 1655; x_wconf 78' lang='lat' dir='ltr'>Francorum</span> <span class='ocrx_word' id='word_1_140' title='bbox 1174 1633 1232 1656; x_wconf 70' lang='lat' dir='ltr'>rea:</span> 
     </span>
     <span class='ocr_line' id='line_1_30' title="bbox 531 1675 1229 1720; baseline 0.001 -12"><span class='ocrx_word' id='word_1_141' title='bbox 531 1686 627 1720; x_wconf 75' lang='lat' dir='ltr'>super</span> <span class='ocrx_word' id='word_1_142' title='bbox 648 1675 786 1719; x_wconf 77' lang='lat' dir='ltr'>[lumine</span> <span class='ocrx_word' id='word_1_143' title='bbox 803 1676 981 1709; x_wconf 70' lang='lat' dir='ltr'>Durcntz&#39;ctc</span> <span class='ocrx_word' id='word_1_144' title='bbox 999 1675 1064 1708; x_wconf 73' lang='lat' dir='ltr'>sibi</span> <span class='ocrx_word' id='word_1_145' title='bbox 1083 1676 1198 1709; x_wconf 83' lang='lat' dir='ltr'>asserit</span> <span class='ocrx_word' id='word_1_146' title='bbox 1211 1675 1229 1708; x_wconf 87' lang='lat'>⁴.</span> 
     </span>
    </p>
   </div>
   <div class='ocr_carea' id='block_1_7' title="bbox 486 1755 1232 1881">
    <p class='ocr_par' dir='ltr' id='par_1_9' title="bbox 486 1755 1232 1881">
     <span class='ocr_line' id='line_1_31' title="bbox 486 1755 1232 1791; baseline 0 -6"><span class='ocrx_word' id='word_1_147' title='bbox 486 1756 659 1785; x_wconf 78' lang='lat' dir='ltr'>Venerabili</span> <span class='ocrx_word' id='word_1_148' title='bbox 692 1755 780 1784; x_wconf 81' lang='lat' dir='ltr'>fratri</span> <span class='ocrx_word' id='word_1_149' title='bbox 814 1756 970 1784; x_wconf 88' lang='lat' dir='ltr'>Guillelmo</span> <span class='ocrx_word' id='word_1_150' title='bbox 1005 1756 1232 1791; x_wconf 82' lang='lat' dir='ltr'>archiepiscopo</span> 
     </span>
     <span class='ocr_line' id='line_1_32' title="bbox 523 1800 1232 1836; baseline 0.001 -7"><span class='ocrx_word' id='word_1_151' title='bbox 523 1800 730 1836; x_wconf 75' lang='lat' dir='ltr'>seleuciensi,</span> <span class='ocrx_word' id='word_1_152' title='bbox 756 1801 787 1828; x_wconf 85' lang='lat' dir='ltr'>in</span> <span class='ocrx_word' id='word_1_153' title='bbox 817 1801 942 1830; x_wconf 81' lang='lat' dir='ltr'>civitate</span> <span class='ocrx_word' id='word_1_154' title='bbox 969 1802 1171 1830; x_wconf 81' lang='lat' dir='ltr'>Avenionensi</span> <span class='ocrx_word' id='word_1_155' title='bbox 1198 1810 1232 1830; x_wconf 84' lang='lat' dir='ltr'>ac</span> 
     </span>
     <span class='ocr_line' id='line_1_33' title="bbox 523 1846 1208 1881; baseline 0 -7"><span class='ocrx_word' id='word_1_156' title='bbox 523 1847 668 1875; x_wconf 80' lang='lat' dir='ltr'>comitatu</span> <span class='ocrx_word' id='word_1_157' title='bbox 688 1846 802 1874; x_wconf 81' lang='lat' dir='ltr'>nostris</span> <span class='ocrx_word' id='word_1_158' title='bbox 822 1847 1008 1881; x_wconf 71' lang='lat' dir='ltr'>venoyssino</span> <span class='ocrx_word' id='word_1_159' title='bbox 1028 1847 1208 1881; x_wconf 55' lang='lat' dir='ltr'>vicelegatm</span> 
     </span>
    </p>
   </div>
   <div class='ocr_carea' id='block_1_8' title="bbox 1085 249 1240 274">
    <p class='ocr_par' dir='ltr' id='par_1_10' title="bbox 1085 249 1240 274">
     <span class='ocr_line' id='line_1_34' title="bbox 1085 249 1240 274; baseline -0.006 0"><span class='ocrx_word' id='word_1_160' title='bbox 1085 249 1240 274; x_wconf 68' lang='lat' dir='ltr'><strong>BULLAnnJ</strong></span> 
     </span>
    </p>
   </div>
   <div class='ocr_carea' id='block_1_9' title="bbox 1243 248 1440 274">
    <p class='ocr_par' dir='ltr' id='par_1_11' title="bbox 1243 248 1440 274">
     <span class='ocr_line' id='line_1_35' title="bbox 1243 248 1440 274; baseline 0 0"><span class='ocrx_word' id='word_1_161' title='bbox 1243 249 1265 274; x_wconf 75' lang='lat' dir='ltr'>M</span> <span class='ocrx_word' id='word_1_162' title='bbox 1285 248 1440 274; x_wconf 62' lang='lat' dir='ltr'>Romnum</span> 
     </span>
    </p>
   </div>
   <div class='ocr_carea' id='block_1_10' title="bbox 1253 296 1996 393">
    <p class='ocr_par' dir='ltr' id='par_1_12' title="bbox 1253 296 1996 393">
     <span class='ocr_line' id='line_1_36' title="bbox 1253 296 1996 342; baseline 0.005 -13"><span class='ocrx_word' id='word_1_163' title='bbox 1253 297 1328 330; x_wconf 84' lang='lat' dir='ltr'>sulis</span> <span class='ocrx_word' id='word_1_164' title='bbox 1346 296 1376 329; x_wconf 90' lang='lat' dir='ltr'>in</span> <span class='ocrx_word' id='word_1_165' title='bbox 1394 297 1505 331; x_wconf 87' lang='lat' dir='ltr'>eodem</span> <span class='ocrx_word' id='word_1_166' title='bbox 1530 297 1618 332; x_wconf 82' lang='lat' dir='ltr'>alveo</span> <span class='ocrx_word' id='word_1_167' title='bbox 1636 297 1702 331; x_wconf 88' lang='lat' dir='ltr'>sitis</span> <span class='ocrx_word' id='word_1_168' title='bbox 1722 298 1911 342; x_wconf 84' lang='lat' dir='ltr'>praetendit,</span> <span class='ocrx_word' id='word_1_169' title='bbox 1928 309 1996 333; x_wconf 86' lang='lat' dir='ltr'>ver-</span> 
     </span>
     <span class='ocr_line' id='line_1_37' title="bbox 1254 350 1996 393; baseline 0.004 -11"><span class='ocrx_word' id='word_1_170' title='bbox 1254 354 1354 383; x_wconf 82' lang='lat' dir='ltr'>tentes</span> <span class='ocrx_word' id='word_1_171' title='bbox 1381 350 1544 384; x_wconf 87' lang='lat' dir='ltr'>terminari</span> <span class='ocrx_word' id='word_1_172' title='bbox 1562 355 1593 383; x_wconf 90' lang='lat' dir='ltr'>et</span> <span class='ocrx_word' id='word_1_173' title='bbox 1612 350 1724 391; x_wconf 88' lang='lat' dir='ltr'>decidi,</span> <span class='ocrx_word' id='word_1_174' title='bbox 1741 361 1777 384; x_wconf 86' lang='lat' dir='ltr'>ac</span> <span class='ocrx_word' id='word_1_175' title='bbox 1797 351 1836 384; x_wconf 89' lang='lat' dir='ltr'>de</span> <span class='ocrx_word' id='word_1_176' title='bbox 1852 353 1906 385; x_wconf 71' lang='lat' dir='ltr'>tua</span> <span class='ocrx_word' id='word_1_177' title='bbox 1923 351 1996 393; x_wconf 82' lang='lat' dir='ltr'>fide,</span> 
     </span>
    </p>
   </div>
   <div class='ocr_carea' id='block_1_11' title="bbox 1237 402 1997 500">
    <p class='ocr_par' dir='ltr' id='par_1_13' title="bbox 1237 402 1997 500">
     <span class='ocr_line' id='line_1_38' title="bbox 1237 402 1996 448; baseline 0.001 -10"><span class='ocrx_word' id='word_1_178' title='bbox 1237 402 1432 448; x_wconf 63' lang='lat' dir='ltr'>Tprudentia,</span> <span class='ocrx_word' id='word_1_179' title='bbox 1457 403 1612 444; x_wconf 76' lang='lat' dir='ltr'>doctrina,</span> <span class='ocrx_word' id='word_1_180' title='bbox 1633 403 1821 447; x_wconf 86' lang='lat' dir='ltr'>integritate,</span> <span class='ocrx_word' id='word_1_181' title='bbox 1834 415 1870 438; x_wconf 85' lang='lat' dir='ltr'>ac</span> <span class='ocrx_word' id='word_1_182' title='bbox 1894 405 1926 438; x_wconf 90' lang='lat' dir='ltr'>in</span> <span class='ocrx_word' id='word_1_183' title='bbox 1951 416 1996 439; x_wconf 88' lang='lat' dir='ltr'>re-</span> 
     </span>
     <span class='ocr_line' id='line_1_39' title="bbox 1238 447 1997 500; baseline 0.003 -10"><span class='ocrx_word' id='word_1_184' title='bbox 1238 447 1312 500; x_wconf 67' lang='lat' dir='ltr'>}bus</span> <span class='ocrx_word' id='word_1_185' title='bbox 1335 456 1464 500; x_wconf 80' lang='lat' dir='ltr'>agendis</span> <span class='ocrx_word' id='word_1_186' title='bbox 1487 456 1678 500; x_wconf 69' lang='lat' dir='ltr'>experientia</span> <span class='ocrx_word' id='word_1_187' title='bbox 1697 456 1871 500; x_wconf 89' lang='lat' dir='ltr'>plurimum</span> <span class='ocrx_word' id='word_1_188' title='bbox 1892 457 1924 490; x_wconf 88' lang='lat' dir='ltr'>in</span> <span class='ocrx_word' id='word_1_189' title='bbox 1940 457 1997 492; x_wconf 86' lang='lat' dir='ltr'>Do·</span> 
     </span>
    </p>
   </div>
   <div class='ocr_carea' id='block_1_12' title="bbox 1255 509 1997 554">
    <p class='ocr_par' dir='ltr' id='par_1_14' title="bbox 1255 509 1997 554">
     <span class='ocr_line' id='line_1_40' title="bbox 1255 509 1997 554; baseline 0.003 -11"><span class='ocrx_word' id='word_1_190' title='bbox 1255 510 1341 544; x_wconf 86' lang='lat' dir='ltr'>mino</span> <span class='ocrx_word' id='word_1_191' title='bbox 1366 509 1487 551; x_wconf 83' lang='lat' dir='ltr'>confisi,</span> <span class='ocrx_word' id='word_1_192' title='bbox 1510 510 1567 543; x_wconf 86' lang='lat' dir='ltr'>tibi</span> <span class='ocrx_word' id='word_1_193' title='bbox 1593 515 1658 552; x_wconf 88' lang='lat' dir='ltr'>tres</span> <span class='ocrx_word' id='word_1_194' title='bbox 1680 520 1841 554; x_wconf 81' lang='lat' dir='ltr'>personaS,</span> <span class='ocrx_word' id='word_1_195' title='bbox 1858 520 1938 554; x_wconf 86' lang='lat' dir='ltr'>quae</span> <span class='ocrx_word' id='word_1_196' title='bbox 1953 512 1997 545; x_wconf 89' lang='lat' dir='ltr'>in-</span> 
     </span>
    </p>
   </div>
   <div class='ocr_carea' id='block_1_13' title="bbox 1238 562 1997 660">
    <p class='ocr_par' dir='ltr' id='par_1_15' title="bbox 1238 562 1997 660">
     <span class='ocr_line' id='line_1_41' title="bbox 1238 562 1997 607; baseline 0.003 -11"><span class='ocrx_word' id='word_1_197' title='bbox 1238 563 1347 596; x_wconf 70' lang='lat' dir='ltr'>simul</span> <span class='ocrx_word' id='word_1_198' title='bbox 1374 573 1446 597; x_wconf 87' lang='lat' dir='ltr'>cum</span> <span class='ocrx_word' id='word_1_199' title='bbox 1470 563 1696 597; x_wconf 79' lang='lat' dir='ltr'>commissariis</span> <span class='ocrx_word' id='word_1_200' title='bbox 1721 573 1776 596; x_wconf 86' lang='lat' dir='ltr'>seu</span> <span class='ocrx_word' id='word_1_201' title='bbox 1800 562 1956 607; x_wconf 89' lang='lat' dir='ltr'>deputatis</span> <span class='ocrx_word' id='word_1_202' title='bbox 1979 575 1997 598; x_wconf 90' lang='lat' dir='ltr'>a</span> 
     </span>
     <span class='ocr_line' id='line_1_42' title="bbox 1238 608 1996 660; baseline 0.003 -11"><span class='ocrx_word' id='word_1_203' title='bbox 1238 608 1339 658; x_wconf 58' lang='lat' dir='ltr'>{dicto</span> <span class='ocrx_word' id='word_1_204' title='bbox 1370 616 1529 650; x_wconf 78' lang='lat' dir='ltr'>Ludorico</span> <span class='ocrx_word' id='word_1_205' title='bbox 1558 626 1634 660; x_wconf 85' lang='lat' dir='ltr'>rege</span> <span class='ocrx_word' id='word_1_206' title='bbox 1658 615 1697 649; x_wconf 91' lang='lat' dir='ltr'>de</span> <span class='ocrx_word' id='word_1_207' title='bbox 1720 616 1823 649; x_wconf 88' lang='lat' dir='ltr'>litium</span> <span class='ocrx_word' id='word_1_208' title='bbox 1854 621 1884 650; x_wconf 86' lang='lat' dir='ltr'>et</span> <span class='ocrx_word' id='word_1_209' title='bbox 1907 616 1996 651; x_wconf 77' lang='lat' dir='ltr'>diffe-</span> 
     </span>
    </p>
   </div>
   <div class='ocr_carea' id='block_1_14' title="bbox 1255 668 2002 1087">
    <p class='ocr_par' dir='ltr' id='par_1_16' title="bbox 1255 668 2002 1087">
     <span class='ocr_line' id='line_1_43' title="bbox 1256 668 2001 714; baseline 0.003 -12"><span class='ocrx_word' id='word_1_210' title='bbox 1256 669 1429 703; x_wconf 74' lang='lat' dir='ltr'>rentiarum</span> <span class='ocrx_word' id='word_1_211' title='bbox 1444 669 1676 714; x_wconf 82' lang='lat' dir='ltr'>praedictarum</span> <span class='ocrx_word' id='word_1_212' title='bbox 1695 668 1955 704; x_wconf 71' lang='lat' dir='ltr'>determinatione</span> <span class='ocrx_word' id='word_1_213' title='bbox 1969 676 2001 704; x_wconf 90' lang='lat' dir='ltr'>et</span> 
     </span>
     <span class='ocr_line' id='line_1_44' title="bbox 1255 722 2000 767; baseline 0.001 -11"><span class='ocrx_word' id='word_1_214' title='bbox 1255 723 1414 757; x_wconf 78' lang='lat' dir='ltr'>decisione</span> <span class='ocrx_word' id='word_1_215' title='bbox 1438 728 1542 767; x_wconf 80' lang='lat' dir='ltr'>agant,</span> <span class='ocrx_word' id='word_1_216' title='bbox 1568 722 1722 766; x_wconf 81' lang='lat' dir='ltr'>eligendi,</span> <span class='ocrx_word' id='word_1_217' title='bbox 1747 723 1870 767; x_wconf 84' lang='lat' dir='ltr'>aliaque</span> <span class='ocrx_word' id='word_1_218' title='bbox 1893 724 2000 757; x_wconf 90' lang='lat' dir='ltr'>omnia</span> 
     </span>
     <span class='ocr_line' id='line_1_45' title="bbox 1256 777 2001 822; baseline 0.001 -10"><span class='ocrx_word' id='word_1_219' title='bbox 1256 784 1285 812; x_wconf 87' lang='lat' dir='ltr'>et</span> <span class='ocrx_word' id='word_1_220' title='bbox 1311 779 1435 821; x_wconf 81' lang='lat' dir='ltr'>singula</span> <span class='ocrx_word' id='word_1_221' title='bbox 1460 778 1492 810; x_wconf 91' lang='lat' dir='ltr'>in</span> <span class='ocrx_word' id='word_1_222' title='bbox 1517 777 1709 822; x_wconf 80' lang='lat' dir='ltr'>praemissis,</span> <span class='ocrx_word' id='word_1_223' title='bbox 1728 783 1757 811; x_wconf 90' lang='lat' dir='ltr'>et</span> <span class='ocrx_word' id='word_1_224' title='bbox 1782 778 1866 811; x_wconf 86' lang='lat' dir='ltr'>cirea</span> <span class='ocrx_word' id='word_1_225' title='bbox 1890 788 1926 811; x_wconf 87' lang='lat' dir='ltr'>ea</span> <span class='ocrx_word' id='word_1_226' title='bbox 1949 789 2001 813; x_wconf 89' lang='lat' dir='ltr'>ne-</span> 
     </span>
     <span class='ocr_line' id='line_1_46' title="bbox 1257 831 2000 876; baseline 0 -10"><span class='ocrx_word' id='word_1_227' title='bbox 1257 832 1392 866; x_wconf 82' lang='lat' dir='ltr'>cessaria</span> <span class='ocrx_word' id='word_1_228' title='bbox 1407 837 1436 865; x_wconf 91' lang='lat' dir='ltr'>et</span> <span class='ocrx_word' id='word_1_229' title='bbox 1455 837 1643 876; x_wconf 86' lang='lat' dir='ltr'>opportuna,</span> <span class='ocrx_word' id='word_1_230' title='bbox 1661 831 1784 865; x_wconf 84' lang='lat' dir='ltr'>etiamsi</span> <span class='ocrx_word' id='word_1_231' title='bbox 1800 832 1873 865; x_wconf 85' lang='lat' dir='ltr'>talia</span> <span class='ocrx_word' id='word_1_232' title='bbox 1887 832 2000 874; x_wconf 80' lang='lat' dir='ltr'>forent,</span> 
     </span>
     <span class='ocr_line' id='line_1_47' title="bbox 1258 885 2001 931; baseline 0.001 -12"><span class='ocrx_word' id='word_1_233' title='bbox 1258 896 1337 930; x_wconf 85' lang='lat' dir='ltr'>quac</span> <span class='ocrx_word' id='word_1_234' title='bbox 1367 885 1548 919; x_wconf 81' lang='lat' dir='ltr'>mandatum</span> <span class='ocrx_word' id='word_1_235' title='bbox 1581 885 1781 930; x_wconf 84' lang='lat' dir='ltr'>requirerent</span> <span class='ocrx_word' id='word_1_236' title='bbox 1808 885 1909 930; x_wconf 87' lang='lat' dir='ltr'>magis</span> <span class='ocrx_word' id='word_1_237' title='bbox 1934 896 2001 931; x_wconf 85' lang='lat' dir='ltr'>spe-</span> 
     </span>
     <span class='ocr_line' id='line_1_48' title="bbox 1258 938 2002 982; baseline 0.001 -10"><span class='ocrx_word' id='word_1_238' title='bbox 1258 939 1368 972; x_wconf 79' lang='lat' dir='ltr'>cialem</span> <span class='ocrx_word' id='word_1_239' title='bbox 1379 966 1387 980; x_wconf 92' lang='lat'><em>,</em></span> <span class='ocrx_word' id='word_1_240' title='bbox 1404 939 1550 972; x_wconf 89' lang='lat' dir='ltr'>similiter</span> <span class='ocrx_word' id='word_1_241' title='bbox 1573 938 1717 980; x_wconf 82' lang='lat' dir='ltr'>faciendi,</span> <span class='ocrx_word' id='word_1_242' title='bbox 1735 938 1865 982; x_wconf 84' lang='lat' dir='ltr'>gerendi</span> <span class='ocrx_word' id='word_1_243' title='bbox 1882 943 1912 972; x_wconf 89' lang='lat' dir='ltr'>et</span> <span class='ocrx_word' id='word_1_244' title='bbox 1929 949 2002 973; x_wconf 86' lang='lat' dir='ltr'>exe-</span> 
     </span>
     <span class='ocr_line' id='line_1_49' title="bbox 1258 992 2001 1037; baseline -0.001 -11"><span class='ocrx_word' id='word_1_245' title='bbox 1258 993 1384 1037; x_wconf 83' lang='lat' dir='ltr'>quendi,</span> <span class='ocrx_word' id='word_1_246' title='bbox 1395 992 1569 1036; x_wconf 70' lang='lat' dir='ltr'>apostolica</span> <span class='ocrx_word' id='word_1_247' title='bbox 1582 992 1778 1033; x_wconf 83' lang='lat' dir='ltr'>auctoritate,</span> <span class='ocrx_word' id='word_1_248' title='bbox 1788 997 1898 1026; x_wconf 86' lang='lat' dir='ltr'>tenore</span> <span class='ocrx_word' id='word_1_249' title='bbox 1912 1001 2001 1036; x_wconf 87' lang='lat' dir='ltr'>prae-</span> 
     </span>
     <span class='ocr_line' id='line_1_50' title="bbox 1259 1045 2002 1087; baseline 0 -7"><span class='ocrx_word' id='word_1_250' title='bbox 1259 1047 1404 1087; x_wconf 85' lang='lat' dir='ltr'>sentium,</span> <span class='ocrx_word' id='word_1_251' title='bbox 1425 1046 1604 1080; x_wconf 81' lang='lat' dir='ltr'>facultatem</span> <span class='ocrx_word' id='word_1_252' title='bbox 1630 1045 1833 1080; x_wconf 83' lang='lat' dir='ltr'>concedimus</span> <span class='ocrx_word' id='word_1_253' title='bbox 1855 1050 1886 1080; x_wconf 87' lang='lat' dir='ltr'>et</span> <span class='ocrx_word' id='word_1_254' title='bbox 1902 1045 2002 1080; x_wconf 89' lang='lat' dir='ltr'>indul·</span> 
     </span>
    </p>
   </div>
   <div class='ocr_carea' id='block_1_15' title="bbox 1241 1111 1379 1144">
    <p class='ocr_par' dir='ltr' id='par_1_17' title="bbox 1241 1111 1379 1144">
     <span class='ocr_line' id='line_1_51' title="bbox 1241 1111 1379 1144; baseline 0.014 -12"><span class='ocrx_word' id='word_1_255' title='bbox 1241 1126 1243 1132; x_wconf 36' lang='lat'><strong>⁴</strong></span> <span class='ocrx_word' id='word_1_256' title='bbox 1258 1111 1379 1144; x_wconf 77' lang='lat' dir='ltr'>gemus.</span> 
     </span>
    </p>
   </div>
   <div class='ocr_carea' id='block_1_16' title="bbox 2011 251 2190 281">
    <p class='ocr_par' dir='ltr' id='par_1_18' title="bbox 2011 251 2190 281">
     <span class='ocr_line' id='line_1_52' title="bbox 2011 251 2190 281; baseline 0.011 -2"><span class='ocrx_word' id='word_1_257' title='bbox 2011 251 2060 280; x_wconf 75' lang='lat' dir='ltr'>An.</span> <span class='ocrx_word' id='word_1_258' title='bbox 2077 251 2105 280; x_wconf 88' lang='lat' dir='ltr'>C.</span> <span class='ocrx_word' id='word_1_259' title='bbox 2126 251 2190 281; x_wconf 72' lang='lat'>1⁶2¹</span> 
     </span>
    </p>
   </div>
   <div class='ocr_carea' id='block_1_17' title="bbox 1304 1153 2200 1197">
    <p class='ocr_par' dir='ltr' id='par_1_19' title="bbox 1304 1153 2200 1197">
     <span class='ocr_line' id='line_1_53' title="bbox 1304 1153 2200 1197; baseline 0.001 -10"><span class='ocrx_word' id='word_1_260' title='bbox 1304 1156 1319 1197; x_wconf 65' lang='lat' dir='ltr'>g</span> <span class='ocrx_word' id='word_1_261' title='bbox 1338 1154 1368 1187; x_wconf 70' lang='grc' dir='ltr'>ΕΞ.</span> <span class='ocrx_word' id='word_1_262' title='bbox 1390 1154 1424 1187; x_wconf 90' lang='lat' dir='ltr'>In</span> <span class='ocrx_word' id='word_1_263' title='bbox 1448 1154 1641 1188; x_wconf 86' lang='lat' dir='ltr'>contrarium</span> <span class='ocrx_word' id='word_1_264' title='bbox 1662 1153 1849 1187; x_wconf 81' lang='lat' dir='ltr'>facientibus</span> <span class='ocrx_word' id='word_1_265' title='bbox 1865 1163 1930 1187; x_wconf 88' lang='lat' dir='ltr'>non</span> <span class='ocrx_word' id='word_1_266' title='bbox 1943 1153 1999 1187; x_wconf 86' lang='lat' dir='ltr'>ob·</span> <span class='ocrx_word' id='word_1_267' title='bbox 2029 1165 2200 1192; x_wconf 62' lang='lat' dir='ltr'>coroneam-</span> 
     </span>
    </p>
   </div>
   <div class='ocr_carea' id='block_1_18' title="bbox 1260 1208 2001 1468">
    <p class='ocr_par' dir='ltr' id='par_1_20' title="bbox 1260 1208 1699 1252">
     <span class='ocr_line' id='line_1_54' title="bbox 1260 1208 1699 1252; baseline 0 -12"><span class='ocrx_word' id='word_1_268' title='bbox 1260 1208 1413 1242; x_wconf 85' lang='lat' dir='ltr'>stantibus</span> <span class='ocrx_word' id='word_1_269' title='bbox 1438 1208 1699 1252; x_wconf 87' lang='lat' dir='ltr'>quibuscumque.</span> 
     </span>
    </p>

    <p class='ocr_par' dir='ltr' id='par_1_21' title="bbox 1261 1261 2001 1414">
     <span class='ocr_line' id='line_1_55' title="bbox 1300 1261 2000 1306; baseline 0 -11"><span class='ocrx_word' id='word_1_270' title='bbox 1300 1262 1412 1295; x_wconf 84' lang='lat' dir='ltr'>Datum</span> <span class='ocrx_word' id='word_1_271' title='bbox 1434 1262 1562 1302; x_wconf 83' lang='lat' dir='ltr'>Romae,</span> <span class='ocrx_word' id='word_1_272' title='bbox 1583 1261 1666 1306; x_wconf 86' lang='lat' dir='ltr'>apud</span> <span class='ocrx_word' id='word_1_273' title='bbox 1686 1266 1829 1295; x_wconf 85' lang='lat' dir='ltr'>sanctum</span> <span class='ocrx_word' id='word_1_274' title='bbox 1851 1261 2000 1303; x_wconf 85' lang='lat' dir='ltr'>Marcum,</span> 
     </span>
     <span class='ocr_line' id='line_1_56' title="bbox 1261 1315 2001 1357; baseline 0.001 -8"><span class='ocrx_word' id='word_1_275' title='bbox 1261 1315 1319 1349; x_wconf 86' lang='lat' dir='ltr'>sub</span> <span class='ocrx_word' id='word_1_276' title='bbox 1329 1315 1444 1349; x_wconf 82' lang='lat' dir='ltr'>annulo</span> <span class='ocrx_word' id='word_1_277' title='bbox 1451 1315 1629 1355; x_wconf 71' lang='lat' dir='ltr'>piscatoris,</span> <span class='ocrx_word' id='word_1_278' title='bbox 1637 1315 1687 1348; x_wconf 89' lang='lat' dir='ltr'>dic</span> <span class='ocrx_word' id='word_1_279' title='bbox 1697 1325 1774 1349; x_wconf 77' lang='lat' dir='ltr'>xxvt</span> <span class='ocrx_word' id='word_1_280' title='bbox 1784 1315 1861 1349; x_wconf 86' lang='lat' dir='ltr'>iunii</span> <span class='ocrx_word' id='word_1_281' title='bbox 1871 1325 2001 1357; x_wconf 75' lang='lat' dir='ltr'>uncxxi,</span> 
     </span>
     <span class='ocr_line' id='line_1_57' title="bbox 1261 1369 1729 1414; baseline -0.004 -10"><span class='ocrx_word' id='word_1_282' title='bbox 1261 1370 1462 1414; x_wconf 83' lang='lat' dir='ltr'>pontificatus</span> <span class='ocrx_word' id='word_1_283' title='bbox 1486 1369 1585 1402; x_wconf 84' lang='lat' dir='ltr'>nostri</span> <span class='ocrx_word' id='word_1_284' title='bbox 1611 1379 1692 1402; x_wconf 85' lang='lat' dir='ltr'>anno</span> <span class='ocrx_word' id='word_1_285' title='bbox 1709 1378 1729 1402; x_wconf 86' lang='lat' dir='ltr'>t.</span> 
     </span>
    </p>

    <p class='ocr_par' dir='ltr' id='par_1_22' title="bbox 1297 1431 1855 1468">
     <span class='ocr_line' id='line_1_58' title="bbox 1297 1431 1855 1468; baseline 0 -8"><span class='ocrx_word' id='word_1_286' title='bbox 1297 1432 1354 1460; x_wconf 74' lang='lat' dir='ltr'>[lat.</span> <span class='ocrx_word' id='word_1_287' title='bbox 1377 1432 1420 1460; x_wconf 89' lang='lat' dir='ltr'>die</span> <span class='ocrx_word' id='word_1_288' title='bbox 1437 1432 1471 1459; x_wconf 76' lang='lat'>26</span> <span class='ocrx_word' id='word_1_289' title='bbox 1485 1432 1551 1460; x_wconf 89' lang='lat' dir='ltr'>iunii</span> <span class='ocrx_word' id='word_1_290' title='bbox 1568 1431 1646 1466; x_wconf 76' lang='lat'><strong>162¹,</strong></span> <span class='ocrx_word' id='word_1_291' title='bbox 1664 1431 1758 1468; x_wconf 77' lang='lat' dir='ltr'>pontif.</span> <span class='ocrx_word' id='word_1_292' title='bbox 1775 1440 1819 1461; x_wconf 82' lang='lat' dir='ltr'>an.</span> <span class='ocrx_word' id='word_1_293' title='bbox 1837 1439 1855 1460; x_wconf 84' lang='lat'>1.</span> 
     </span>
    </p>
   </div>
   <div class='ocr_carea' id='block_1_19' title="bbox 1527 1497 1736 1503">
    <p class='ocr_par' dir='ltr' id='par_1_23' title="bbox 1527 1497 1736 1503">
     <span class='ocr_line' id='line_1_59' title="bbox 1527 1497 1736 1503; baseline 0 0"><span class='ocrx_word' id='word_1_294' title='bbox 1527 1497 1736 1503; x_wconf 95' lang='lat' dir='ltr'> </span> 
     </span>
    </p>
   </div>
   <div class='ocr_carea' id='block_1_20' title="bbox 1598 1549 1674 1582">
    <p class='ocr_par' dir='ltr' id='par_1_24' title="bbox 1598 1549 1674 1582">
     <span class='ocr_line' id='line_1_60' title="bbox 1598 1549 1674 1582; baseline 0 0"><span class='ocrx_word' id='word_1_295' title='bbox 1598 1549 1674 1582; x_wconf 85' lang='lat' dir='ltr'>XIX.</span> 
     </span>
    </p>
   </div>
   <div class='ocr_carea' id='block_1_21' title="bbox 1263 1618 2008 1878">
    <p class='ocr_par' dir='ltr' id='par_1_25' title="bbox 1263 1618 2008 1878">
     <span class='ocr_line' id='line_1_61' title="bbox 1263 1618 2008 1665; baseline 0 -11"><span class='ocrx_word' id='word_1_296' title='bbox 1263 1620 1431 1665; x_wconf 58' lang='lat' dir='ltr'>Episcopi-s</span> <span class='ocrx_word' id='word_1_297' title='bbox 1443 1618 1621 1654; x_wconf 78' lang='lat' dir='ltr'>Indictrum</span> <span class='ocrx_word' id='word_1_298' title='bbox 1633 1619 1883 1653; x_wconf 81' lang='lat' dir='ltr'>occidentalium</span> <span class='ocrx_word' id='word_1_299' title='bbox 1901 1629 2008 1654; x_wconf 83' lang='lat' dir='ltr'>conce·</span> 
     </span>
     <span class='ocr_line' id='line_1_62' title="bbox 1309 1673 2006 1717; baseline 0 -10"><span class='ocrx_word' id='word_1_300' title='bbox 1309 1674 1401 1708; x_wconf 78' lang='lat' dir='ltr'>ditur</span> <span class='ocrx_word' id='word_1_301' title='bbox 1421 1673 1563 1717; x_wconf 76' lang='lat' dir='ltr'>facultas</span> <span class='ocrx_word' id='word_1_302' title='bbox 1582 1674 1732 1708; x_wconf 81' lang='lat' dir='ltr'>lauream</span> <span class='ocrx_word' id='word_1_303' title='bbox 1755 1673 1939 1708; x_wconf 79' lang='lat' dir='ltr'>doctoratus</span> <span class='ocrx_word' id='word_1_304' title='bbox 1963 1675 2006 1707; x_wconf 80' lang='lat' dir='ltr'>iis</span> 
     </span>
     <span class='ocr_line' id='line_1_63' title="bbox 1309 1726 2006 1771; baseline -0.001 -10"><span class='ocrx_word' id='word_1_305' title='bbox 1309 1726 1513 1768; x_wconf 76' lang='lat' dir='ltr'>concedendi,</span> <span class='ocrx_word' id='word_1_306' title='bbox 1533 1727 1592 1771; x_wconf 78' lang='lat' dir='ltr'>qui</span> <span class='ocrx_word' id='word_1_307' title='bbox 1609 1727 1646 1760; x_wconf 79' lang='lat' dir='ltr'>in</span> <span class='ocrx_word' id='word_1_308' title='bbox 1662 1726 1782 1760; x_wconf 78' lang='lat' dir='ltr'>scholis</span> <span class='ocrx_word' id='word_1_309' title='bbox 1794 1726 2006 1771; x_wconf 71' lang='lat' dir='ltr'>colleyiorum</span> 
     </span>
     <span class='ocr_line' id='line_1_64' title="bbox 1311 1780 2007 1825; baseline -0.001 -10"><span class='ocrx_word' id='word_1_310' title='bbox 1311 1781 1481 1816; x_wconf 72' lang='lat' dir='ltr'>Societatis</span> <span class='ocrx_word' id='word_1_311' title='bbox 1490 1781 1563 1815; x_wconf 83' lang='lat' dir='ltr'>Iesu</span> <span class='ocrx_word' id='word_1_312' title='bbox 1572 1791 1628 1824; x_wconf 82' lang='lat' dir='ltr'>per</span> <span class='ocrx_word' id='word_1_313' title='bbox 1636 1781 1904 1825; x_wconf 79' lang='lat' dir='ltr'>quinquennium</span> <span class='ocrx_word' id='word_1_314' title='bbox 1910 1780 2007 1814; x_wconf 77' lang='lat' dir='ltr'>scien-</span> 
     </span>
     <span class='ocr_line' id='line_1_65' title="bbox 1313 1832 2007 1878; baseline 0 -11"><span class='ocrx_word' id='word_1_315' title='bbox 1313 1834 1367 1867; x_wconf 77' lang='lat' dir='ltr'>tiis</span> <span class='ocrx_word' id='word_1_316' title='bbox 1385 1844 1515 1878; x_wconf 81' lang='lat' dir='ltr'>operam</span> <span class='ocrx_word' id='word_1_317' title='bbox 1532 1833 1670 1874; x_wconf 77' lang='lat' dir='ltr'>dabunt,</span> <span class='ocrx_word' id='word_1_318' title='bbox 1685 1832 1739 1866; x_wconf 80' lang='lat' dir='ltr'>ubi</span> <span class='ocrx_word' id='word_1_319' title='bbox 1754 1832 1939 1866; x_wconf 79' lang='lat' dir='ltr'>studiorum</span> <span class='ocrx_word' id='word_1_320' title='bbox 1957 1832 2007 1867; x_wconf 83' lang='lat' dir='ltr'>de-</span> 
     </span>
    </p>
   </div>
   <div class='ocr_carea' id='block_1_22' title="bbox 1241 1031 1252 1939">
    <p class='ocr_par' dir='ltr' id='par_1_26' title="bbox 1241 1031 1252 1939">
     <span class='ocr_line' id='line_1_66' title="bbox 1241 1031 1252 1939; baseline 0 0"><span class='ocrx_word' id='word_1_321' title='bbox 1241 1031 1252 1939; x_wconf 95' lang='lat' dir='ltr'> </span> 
     </span>
    </p>
   </div>
   <div class='ocr_carea' id='block_1_23' title="bbox 692 1899 1024 1934">
    <p class='ocr_par' dir='ltr' id='par_1_27' title="bbox 692 1899 1024 1934">
     <span class='ocr_line' id='line_1_67' title="bbox 692 1899 1024 1934; baseline 0 -6"><span class='ocrx_word' id='word_1_322' title='bbox 692 1900 849 1934; x_wconf 73' lang='lat' dir='ltr'>Gregorius</span> <span class='ocrx_word' id='word_1_323' title='bbox 869 1899 948 1933; x_wconf 84' lang='lat' dir='ltr'>Papa</span> <span class='ocrx_word' id='word_1_324' title='bbox 967 1899 1024 1928; x_wconf 85' lang='lat' dir='ltr'>XV.</span> 
     </span>
    </p>
   </div>
   <div class='ocr_carea' id='block_1_24' title="bbox 524 1962 1178 2041">
    <p class='ocr_par' dir='ltr' id='par_1_28' title="bbox 524 1962 1178 2041">
     <span class='ocr_line' id='line_1_68' title="bbox 708 1962 1018 1996; baseline -0.003 -6"><span class='ocrx_word' id='word_1_325' title='bbox 708 1962 894 1990; x_wconf 79' lang='lat' dir='ltr'>Venerabilis</span> <span class='ocrx_word' id='word_1_326' title='bbox 915 1962 1018 1996; x_wconf 73' lang='lat' dir='ltr'>trater,</span> 
     </span>
     <span class='ocr_line' id='line_1_69' title="bbox 524 2006 1178 2041; baseline -0.003 -6"><span class='ocrx_word' id='word_1_327' title='bbox 524 2009 653 2035; x_wconf 76' lang='lat' dir='ltr'>salutem</span> <span class='ocrx_word' id='word_1_328' title='bbox 671 2010 702 2035; x_wconf 87' lang='lat' dir='ltr'>et</span> <span class='ocrx_word' id='word_1_329' title='bbox 717 2007 914 2041; x_wconf 82' lang='lat' dir='ltr'>apostolicam</span> <span class='ocrx_word' id='word_1_330' title='bbox 929 2006 1178 2034; x_wconf 77' lang='lat' dir='ltr'>benedictionem.</span> 
     </span>
    </p>
   </div>
   <div class='ocr_carea' id='block_1_25' title="bbox 533 2068 1233 2114">
    <p class='ocr_par' dir='ltr' id='par_1_29' title="bbox 533 2068 1233 2114">
     <span class='ocr_line' id='line_1_70' title="bbox 533 2068 1233 2114; baseline -0.003 -11"><span class='ocrx_word' id='word_1_331' title='bbox 533 2070 699 2114; x_wconf 81' lang='lat' dir='ltr'>Cupientes</span> <span class='ocrx_word' id='word_1_332' title='bbox 723 2069 793 2102; x_wconf 88' lang='lat' dir='ltr'>lites</span> <span class='ocrx_word' id='word_1_333' title='bbox 809 2073 837 2103; x_wconf 87' lang='lat' dir='ltr'>et</span> <span class='ocrx_word' id='word_1_334' title='bbox 855 2068 1048 2102; x_wconf 73' lang='lat' dir='ltr'>differentias</span> <span class='ocrx_word' id='word_1_335' title='bbox 1066 2068 1148 2102; x_wconf 88' lang='lat' dir='ltr'>iuter</span> <span class='ocrx_word' id='word_1_336' title='bbox 1164 2068 1233 2101; x_wconf 87' lang='lat' dir='ltr'>sub-</span> 
     </span>
    </p>
   </div>
   <div class='ocr_carea' id='block_1_26' title="bbox 1309 1886 1662 1922">
    <p class='ocr_par' dir='ltr' id='par_1_30' title="bbox 1309 1886 1662 1922">
     <span class='ocr_line' id='line_1_71' title="bbox 1309 1886 1662 1922; baseline -0.008 0"><span class='ocrx_word' id='word_1_337' title='bbox 1309 1892 1386 1922; x_wconf 80' lang='lat' dir='ltr'>sunt</span> <span class='ocrx_word' id='word_1_338' title='bbox 1400 1887 1630 1920; x_wconf 75' lang='lat' dir='ltr'>universitates</span> <span class='ocrx_word' id='word_1_339' title='bbox 1642 1886 1662 1920; x_wconf 85' lang='lat'>⁴.</span> 
     </span>
    </p>
   </div>
   <div class='ocr_carea' id='block_1_27' title="bbox 1407 1957 1859 2032">
    <p class='ocr_par' dir='ltr' id='par_1_31' title="bbox 1407 1957 1859 2032">
     <span class='ocr_line' id='line_1_72' title="bbox 1471 1957 1794 1993; baseline -0.003 -7"><span class='ocrx_word' id='word_1_340' title='bbox 1471 1957 1628 1993; x_wconf 67' lang='lat' dir='ltr'>Gregorius</span> <span class='ocrx_word' id='word_1_341' title='bbox 1645 1958 1724 1992; x_wconf 75' lang='lat' dir='ltr'>Papa</span> <span class='ocrx_word' id='word_1_342' title='bbox 1737 1957 1794 1992; x_wconf 81' lang='lat' dir='ltr'>xv,</span> 
     </span>
     <span class='ocr_line' id='line_1_73' title="bbox 1407 2002 1859 2032; baseline 0.002 -2"><span class='ocrx_word' id='word_1_343' title='bbox 1407 2003 1444 2031; x_wconf 78' lang='lat' dir='ltr'>ad</span> <span class='ocrx_word' id='word_1_344' title='bbox 1458 2003 1596 2032; x_wconf 67' lang='lat' dir='ltr'>,futuram</span> <span class='ocrx_word' id='word_1_345' title='bbox 1614 2002 1660 2030; x_wconf 85' lang='lat' dir='ltr'>rei</span> <span class='ocrx_word' id='word_1_346' title='bbox 1679 2002 1859 2031; x_wconf 82' lang='lat' dir='ltr'>memoriam.</span> 
     </span>
    </p>
   </div>
   <div class='ocr_carea' id='block_1_28' title="bbox 1310 2063 2007 2110">
    <p class='ocr_par' dir='ltr' id='par_1_32' title="bbox 1310 2063 2007 2110">
     <span class='ocr_line' id='line_1_74' title="bbox 1310 2063 2007 2110; baseline 0.003 -12"><span class='ocrx_word' id='word_1_347' title='bbox 1310 2065 1344 2098; x_wconf 88' lang='lat' dir='ltr'>ln</span> <span class='ocrx_word' id='word_1_348' title='bbox 1360 2064 1608 2109; x_wconf 82' lang='lat' dir='ltr'>supereminenti</span> <span class='ocrx_word' id='word_1_349' title='bbox 1625 2065 1823 2109; x_wconf 73' lang='lat' dir='ltr'>Apostolicae</span> <span class='ocrx_word' id='word_1_350' title='bbox 1836 2063 1925 2099; x_wconf 85' lang='lat' dir='ltr'>Sedis</span> <span class='ocrx_word' id='word_1_351' title='bbox 1937 2075 2007 2110; x_wconf 84' lang='lat' dir='ltr'>spe-</span> 
     </span>
    </p>
   </div>
   <div class='ocr_carea' id='block_1_29' title="bbox 489 2112 2008 2270">
    <p class='ocr_par' dir='ltr' id='par_1_33' title="bbox 489 2112 2008 2270">
     <span class='ocr_line' id='line_1_75' title="bbox 490 2112 2007 2163; baseline -0.003 -6"><span class='ocrx_word' id='word_1_352' title='bbox 490 2123 571 2158; x_wconf 72' lang='lat' dir='ltr'>ditos</span> <span class='ocrx_word' id='word_1_353' title='bbox 601 2123 734 2156; x_wconf 72' lang='lat' dir='ltr'>civitatis</span> <span class='ocrx_word' id='word_1_354' title='bbox 762 2122 988 2156; x_wconf 78' lang='lat' dir='ltr'>Avenionensis</span> <span class='ocrx_word' id='word_1_355' title='bbox 1012 2127 1042 2155; x_wconf 87' lang='lat' dir='ltr'>et</span> <span class='ocrx_word' id='word_1_356' title='bbox 1067 2122 1232 2156; x_wconf 82' lang='lat' dir='ltr'>comitatus</span> <span class='ocrx_word' id='word_1_357' title='bbox 1266 2120 1347 2160; x_wconf 78' lang='lat' dir='ltr'>cula,</span> <span class='ocrx_word' id='word_1_358' title='bbox 1364 2119 1485 2152; x_wconf 87' lang='lat' dir='ltr'>meritis</span> <span class='ocrx_word' id='word_1_359' title='bbox 1501 2119 1574 2152; x_wconf 88' lang='lat' dir='ltr'>licet</span> <span class='ocrx_word' id='word_1_360' title='bbox 1591 2112 1774 2163; x_wconf 79' lang='lat' dir='ltr'>imparibus,</span> <span class='ocrx_word' id='word_1_361' title='bbox 1792 2118 1926 2152; x_wconf 90' lang='lat' dir='ltr'>Domino</span> <span class='ocrx_word' id='word_1_362' title='bbox 1943 2119 2007 2153; x_wconf 86' lang='lat' dir='ltr'>dis-</span> 
     </span>
     <span class='ocr_line' id='line_1_76' title="bbox 489 2172 2008 2220; baseline -0.003 -9"><span class='ocrx_word' id='word_1_363' title='bbox 489 2182 673 2211; x_wconf 77' lang='lat' dir='ltr'>nostiorum</span> <span class='ocrx_word' id='word_1_364' title='bbox 698 2175 880 2220; x_wconf 72' lang='lat' dir='ltr'>Venayssini</span> <span class='ocrx_word' id='word_1_365' title='bbox 908 2185 945 2208; x_wconf 78' lang='lat' dir='ltr'>ex</span> <span class='ocrx_word' id='word_1_366' title='bbox 971 2177 1050 2215; x_wconf 77' lang='lat' dir='ltr'>una,</span> <span class='ocrx_word' id='word_1_367' title='bbox 1076 2180 1106 2208; x_wconf 84' lang='lat' dir='ltr'>et</span> <span class='ocrx_word' id='word_1_368' title='bbox 1131 2175 1234 2208; x_wconf 81' lang='lat' dir='ltr'>subdi·</span> <span class='ocrx_word' id='word_1_369' title='bbox 1265 2178 1400 2217; x_wconf 85' lang='lat' dir='ltr'>ponente</span> <span class='ocrx_word' id='word_1_370' title='bbox 1417 2172 1589 2213; x_wconf 87' lang='lat' dir='ltr'>constituti,</span> <span class='ocrx_word' id='word_1_371' title='bbox 1603 2177 1634 2206; x_wconf 88' lang='lat' dir='ltr'>et</span> <span class='ocrx_word' id='word_1_372' title='bbox 1654 2172 1735 2206; x_wconf 89' lang='lat' dir='ltr'>intra</span> <span class='ocrx_word' id='word_1_373' title='bbox 1749 2172 1864 2206; x_wconf 87' lang='lat' dir='ltr'>mentis</span> <span class='ocrx_word' id='word_1_374' title='bbox 1878 2177 2008 2206; x_wconf 82' lang='lat' dir='ltr'>nostrae</span> 
     </span>
     <span class='ocr_line' id='line_1_77' title="bbox 492 2226 2007 2270; baseline -0.001 -8"><span class='ocrx_word' id='word_1_375' title='bbox 492 2235 540 2264; x_wconf 84' lang='lat' dir='ltr'>tos</span> <span class='ocrx_word' id='word_1_376' title='bbox 565 2229 744 2263; x_wconf 81' lang='lat' dir='ltr'>charissimi</span> <span class='ocrx_word' id='word_1_377' title='bbox 770 2229 801 2261; x_wconf 91' lang='lat' dir='ltr'>in</span> <span class='ocrx_word' id='word_1_378' title='bbox 825 2227 948 2263; x_wconf 82' lang='lat' dir='ltr'>Christo</span> <span class='ocrx_word' id='word_1_379' title='bbox 973 2228 1028 2260; x_wconf 78' lang='lat' dir='ltr'>lilii</span> <span class='ocrx_word' id='word_1_380' title='bbox 1053 2229 1152 2262; x_wconf 80' lang='lat' dir='ltr'>nostri</span> <span class='ocrx_word' id='word_1_381' title='bbox 1177 2229 1380 2268; x_wconf 45' lang='lat' dir='ltr'>Itu-,arcana</span> <span class='ocrx_word' id='word_1_382' title='bbox 1396 2226 1604 2268; x_wconf 76' lang='lat' dir='ltr'>revolventes,</span> <span class='ocrx_word' id='word_1_383' title='bbox 1615 2231 1766 2270; x_wconf 85' lang='lat' dir='ltr'>quantum</span> <span class='ocrx_word' id='word_1_384' title='bbox 1781 2237 1818 2259; x_wconf 79' lang='lat' dir='ltr'>ex</span> <span class='ocrx_word' id='word_1_385' title='bbox 1831 2226 2007 2260; x_wconf 83' lang='lat' dir='ltr'>litterarum</span> 
     </span>
    </p>
   </div>
   <div class='ocr_carea' id='block_1_30' title="bbox 491 2281 1252 2701">
    <p class='ocr_par' dir='ltr' id='par_1_34' title="bbox 491 2281 1252 2647">
     <span class='ocr_line' id='line_1_78' title="bbox 491 2281 1233 2324; baseline -0.003 -8"><span class='ocrx_word' id='word_1_386' title='bbox 491 2283 594 2317; x_wconf 80' lang='lat' dir='ltr'>dovici</span> <span class='ocrx_word' id='word_1_387' title='bbox 630 2283 826 2316; x_wconf 84' lang='lat' dir='ltr'>Francorum</span> <span class='ocrx_word' id='word_1_388' title='bbox 863 2281 947 2324; x_wconf 79' lang='lat' dir='ltr'>regis</span> <span class='ocrx_word' id='word_1_389' title='bbox 980 2281 1233 2314; x_wconf 81' lang='lat' dir='ltr'>christianissimi</span> 
     </span>
     <span class='ocr_line' id='line_1_79' title="bbox 492 2334 1232 2379; baseline -0.001 -10"><span class='ocrx_word' id='word_1_390' title='bbox 492 2337 585 2379; x_wconf 83' lang='lat' dir='ltr'>burgi</span> <span class='ocrx_word' id='word_1_391' title='bbox 603 2335 640 2369; x_wconf 88' lang='lat' dir='ltr'>de</span> <span class='ocrx_word' id='word_1_392' title='bbox 662 2336 762 2369; x_wconf 74' lang='lat' dir='ltr'>Noves</span> <span class='ocrx_word' id='word_1_393' title='bbox 787 2340 818 2368; x_wconf 89' lang='lat' dir='ltr'>ct</span> <span class='ocrx_word' id='word_1_394' title='bbox 837 2334 1048 2368; x_wconf 78' lang='lat' dir='ltr'>Provinciales</span> <span class='ocrx_word' id='word_1_395' title='bbox 1073 2345 1110 2368; x_wconf 64' lang='lat' dir='ltr'>ex</span> <span class='ocrx_word' id='word_1_396' title='bbox 1136 2336 1232 2368; x_wconf 77' lang='lat' dir='ltr'>altera</span> 
     </span>
     <span class='ocr_line' id='line_1_80' title="bbox 492 2387 1233 2434; baseline -0.001 -12"><span class='ocrx_word' id='word_1_397' title='bbox 492 2389 646 2434; x_wconf 78' lang='lat' dir='ltr'>partibus,</span> <span class='ocrx_word' id='word_1_398' title='bbox 665 2389 830 2422; x_wconf 85' lang='lat' dir='ltr'>occasione</span> <span class='ocrx_word' id='word_1_399' title='bbox 855 2387 989 2421; x_wconf 82' lang='lat' dir='ltr'>limitum</span> <span class='ocrx_word' id='word_1_400' title='bbox 1008 2393 1036 2420; x_wconf 88' lang='lat' dir='ltr'>et</span> <span class='ocrx_word' id='word_1_401' title='bbox 1061 2387 1233 2421; x_wconf 81' lang='lat' dir='ltr'>confinium</span> 
     </span>
     <span class='ocr_line' id='line_1_81' title="bbox 492 2441 1235 2476; baseline -0.001 -1"><span class='ocrx_word' id='word_1_402' title='bbox 492 2443 643 2476; x_wconf 82' lang='lat' dir='ltr'>territorii</span> <span class='ocrx_word' id='word_1_403' title='bbox 669 2441 893 2476; x_wconf 76' lang='lat' dir='ltr'>Avenionensis</span> <span class='ocrx_word' id='word_1_404' title='bbox 911 2446 940 2475; x_wconf 84' lang='lat' dir='ltr'>et</span> <span class='ocrx_word' id='word_1_405' title='bbox 957 2441 1096 2475; x_wconf 80' lang='lat' dir='ltr'>fluminis</span> <span class='ocrx_word' id='word_1_406' title='bbox 1118 2442 1235 2475; x_wconf 83' lang='lat' dir='ltr'>Duren-</span> 
     </span>
     <span class='ocr_line' id='line_1_82' title="bbox 491 2495 1233 2539; baseline -0.001 -10"><span class='ocrx_word' id='word_1_407' title='bbox 491 2497 551 2529; x_wconf 84' lang='lat' dir='ltr'>tiae</span> <span class='ocrx_word' id='word_1_408' title='bbox 565 2507 581 2529; x_wconf 84' lang='lat' dir='ltr'>e</span> <span class='ocrx_word' id='word_1_409' title='bbox 595 2496 724 2539; x_wconf 79' lang='lat' dir='ltr'>regione</span> <span class='ocrx_word' id='word_1_410' title='bbox 743 2496 936 2536; x_wconf 76' lang='lat' dir='ltr'>Provinciae,</span> <span class='ocrx_word' id='word_1_411' title='bbox 950 2507 985 2529; x_wconf 80' lang='lat' dir='ltr'>ac</span> <span class='ocrx_word' id='word_1_412' title='bbox 1003 2495 1096 2529; x_wconf 85' lang='lat' dir='ltr'>etiam</span> <span class='ocrx_word' id='word_1_413' title='bbox 1114 2497 1233 2530; x_wconf 86' lang='lat' dir='ltr'>ratione</span> 
     </span>
     <span class='ocr_line' id='line_1_83' title="bbox 493 2523 1252 2593; baseline 0.001 -12"><span class='ocrx_word' id='word_1_414' title='bbox 493 2548 726 2589; x_wconf 85' lang='lat' dir='ltr'>iurisdictionis,</span> <span class='ocrx_word' id='word_1_415' title='bbox 744 2559 838 2593; x_wconf 82' lang='lat' dir='ltr'>quam</span> <span class='ocrx_word' id='word_1_416' title='bbox 861 2549 963 2582; x_wconf 80' lang='lat' dir='ltr'>dictus</span> <span class='ocrx_word' id='word_1_417' title='bbox 987 2549 1162 2582; x_wconf 83' lang='lat' dir='ltr'>Ludovicus</span> <span class='ocrx_word' id='word_1_418' title='bbox 1179 2559 1232 2582; x_wconf 85' lang='lat' dir='ltr'>rex</span> <span class='ocrx_word' id='word_1_419' title='bbox 1248 2523 1252 2574; x_wconf 58' lang='grc' dir='ltr'>Ι</span> 
     </span>
     <span class='ocr_line' id='line_1_84' title="bbox 493 2577 1252 2647; baseline 0.003 -13"><span class='ocrx_word' id='word_1_420' title='bbox 493 2611 587 2646; x_wconf 89' lang='lat' dir='ltr'>super</span> <span class='ocrx_word' id='word_1_421' title='bbox 603 2602 687 2635; x_wconf 86' lang='lat' dir='ltr'>dieto</span> <span class='ocrx_word' id='word_1_422' title='bbox 704 2601 843 2642; x_wconf 87' lang='lat' dir='ltr'>flumine,</span> <span class='ocrx_word' id='word_1_423' title='bbox 860 2602 1007 2647; x_wconf 85' lang='lat' dir='ltr'>illiusque</span> <span class='ocrx_word' id='word_1_424' title='bbox 1024 2603 1122 2645; x_wconf 75' lang='lat' dir='ltr'>alveo,</span> <span class='ocrx_word' id='word_1_425' title='bbox 1140 2607 1170 2636; x_wconf 82' lang='lat' dir='ltr'>ct</span> <span class='ocrx_word' id='word_1_426' title='bbox 1187 2603 1233 2636; x_wconf 88' lang='lat' dir='ltr'>in·</span> <span class='ocrx_word' id='word_1_427' title='bbox 1249 2577 1252 2626; x_wconf 57' lang='lat' dir='ltr'>i</span> 
     </span>
    </p>

    <p class='ocr_par' dir='ltr' id='par_1_35' title="bbox 531 2629 1252 2701">
     <span class='ocr_line' id='line_1_85' title="bbox 531 2629 1252 2701; baseline 0 -10"><span class='ocrx_word' id='word_1_428' title='bbox 531 2665 540 2691; x_wconf 86' lang='lat' dir='ltr'>l</span> <span class='ocrx_word' id='word_1_429' title='bbox 564 2663 601 2691; x_wconf 85' lang='lat' dir='ltr'>Ex</span> <span class='ocrx_word' id='word_1_430' title='bbox 622 2663 729 2701; x_wconf 80' lang='lat' dir='ltr'>Regest..</span> <span class='ocrx_word' id='word_1_431' title='bbox 750 2664 778 2693; x_wconf 82' lang='lat' dir='ltr'>in</span> <span class='ocrx_word' id='word_1_432' title='bbox 795 2664 897 2693; x_wconf 86' lang='lat' dir='ltr'>Secret.</span> <span class='ocrx_word' id='word_1_433' title='bbox 918 2664 994 2692; x_wconf 88' lang='lat' dir='ltr'>Brev.</span> <span class='ocrx_word' id='word_1_434' title='bbox 1247 2629 1252 2695; x_wconf 67' lang='lat' dir='ltr'>i</span> 
     </span>
    </p>
   </div>
   <div class='ocr_carea' id='block_1_31' title="bbox 1248 2273 1252 2351">
    <p class='ocr_par' dir='ltr' id='par_1_36' title="bbox 1248 2273 1252 2351">
     <span class='ocr_line' id='line_1_86' title="bbox 1248 2273 1252 2351; baseline 0 880"><span class='ocrx_word' id='word_1_435' title='bbox 1248 2273 1252 2351; x_wconf 95' lang='lat' dir='ltr'> </span> 
     </span>
    </p>
   </div>
   <div class='ocr_carea' id='block_1_32' title="bbox 1249 2354 1252 2466">
    <p class='ocr_par' dir='ltr' id='par_1_37' title="bbox 1249 2354 1252 2466">
     <span class='ocr_line' id='line_1_87' title="bbox 1249 2354 1252 2466; baseline 0 765"><span class='ocrx_word' id='word_1_436' title='bbox 1249 2354 1252 2466; x_wconf 95' lang='lat' dir='ltr'> </span> 
     </span>
    </p>
   </div>
   <div class='ocr_carea' id='block_1_33' title="bbox 1267 2279 2010 2698">
    <p class='ocr_par' dir='ltr' id='par_1_38' title="bbox 1267 2279 2010 2698">
     <span class='ocr_line' id='line_1_88' title="bbox 1267 2279 2009 2323; baseline -0.003 -9"><span class='ocrx_word' id='word_1_437' title='bbox 1267 2280 1377 2314; x_wconf 84' lang='lat' dir='ltr'>studiis</span> <span class='ocrx_word' id='word_1_438' title='bbox 1395 2279 1548 2313; x_wconf 87' lang='lat' dir='ltr'>catholica</span> <span class='ocrx_word' id='word_1_439' title='bbox 1564 2279 1643 2313; x_wconf 87' lang='lat' dir='ltr'>fides</span> <span class='ocrx_word' id='word_1_440' title='bbox 1659 2284 1822 2323; x_wconf 82' lang='lat' dir='ltr'>augeatur,</span> <span class='ocrx_word' id='word_1_441' title='bbox 1840 2279 1936 2312; x_wconf 83' lang='lat' dir='ltr'>divini</span> <span class='ocrx_word' id='word_1_442' title='bbox 1954 2289 2009 2313; x_wconf 90' lang='lat' dir='ltr'>nu-</span> 
     </span>
     <span class='ocr_line' id='line_1_89' title="bbox 1267 2332 2007 2377; baseline 0 -11"><span class='ocrx_word' id='word_1_443' title='bbox 1267 2333 1360 2366; x_wconf 84' lang='lat' dir='ltr'>minis</span> <span class='ocrx_word' id='word_1_444' title='bbox 1377 2333 1479 2366; x_wconf 82' lang='lat' dir='ltr'>cultus</span> <span class='ocrx_word' id='word_1_445' title='bbox 1499 2332 1722 2377; x_wconf 85' lang='lat' dir='ltr'>protendatur,</span> <span class='ocrx_word' id='word_1_446' title='bbox 1748 2333 1864 2366; x_wconf 79' lang='lat' dir='ltr'>veritas</span> <span class='ocrx_word' id='word_1_447' title='bbox 1888 2342 2007 2376; x_wconf 85' lang='lat' dir='ltr'>cogno-</span> 
     </span>
     <span class='ocr_line' id='line_1_90' title="bbox 1267 2385 2010 2425; baseline -0.003 -5"><span class='ocrx_word' id='word_1_448' title='bbox 1267 2393 1372 2420; x_wconf 86' lang='lat' dir='ltr'>scatur</span> <span class='ocrx_word' id='word_1_449' title='bbox 1396 2390 1426 2420; x_wconf 87' lang='lat' dir='ltr'>et</span> <span class='ocrx_word' id='word_1_450' title='bbox 1449 2385 1566 2419; x_wconf 82' lang='lat' dir='ltr'>iustitia</span> <span class='ocrx_word' id='word_1_451' title='bbox 1591 2386 1725 2425; x_wconf 86' lang='lat' dir='ltr'>colatur,</span> <span class='ocrx_word' id='word_1_452' title='bbox 1750 2385 1789 2418; x_wconf 86' lang='lat' dir='ltr'>ad</span> <span class='ocrx_word' id='word_1_453' title='bbox 1814 2395 1850 2418; x_wconf 88' lang='lat' dir='ltr'>ca</span> <span class='ocrx_word' id='word_1_454' title='bbox 1873 2385 2010 2419; x_wconf 87' lang='lat' dir='ltr'>libenter</span> 
     </span>
     <span class='ocr_line' id='line_1_91' title="bbox 1267 2439 2008 2485; baseline 0 -11"><span class='ocrx_word' id='word_1_455' title='bbox 1267 2440 1468 2482; x_wconf 76' lang='lat' dir='ltr'>intendimus,</span> <span class='ocrx_word' id='word_1_456' title='bbox 1477 2450 1535 2485; x_wconf 87' lang='lat' dir='ltr'>per</span> <span class='ocrx_word' id='word_1_457' title='bbox 1549 2450 1629 2485; x_wconf 87' lang='lat' dir='ltr'>quae</span> <span class='ocrx_word' id='word_1_458' title='bbox 1639 2439 1816 2473; x_wconf 87' lang='lat' dir='ltr'>litterarum</span> <span class='ocrx_word' id='word_1_459' title='bbox 1826 2439 2008 2474; x_wconf 84' lang='lat' dir='ltr'>huiusmodi</span> 
     </span>
     <span class='ocr_line' id='line_1_92' title="bbox 1267 2491 2009 2538; baseline -0.001 -11"><span class='ocrx_word' id='word_1_460' title='bbox 1267 2494 1378 2527; x_wconf 86' lang='lat' dir='ltr'>studiis</span> <span class='ocrx_word' id='word_1_461' title='bbox 1400 2503 1530 2538; x_wconf 87' lang='lat' dir='ltr'>operam</span> <span class='ocrx_word' id='word_1_462' title='bbox 1558 2491 1667 2526; x_wconf 87' lang='lat' dir='ltr'>sedulo</span> <span class='ocrx_word' id='word_1_463' title='bbox 1692 2497 1840 2526; x_wconf 70' lang='lat' dir='ltr'>navantes</span> <span class='ocrx_word' id='word_1_464' title='bbox 1863 2492 2009 2527; x_wconf 88' lang='lat' dir='ltr'>laborum</span> 
     </span>
     <span class='ocr_line' id='line_1_93' title="bbox 1267 2546 2010 2592; baseline 0 -11"><span class='ocrx_word' id='word_1_465' title='bbox 1267 2558 1397 2581; x_wconf 82' lang='lat' dir='ltr'>suorum</span> <span class='ocrx_word' id='word_1_466' title='bbox 1418 2547 1538 2580; x_wconf 79' lang='lat' dir='ltr'>fructus</span> <span class='ocrx_word' id='word_1_467' title='bbox 1555 2549 1584 2580; x_wconf 75' lang='lat' dir='ltr'>et</span> <span class='ocrx_word' id='word_1_468' title='bbox 1600 2546 1750 2590; x_wconf 86' lang='lat' dir='ltr'>praemia,</span> <span class='ocrx_word' id='word_1_469' title='bbox 1767 2546 1897 2580; x_wconf 84' lang='lat' dir='ltr'>sublatis</span> <span class='ocrx_word' id='word_1_470' title='bbox 1914 2547 2010 2592; x_wconf 88' lang='lat' dir='ltr'>impe-</span> 
     </span>
     <span class='ocr_line' id='line_1_94' title="bbox 1267 2598 1940 2644; baseline -0.001 -10"><span class='ocrx_word' id='word_1_471' title='bbox 1267 2601 1414 2634; x_wconf 88' lang='lat' dir='ltr'>dimentis</span> <span class='ocrx_word' id='word_1_472' title='bbox 1429 2598 1631 2644; x_wconf 87' lang='lat' dir='ltr'>quibuslibet,</span> <span class='ocrx_word' id='word_1_473' title='bbox 1645 2599 1795 2643; x_wconf 85' lang='lat' dir='ltr'>consequi</span> <span class='ocrx_word' id='word_1_474' title='bbox 1811 2599 1940 2644; x_wconf 89' lang='lat' dir='ltr'>possint.</span> 
     </span>
     <span class='ocr_line' id='line_1_95' title="bbox 1305 2660 1771 2698; baseline -0.004 -7"><span class='ocrx_word' id='word_1_475' title='bbox 1305 2664 1314 2691; x_wconf 82' lang='lat'>1</span> <span class='ocrx_word' id='word_1_476' title='bbox 1338 2662 1375 2691; x_wconf 86' lang='lat' dir='ltr'>Ex</span> <span class='ocrx_word' id='word_1_477' title='bbox 1395 2662 1503 2698; x_wconf 79' lang='lat' dir='ltr'>Regest.</span> <span class='ocrx_word' id='word_1_478' title='bbox 1524 2661 1551 2689; x_wconf 89' lang='lat' dir='ltr'>in</span> <span class='ocrx_word' id='word_1_479' title='bbox 1570 2660 1673 2690; x_wconf 86' lang='lat' dir='ltr'>Secret.</span> <span class='ocrx_word' id='word_1_480' title='bbox 1694 2660 1771 2690; x_wconf 81' lang='lat' dir='ltr'>Brev.</span> 
     </span>
    </p>
   </div>
   <div class='ocr_carea' id='block_1_34' title="bbox 2014 1193 2136 1214">
    <p class='ocr_par' dir='ltr' id='par_1_39' title="bbox 2014 1193 2136 1214">
     <span class='ocr_line' id='line_1_96' title="bbox 2014 1193 2136 1214; baseline 0 0"><span class='ocrx_word' id='word_1_481' title='bbox 2014 1193 2136 1214; x_wconf 58' lang='lat' dir='ltr'>troi-iorum.</span> 
     </span>
    </p>
   </div>
   <div class='ocr_carea' id='block_1_35' title="bbox 2048 2078 2170 2102">
    <p class='ocr_par' dir='ltr' id='par_1_40' title="bbox 2048 2078 2170 2102">
     <span class='ocr_line' id='line_1_97' title="bbox 2048 2078 2170 2102; baseline -0.016 0"><span class='ocrx_word' id='word_1_482' title='bbox 2048 2078 2170 2102; x_wconf 61' lang='lat' dir='ltr'>bordin.</span> 
     </span>
    </p>
   </div>
   <div class='ocr_carea' id='block_1_36' title="bbox 2219 0 2293 3231">
    <p class='ocr_par' dir='ltr' id='par_1_41' title="bbox 2219 0 2293 3231">
     <span class='ocr_line' id='line_1_98' title="bbox 2219 0 2293 3231; baseline 0 0"><span class='ocrx_word' id='word_1_483' title='bbox 2219 0 2293 3231; x_wconf 95' lang='lat' dir='ltr'> </span> 
     </span>
    </p>
   </div>
  </div>
 </body>
</html>
