2293 3231
302 234 346 259 Nu.
362 234 391 258 (ἶ,
415 232 480 258 1612
526 223 568 252 08

495 281 619 313 camera
653 279 874 312 excedentilms
889 307 896 316 ,
929 289 1062 322 quarum
1095 279 1234 312 videlicet

495 333 652 378 principia
677 332 836 365 ordinarie
860 342 922 365 non
947 338 1017 364 sunt
1047 331 1236 373 introducta,

497 386 630 429 registra
655 385 782 429 quidem
814 386 909 420 liant.
942 385 996 417 sed
1022 385 1116 418 modo
1146 385 1238 418 intra-

496 438 626 481 scripto.
644 448 737 481 quem
759 442 786 469 et
814 437 843 469 in
862 437 1054 470 extractihus
1070 437 1238 482 praedictis

496 491 613 523 servari
640 490 784 522 volumus
810 495 838 522 et
863 490 1060 523 mandamus.

541 543 569 576 4.
590 544 732 586 {tegistra
749 543 830 576 hona
847 548 874 576 et
897 543 1034 587 legibilia
1054 544 1168 577 notarii
1193 555 1240 578 ae-

496 603 614 637 eurate‚
632 601 659 629 ct
686 597 771 629 iuxta
791 606 935 630 normam
955 597 1014 630 hac
1033 599 1142 632 nostra
1164 608 1239 631 con-

496 651 657 682 stitutione
683 649 829 682 traditam
854 655 882 682 et
908 650 1097 691 innovatam,
1115 651 1237 684 saciant.

541 702 570 735 5.
596 703 670 735 Tam
690 703 719 735 in
734 703 878 745 registris
891 713 986 747 quam
1003 704 1035 736 in
1049 703 1239 737 extractibus

497 755 677 789 huiusmodi
694 756 907 797 conficiendis,
924 758 1086 791 facultates
1100 758 1239 791 iudicum

499 809 746 851 ordinariorum,
763 810 810 844 vel
831 811 1048 856 deputationes
1072 822 1183 845 eorum
1198 812 1240 845 lo-

498 864 666 898 catentium
697 866 709 908 t
723 875 794 898 cum
827 865 897 900 illae
929 867 989 900 sint
1020 866 1179 907 notoriae,
1209 872 1240 899 et

497 917 624 951 illarum
649 919 791 963 exempla
809 919 932 963 publica
958 924 987 954 et
1012 921 1165 964 impressa
1190 921 1241 954 lia-

496 971 644 1016 beantnr)
661 973 838 1006 nullatenus
854 974 1122 1018 praeinserantur,
1135 980 1162 1008 et
1182 986 1240 1019 pro

497 1025 558 1058 illis
576 1026 689 1059 notarii
706 1027 784 1059 niliil
801 1038 818 1059 a
836 1027 978 1071 partibus
995 1028 1128 1071 exigant.

541 1082 570 1113 ti.
587 1080 713 1121 Deinde,
731 1085 793 1114 tam
808 1081 837 1113 in
851 1081 1086 1115 ordinariorum
1100 1083 1241 1116 extracti-

497 1133 566 1173 bus,
583 1144 678 1177 quam
703 1134 734 1167 in
751 1144 862 1167 eorum
881 1139 910 1169 et
933 1135 1068 1168 aliorum
1094 1147 1242 1179 quorum-

497 1197 633 1230 cumque
651 1186 879 1231 delegatorum,
893 1188 987 1221 etiam
1009 1199 1175 1222 causarum
1191 1200 1242 1233 pa-

498 1241 563 1273 latii
578 1241 676 1275 nostri
692 1241 855 1285 apostolici
872 1241 1052 1276 auditorum
1071 1247 1099 1277 ct
1116 1243 1144 1276 S.
1159 1244 1192 1277 P..
1208 1244 1240 1277 E.

498 1294 717 1335 cardinalium,
735 1295 897 1338 registris,
922 1295 1120 1330 dimittantur
1148 1308 1243 1342 appo—

497 1349 627 1383 sitiones
650 1350 803 1383 sestorum
828 1350 1064 1385 ordinariorum
1089 1358 1116 1386 et
1144 1360 1243 1389 certo-

497 1414 578 1436 rum.
598 1404 627 1437 Si
645 1409 750 1437 autem
776 1410 943 1440 occurrant
967 1406 1044 1440 festa
1066 1408 1186 1442 ineerta
1213 1416 1241 1444 et

497 1457 672 1500 repentina,
690 1458 721 1490 in
739 1468 819 1502 quae
844 1459 969 1492 caderet
995 1460 1173 1496 observatio
1190 1463 1243 1495 ali-

498 1510 587 1543 cuius
606 1511 743 1551 termini,
767 1513 820 1545 tiat
837 1512 954 1546 mentio
977 1513 1015 1546 de
1029 1513 1091 1547 illis
1107 1525 1243 1549 summa—

498 1564 555 1601 rie,
577 1569 603 1596 et
631 1565 692 1598 lioc
716 1565 820 1607 modo,
840 1565 998 1600 videlicet:
1018 1567 1080 1601 Die
1099 1569 1160 1602 tali
1176 1570 1242 1613 suit

497 1617 728 1651 consistorium
743 1618 926 1662 publicum,
949 1625 977 1652 et
999 1620 1042 1653 sie
1067 1621 1105 1654 de
1128 1623 1242 1656 ceteris

497 1671 662 1704 similibus.

543 1724 571 1757 7.
593 1724 773 1758 Successive
791 1725 964 1768 citationes,
989 1727 1053 1761 sive
1071 1739 1142 1762 eum
1163 1729 1243 1763 inlii-

497 1778 625 1820 bitione,
654 1779 718 1812 sive
743 1779 862 1824 absque
887 1783 922 1814 ea
946 1782 1054 1823 saetae,
1080 1782 1110 1815 in
1131 1794 1240 1817 earum

498 1833 740 1876 reproductione
757 1834 844 1867 nullo
862 1839 953 1878 pacto
977 1841 1170 1880 repetanttu·,
1187 1837 1241 1871 sed

498 1886 623 1919 illarum
648 1888 818 1932 exequutio
845 1892 965 1922 tantum
989 1896 1167 1934 apponatur
1193 1892 1242 1925 liis

497 1945 547 1972 aut
574 1940 730 1974 similibus
755 1941 873 1974 verbis:
905 1942 931 1976 T
930 1943 980 1976 ali
1003 1943 1055 1977 die
1078 1945 1238 1990 reproclu-

497 1998 548 2027 cla
571 1995 636 2038 fuit
656 1996 779 2037 citatio,
801 1996 839 2029 de
855 2007 922 2041 qua
946 2008 1058 2042 supra,
1079 2009 1162 2043 qnae
1177 2000 1242 2042 fuit

498 2053 671 2093 exequuta.

543 2102 571 2134 8.
598 2103 660 2135 Nee
679 2103 846 2137 monitoria
863 2105 1124 2148 procuratoribus
1142 2105 1180 2139 de
1197 2117 1243 2140 so-

500 2155 617 2188 lutione.
633 2156 759 2199 registri
777 2156 854 2191 ssieta
870 2164 1028 2202 ponantur
1046 2159 1076 2191 in
1094 2160 1240 2203 registro,

498 2208 556 2240 nisi
574 2209 651 2242 sorte
667 2209 705 2241 ad
719 2209 866 2243 effectum
884 2210 1017 2244 docendi
1034 2212 1071 2245 de
1089 2213 1240 2247 censuris.

542 2260 571 2295 [l.
598 2262 761 2297 Praeterea
786 2264 810 2296 si
828 2265 987 2309 contingat
1004 2266 1241 2301 commissiones

499 2316 595 2349 semel
615 2317 797 2360 registratas
813 2318 882 2350 aliis
899 2319 1175 2353 commissionibus
1193 2320 1242 2353 de-

499 2370 708 2412 pendentibus
732 2371 916 2415 praeinscri,
934 2373 1004 2406 illae
1025 2373 1163 2418 amplius
1178 2384 1241 2407 non

500 2423 718 2466 registrentur.
732 2424 786 2457 sed
811 2431 977 2460 annotetur
1001 2427 1108 2461 solium
1128 2428 1158 2460 in
1179 2438 1241 2471 quo

500 2477 645 2519 superius
671 2479 794 2511 suerunt
820 2479 1023 2522 registratae,
1041 2486 1068 2514 et
1095 2481 1178 2514 idem
1203 2482 1240 2514 de

501 2530 638 2563 motibus
657 2533 807 2575 propriis,
821 2533 981 2574 brevibus,
997 2540 1025 2567 et
1044 2535 1113 2568 aliis
1130 2536 1242 2569 litteris

501 2584 693 2627 apostolicis,
711 2595 746 2618 ao
763 2586 832 2619 aliis
849 2588 1101 2632 quibuscumque
1118 2589 1179 2622 iam
1197 2600 1242 2622 se—

502 2637 562 2670 mel
588 2638 771 2680 registratis.

1087 231 1263 255 nt'LLxrtlt'nt
1290 231 1442 256 nostwet!

1315 279 1365 311 to.
1384 279 1467 312 ldem
1485 285 1513 311 et
1538 279 1575 312 de
1601 281 1808 314 terminorum
1827 280 1920 314 etiam
1940 281 2011 315 sub-

1271 333 1462 366 stantialium
1492 334 1672 368 extensione
1702 334 1863 368 observari
1888 335 2013 368 manda—

1272 397 1352 427 mus,
1369 392 1401 419 ut
1427 387 1523 420 semel
1551 392 1670 420 tantum
1688 398 1747 432 pro
1765 388 1906 432 qualibet
1922 394 2012 432 parte

1272 443 1398 473 extensa
1414 450 1477 474 non
1494 440 1631 485 amplius
1650 441 1866 482 extendantur,
1880 441 1934 474 sed
1951 447 2014 475 tan-

1240 499 1250 508 ·
1273 496 1337 526 tum
1355 504 1465 527 corum
1480 494 1642 527 reiteratio
1659 494 1725 527 sine
1738 494 1918 528 extensione
1929 499 2015 530 note-

1273 550 1323 581 tur
1336 546 1429 579 ctiam
1447 547 1477 579 in
1495 547 1642 581 citatione
1659 546 1697 580 ad
1715 548 1909 582 sententiam.

1322 600 1368 632 tt.
1395 599 1615 641 Instrumenta,
1641 610 1720 644 quae
1746 600 1776 633 in
1800 601 1877 635 actis
1901 611 2014 636 causae

1273 659 1436 696 rogantur,
1462 664 1523 687 non
1549 654 1631 687 ultra
1656 653 1782 688 illorum
1809 655 1949 688 notulam
1966 665 2015 689 ex-

1274 706 1457 747 tendantur;
1482 707 1585 751 quoad
1614 717 1650 739 ca
1682 718 1757 741 xero
1789 718 1869 752 quae
1900 708 2016 752 produ-

1273 765 1398 800 cuntur,
1423 760 1659 804 pracinscratur
1684 760 1802 804 aliquid
1824 760 1862 794 de
1887 761 2015 795 illorum

1273 812 1455 854 substantia,
1468 813 1562 857 idque
1579 814 1746 854 succinete3
1760 813 1872 848 deinde
1889 815 2016 848 illorum

1275 872 1364 899 tenor
1388 871 1565 912 apponatur
1582 867 1641 901 lioc
1658 867 1770 902 modo:
1795 867 1884 902 Talis
1900 869 2017 902 consti-

1275 920 1338 953 tuit
1359 924 1606 964 procuratorem
1626 931 1724 954 suum
1743 921 1848 962 talem,
1864 925 1965 966 prout
1980 922 2018 955 in

1274 973 1510 1015 instrumento,
1543 974 1638 1008 cuius
1671 978 1761 1008 tenor
1791 975 1959 1020 sequitur,
1987 980 2017 1008 et

1274 1027 1319 1059 sic
1343 1027 1380 1060 de
1405 1027 1482 1060 aliis.

1319 1079 1370 1113 12.
1382 1080 1625 1125 Consequenter,
1640 1085 1701 1116 tam
1716 1082 1746 1114 in
1756 1082 1909 1125 registris,
1922 1092 2016 1127 quam

1274 1134 1466 1167 extractibus
1490 1145 1655 1168 causarum
1673 1135 1705 1168 in
1721 1135 1836 1180 quibus
1859 1146 1917 1179 per
1938 1135 2018 1170 duos

1276 1188 1322 1220 vel
1350 1193 1412 1221 tres
1436 1198 1534 1222 annos
1551 1189 1627 1222 nihil
1645 1194 1750 1222 actum
1766 1189 1871 1230 suerit,
1891 1199 1954 1223 non
1966 1199 2019 1234 po-

1275 1248 1389 1275 nantur
1411 1242 1441 1274 in
1466 1242 1591 1275 illarum
1617 1243 1869 1287 reassumptione
1886 1243 2019 1277 mutatio

1276 1296 1346 1328 anni
1362 1323 1369 1336 ,
1394 1296 1441 1329 xel
1466 1297 1601 1337 mensis,
1626 1296 1756 1330 indictio
1781 1297 1995 1331 vacantiarum
2010 1327 2018 1340 ‚

1276 1349 1393 1384 creatio
1409 1350 1578 1394 pontificis,
1593 1354 1621 1384 et
1635 1350 1750 1384 similia
1762 1351 1801 1384 ad
1815 1362 1943 1386 causam
1954 1363 2018 1388 non

1276 1404 1455 1448 spectantia.

1320 1457 1371 1491 113.
1398 1457 1496 1491 Porro
1521 1457 1546 1490 si
1571 1458 1731 1501 contingat
1749 1458 1780 1491 in
1804 1459 1909 1504 aliqua
1925 1463 2019 1496 eausa

1274 1511 1413 1556 plurium
1439 1511 1536 1556 recipi
1562 1511 1738 1545 iuramenta
1767 1513 1895 1546 testium
1923 1514 2019 1550 unico

1275 1570 1434 1606 contextu,
1455 1565 1487 1598 in
1511 1566 1656 1610 registris
1681 1567 1863 1601 huiusmodi
1888 1568 2017 1602 unicum

1275 1619 1499 1660 iuramentum,
1525 1620 1578 1652 uhi
1603 1630 1714 1654 omnes
1739 1620 1834 1654 iurati
1856 1623 2020 1657 nominen-

1275 1678 1336 1713 tur,
1361 1673 1521 1707 dumtaxat
1547 1673 1743 1707 extendatur.

1319 1727 1371 1760 tt.
1393 1727 1524 1771 Insuper
1541 1737 1604 1760 non
1622 1727 1822 1772 repetantur¹
1839 1729 2018 1774 dignitates,

1275 1783 1321 1815 vel
1341 1781 1421 1815 tituli
1439 1781 1591 1821 iudicum,
1610 1781 1657 1814 vel
1674 1781 1763 1815 locus
1785 1793 1897 1817 eorum
1921 1785 2019 1819 tribu-

1275 1835 1405 1875 nalium,
1430 1839 1458 1867 et
1484 1834 1622 1878 partium
1649 1835 1850 1878 litigantium,
1875 1837 1931 1870 sed
1955 1843 2019 1871 tan-

1276 1894 1340 1921 tum
1368 1888 1438 1920 talis
1462 1886 1574 1927 iudex,
1599 1887 1646 1920 vel
1671 1887 1797 1922 auditor
1819 1889 2017 1933 praedictus,

1277 1942 1322 1975 vel
1347 1942 1418 1975 talis
1442 1946 1540 1982 actor,
1562 1940 1608 1974 vel
1634 1951 1723 1982 reus,
1740 1947 1794 1975 aut
1817 1950 2017 1987 procurator,

1275 2001 1324 2029 aut
1353 1996 1477 2029 similia.

1320 2049 1371 2084 15.
1397 2050 1525 2094 Singula
1544 2052 1626 2093 solia,
1648 2052 1678 2085 in
1699 2051 1844 2095 registris
1868 2051 2018 2087 consectis

1275 2114 1382 2137 eoram
1400 2104 1653 2150 quibuscumque
1672 2105 1883 2140 tribunalibus
1901 2115 1937 2140 ac
1949 2107 2018 2140 aliis

1276 2157 1431 2190 iudicibus
1456 2158 1634 2202 praedietis,
1660 2159 1841 2193 contineant
1866 2159 1898 2192 in
1921 2160 2020 2204 qnali-

1274 2210 1326 2243 bet
1343 2210 1470 2244 illorum
1488 2212 1603 2255 pagina
1619 2212 1658 2246 ad
1675 2212 1778 2245 minus
1793 2212 1892 2246 lineas
1907 2213 2017 2257 viginti

1275 2269 1432 2308 quatuor,
1457 2270 1487 2297 et
1511 2276 1721 2310 unaquaeque
1743 2265 1826 2298 linea
1849 2265 1888 2299 ad
1912 2266 2018 2301 minus

1275 2318 1441 2352 duodecim
1462 2319 1618 2364 syillabas,
1639 2329 1719 2363 quae
1736 2318 1915 2353 scribantur
1939 2319 2019 2354 litte-

1275 2372 1318 2404 ris
1342 2372 1433 2405 bonis
1464 2377 1495 2406 et
1526 2371 1796 2416 intelligibilibus,
1821 2377 1851 2406 et
1875 2372 1906 2406 in
1931 2375 2018 2408 carta

1274 2426 1373 2467 bona,
1398 2436 1461 2460 non
1485 2426 1617 2467 insecta,
1641 2436 1700 2459 nec
1727 2425 1852 2467 bibula,
1876 2427 2016 2472 alioquin

1276 2480 1366 2513 liceat
1383 2480 1553 2523 unicuique
1578 2484 1642 2512 tam
1667 2478 1817 2520 iudicum,
1834 2490 1930 2524 quam
1949 2491 2018 2525 par-

1275 2534 1364 2571 tium,
1390 2533 1437 2566 vel
1463 2537 1706 2577 procuratorum
1732 2533 1922 2576 litigantium
1943 2534 2018 2568 solia

1275 2586 1366 2619 aliter
1384 2586 1500 2629 scripta
1522 2585 1673 2625 lacerare,
1689 2591 1719 2619 et
1735 2586 1865 2620 omnino
1884 2586 2018 2620 debeant

1312 2653 1323 2679 t
1346 2650 1414 2678 Male
1434 2650 1500 2680 edit.
1520 2649 1600 2678 Μαίη.
1622 2650 1706 2678 habet
1725 2651 1938 2689 reputamini-(R.
1953 2651 2004 2688 ⁹12).

2024 234 2076 262 An.
2092 235 2120 263 C.
2143 235 2212 265 ¹6¹2

2274 3059 2284 3067 ,

2268 3073 2293 3114 ὣς,

2272 3118 2280 3125 ,

2273 3132 2285 3158 2*

2268 3161 2288 3207 ἕν’
