2293 3231
290 280 342 306 An.
354 278 381 306 C.
408 278 473 306 1622

291 2158 478 2184 Atiaquesongrc·

292 2185 412 2209 natiunibus
425 2184 476 2203 Cas-

291 2217 368 2231 sinensi
393 2216 418 2230 ac
441 2216 475 2230 ca-

292 2238 414 2258 nonicorum
445 2243 476 2257 rc·

292 2264 394 2287 nularium
409 2266 475 2283 §aurit

292 2291 409 2310 Salvator-is
424 2296 476 2316 quo-

292 2317 406 2337 modolibet
428 2322 476 2336 con-

293 2349 369 2366 cessa.
407 2343 476 2363 eidem

293 2370 439 2390 commuuio-1¹.

519 270 581 304 728

490 328 635 361 concedi:
663 328 751 360 nobis
776 334 944 371 propterca
970 328 1131 360 luunilitcr
1156 338 1230 371 sup-

492 381 602 425 plicari
617 381 697 420 fecit,
712 386 745 413 ut
755 390 851 424 super
861 379 1040 423 praemissis
1054 386 1231 424 opportune

491 434 657 478 providere
672 433 709 466 (le
726 433 916 475 benignitate
936 433 1110 477 apostolica
1126 433 1234 477 digna-

490 498 606 520 retitur.

534 544 548 581 ,ξ
571 540 601 573 3.
632 542 694 574 Nos
724 541 838 583 igitur,
864 541 1012 574 Iacobum
1036 541 1233 585 praedictum

404 587 472 625 'iim--
490 593 679 636 specialibus
705 593 865 626 saroribus
894 597 922 627 ct
948 594 1059 636 gratiis
1082 594 1234 639 prosequi

428 640 473 684 ¹¹2„
492 649 649 689 tolentes,
675 648 842 692 ipsumque
873 659 909 681 ac
934 648 1110 692 singulares
1133 649 1234 682 dictae

365 726 368 737 .
418 698 474 743 ,ζῖἶῖ
490 701 750 744 Congregastfflffls
775 711 927 744 personas
951 712 968 734 a
993 701 1156 746 quibusvis
1181 712 1234 735 ex-

425 752 474 765 ¹““·
490 752 794 792 communicationis,
816 752 1029 796 suspensionis
1053 758 1084 786 et
1108 752 1235 786 interdi-

491 805 542 844 cti,
567 804 698 848 aliisque
723 805 944 839 ecclesiasticis
969 806 1141 847 sententiis,
1167 816 1236 839 een-

491 857 573 890 suris
597 863 627 890 et
651 857 778 901 poenis,
803 868 821 890 a
846 857 913 891 iure
946 859 993 892 vel
1024 858 1064 892 ab
1087 859 1234 900 homine,

490 911 598 954 quavis
616 912 783 944 occasione
802 912 848 945 rel
866 914 960 946 causa
977 913 1057 954 latis,
1078 913 1103 946 si
1120 913 1235 957 quibus

491 964 729 1008 quomodolibet
752 965 919 999 innodatae
943 965 1088 1008 existunt,
1108 966 1147 1000 ad
1163 966 1236 1000 essc-

490 1022 575 1050 ctum
600 1017 814 1061 praesentium
848 1018 1008 1052 dumtaxat
1043 1029 1235 1063 consequen-

490 1071 575 1112 dum,
589 1072 701 1104 harum
719 1071 800 1104 serie
817 1071 1013 1106 absolventes
1030 1078 1060 1106 et
1076 1073 1235 1106 absolutas

491 1125 556 1158 sore
569 1131 741 1166 censentes,
755 1126 936 1159 huiusmodi
950 1126 1234 1171 supplicationibus

492 1178 641 1219 inclinati,
656 1180 760 1212 onmia
781 1185 811 1212 et
827 1180 950 1223 singula
973 1180 1149 1224 privilegia,
1167 1191 1235 1223 gra-

492 1232 548 1265 tias
566 1238 593 1265 et
614 1233 732 1266 indulta
756 1234 927 1277 praedicta,
940 1244 998 1278 per
1017 1244 1234 1278 quoscumque

492 1288 648 1320 Romanos
663 1288 830 1321 Pontifices
839 1288 1098 1332 praedecessores
1108 1293 1234 1322 nostros

493 1341 593 1374 eidem
609 1341 852 1384 Congregationi
870 1341 1082 1382 Lateranensi‚
1099 1346 1161 1374 tam
1178 1352 1235 1386 per

492 1395 572 1427 viam
583 1395 878 1429 comnmnicationis
888 1399 917 1429 et
930 1395 1131 1436 extensionis,
1139 1406 1233 1439 quam

492 1449 578 1489 alias,
603 1453 636 1483 ut
661 1450 848 1493 praefertur,
874 1460 1037 1492 concessa,
1062 1450 1235 1484 dummodo

492 1507 597 1536 tamen
622 1503 683 1535 sint
709 1503 739 1535 in
765 1514 821 1535 usu
847 1508 874 1536 et
901 1513 962 1537 non
987 1504 1048 1538 sint
1072 1509 1234 1545 revocata,

490 1565 592 1601 neque
617 1557 674 1590 sub
699 1557 856 1600 aliquibus
880 1557 1135 1591 revocationibus
1152 1568 1236 1591 eom-

490 1611 666 1654 prehensa,
693 1610 852 1654 sacrisque
877 1611 1072 1652 canonibus,
1101 1616 1133 1644 et
1156 1611 1235 1645 Con-

491 1664 553 1697 cilii
579 1663 753 1697 Tridentini
781 1664 933 1704 decretis,
959 1669 988 1697 et
1018 1665 1234 1698 Romanorum

491 1717 678 1751 Pontificum
692 1717 974 1761 praedecessorum
991 1722 1186 1760 nostrorum,
1200 1729 1236 1752 ac

491 1771 606 1805 nostris
631 1771 907 1805 constitutionibus
935 1782 998 1805 non
1017 1772 1234 1814 adversentur,

491 1825 664 1870 apostolica
678 1824 874 1865 auctoritate,
889 1829 996 1859 tenore
1009 1825 1235 1869 praesentium,

491 1884 645 1923 perpetuo
678 1879 892 1922 approbamus
929 1882 960 1912 ot
991 1879 1234 1921 confirmamus,

492 1933 616 1976 illisque
643 1932 832 1965 inviolabilis
861 1932 1052 1977 apostolicae
1077 1932 1236 1967 firmitatis

492 1985 590 2018 robur
611 1985 796 2026 adiicimus,
821 1996 872 2026 ac,
897 1991 1050 2029 quatenus
1076 1996 1155 2030 opus
1179 1986 1235 2028 sit,

491 2039 592 2072 dictae
611 2039 855 2082 Congregationi
871 2039 1072 2073 Lateranensi
1091 2039 1129 2073 de
1153 2050 1235 2075 novo

491 2092 702 2125 concedimus.

536 2146 551 2189 g
570 2145 599 2178 4.
618 2146 783 2178 Praeterea
803 2145 904 2178 eidem
921 2145 1163 2189 Congregationi
1182 2146 1236 2180 La-

492 2199 658 2239 teranensi,
668 2199 812 2243 illiusque
822 2199 998 2240 abbatibus,
1008 2199 1235 2244 superioribus,

492 2252 660 2294 canonicis,
673 2252 804 2296 aliisque
822 2252 976 2296 personis,
990 2253 1074 2296 quod
1088 2254 1234 2287 omnibus

492 2312 521 2340 ct
546 2306 678 2350 singulis
703 2306 771 2339 aliis
797 2306 982 2350 privilegiis,
1003 2307 1112 2349 gratiis
1137 2312 1167 2340 et
1192 2307 1235 2340 in-

492 2360 596 2401 dultis,
622 2365 685 2393 tam
709 2359 925 2404 spiritualibus
942 2371 1036 2404 quam
1058 2360 1236 2405 temporali-

492 2413 560 2454 bus,
582 2419 644 2446 tam
669 2413 770 2446 eidem
791 2413 1032 2457 Congregationi
1058 2413 1234 2447 Cassinensi

493 2467 524 2499 in
541 2467 623 2500 liunc
641 2477 738 2511 usque
764 2467 857 2507 diem,
878 2477 971 2511 quam
992 2467 1234 2510 Congregationi

494 2520 719 2553 canonicorum
736 2520 932 2563 regularium
947 2520 976 2553 S.
994 2520 1163 2554 Salvatoris
1181 2520 1235 2555 Bo-

494 2573 661 2614 noniensis,
687 2574 842 2618 illiusque,
867 2574 1042 2616 abbatibus,
1067 2574 1235 2618 superiori-

493 2626 562 2667 bus,
583 2632 612 2659 et
636 2627 780 2670 personis
799 2628 1061 2672 quibuscumque,
1086 2628 1181 2661 etiam
1200 2633 1234 2662 ut

493 2680 685 2724 praefertur,
709 2684 761 2715 aut
791 2681 866 2715 alias
890 2681 1150 2726 quomodolibet,
1174 2691 1234 2726 per

1069 281 1246 305 BULLARlUM
1273 281 1425 306 ROMANUM

2022 284 2072 312 An.
2084 284 2114 312 C.
2138 283 2204 315 ¹022
2223 299 2232 327 »⁴

1269 338 1486 372 quoscumque
1511 329 1668 363 Romanos
1694 331 1859 364 Pontifices
1883 331 2010 375 prm-de-

1267 391 1408 414 cessores
1428 387 1553 415 nostros
1582 393 1618 415 ac
1642 383 1735 416 etiam
1759 393 1818 416 nos
1842 385 2010 425 concessis,

1267 444 1303 467 ac
1322 434 1437 477 quibus
1461 439 1591 469 utuntur
1605 462 1613 476 ,
1637 436 1786 468 fruuntur
1809 441 1840 469 et
1863 437 2010 480 gaudent,

1266 497 1303 519 ac
1326 487 1382 528 uti,
1407 487 1467 520 frui
1494 493 1524 521 et
1548 488 1686 531 gaudere
1711 493 1844 533 possunt
1868 494 1899 522 et
1923 495 2010 533 pote-

1267 544 1341 572 rtmt
1364 540 1603 584 quomodolibet
1618 541 1650 574 in
1667 541 1819 583 futurum,
1837 541 2010 576 dummodo

1267 593 1413 626 similiter
1432 593 1494 627 sint
1513 594 1544 627 in
1557 605 1617 627 usu
1637 600 1667 628 et
1683 605 1747 628 non
1770 595 1831 628 sint
1855 601 2010 636 revocata,

1268 656 1370 690 neque
1394 646 1452 680 sub
1476 647 1633 692 aliquibus
1650 648 1904 682 revocationibus
1928 659 2012 683 com-

1268 700 1434 743 prehensa,
1449 710 1507 734 nec
1531 701 1628 734 saeris
1653 701 1836 743 canonibus,
1853 712 1890 735 ac
1911 702 2013 736 conci—

1268 752 1300 785 lii
1326 753 1479 797 praedicti
1502 754 1647 796 decretis,
1667 759 1721 788 aut
1737 755 2013 789 constitutionibus

1269 807 1449 850 apostolicis
1473 813 1660 852 repugnent,
1676 808 1744 853 pari
1769 808 1864 843 modo
1888 809 1944 852 uti,
1960 819 2013 854 po-

1269 860 1320 893 tiri
1345 865 1376 894 et
1399 861 1538 904 gaudere
1561 861 1659 895 libere
1691 867 1722 894 et
1752 862 1836 895 licite
1869 862 2011 903 valeant,

1269 914 1455 947 auctoritate
1480 919 1510 948 et
1534 920 1644 949 tenore
1660 915 1809 959 praefatis
1826 915 1921 949 etiam
1939 925 2011 949 con-

1269 966 1411 1000 cedimus
1435 973 1465 1000 et
1487 968 1698 1011 indulgemus.

1313 1021 1328 1064 ἓ
1341 1020 1371 1054 5.
1384 1021 1604 1064 Decernentes,
1617 1026 1798 1066 praesentes
1810 1021 1930 1056 litteras
1940 1032 2012 1066 per·
2025 1033 2134 1065 ciamuas
2148 1040 2210 1062 pm-

1267 1078 1363 1117 petuo
1380 1073 1508 1116 validas,
1529 1073 1638 1108 sirmas
1662 1079 1693 1108 et
1716 1074 1859 1109 efficaces
1877 1074 2011 1108 existere
2025 1063 2143 1110 {irinum
2171 1067 2209 1090 '²⁰'

1269 1131 1299 1159 et
1314 1126 1391 1167 fore,
1404 1137 1439 1160 ac
1455 1127 1663 1171 primodictae
1679 1127 2013 1171 Congregationialiis-

1269 1191 1331 1225 que
1354 1180 1523 1225 praedietis
1540 1181 1573 1214 in
1596 1181 1744 1215 omnibus
1768 1186 1799 1215 et
1823 1192 1881 1226 per
1904 1181 2011 1215 omnia

1267 1235 1449 1280 plenissime
1470 1235 1637 1279 suffragari
1646 1247 1654 1277 3

1313 1291 1328 1333 ς
1358 1290 1386 1322 6.
1413 1289 1526 1333 Sicque
1554 1300 1611 1334 per
1642 1301 1860 1334 quoscumque
1891 1290 2010 1324 iudices

1269 1343 1446 1377 ordinarios
1465 1348 1495 1376 et
1518 1343 1699 1387 delegatos,
1725 1344 1819 1377 etiam
1843 1355 2010 1378 causarum

1269 1397 1377 1441 palatii
1398 1396 1562 1440 apostolici
1578 1396 1749 1438 auditores,
1762 1397 1894 1431 iudicari
1907 1403 1939 1431 et
1962 1398 2012 1432 de-

1269 1450 1352 1483 finiri
1377 1450 1502 1492 debere,
1520 1460 1556 1484 ac
1572 1450 1697 1483 irritum
1715 1455 1745 1485 et
1759 1450 1861 1493 inane,
1879 1451 1905 1485 si
1922 1462 2012 1486 secus

1270 1514 1365 1548 super
1387 1503 1437 1537 his
1460 1514 1478 1536 a
1502 1514 1671 1548 quoquam,
1683 1504 1792 1549 quavis
1816 1505 2011 1547 auctoritate,

1270 1557 1404 1590 scienter
1433 1557 1480 1590 vel
1505 1557 1699 1601 ignoranter,
1724 1558 1893 1603 contigerit
1915 1564 2012 1593 atten-

1270 1611 1339 1644 tari.

1314 1664 1329 1707 g
1355 1663 1383 1696 7.
1409 1664 1478 1697 Non
1502 1663 1645 1698 obstante
1661 1666 1769 1698 nostra
1789 1664 1827 1698 de
1844 1665 1954 1708 gratiis
1973 1666 2012 1700 ad
2049 1675 2159 1697 contraria
2168 1679 2210 1696 uon

1270 1717 1368 1750 instar
1383 1727 1447 1750 non
1471 1718 1691 1759 concedendis,
1708 1718 1840 1763 aliisque
1865 1703 2111 1753 constitu-fliiffffl
2136 1701 2210 1724 ⁶⁹⁰⁰*

1270 1770 1407 1805 tionibus
1426 1776 1457 1804 et
1480 1771 1733 1805 ordinationibus
1756 1772 1948 1816 apostolicis,
1965 1783 2012 1815 ac,

1270 1830 1424 1869 quatenus
1443 1835 1524 1870 opus
1543 1825 1592 1866 sit,
1606 1825 1732 1860 Ordinis
1745 1831 1775 1859 et
1791 1826 2015 1870 Congregatio-

1269 1877 1318 1911 nis
1341 1877 1523 1912 huiusmodi
1547 1878 1655 1922 (etiam
1679 1879 1873 1920 iuramento,
1898 1879 2013 1913 confir-

1270 1931 1407 1966 matione
1431 1931 1621 1976 apostolica,
1648 1932 1697 1965 vel
1731 1932 1841 1976 quavis
1865 1932 2013 1967 firmitate

1269 1984 1330 2018 alia
1346 1984 1517 2029 roboratis)
1537 1984 1659 2018 statutis
1677 1990 1707 2018 et
1722 1985 2013 2028 consuetudinibus,

1269 2037 1444 2082 privilegiis
1460 2047 1596 2082 quoque,
1618 2037 1746 2071 indultis
1763 2042 1794 2071 et
1808 2038 1922 2072 litteris
1938 2049 2013 2084 apo-

1270 2091 1398 2132 stolicis,
1416 2091 1447 2124 in
1465 2091 1658 2125 eontrarium
1673 2092 1920 2136 praemissorum
1937 2102 2015 2136 quo-

1270 2145 1442 2179 modolibet
1466 2145 1634 2186 concessis,
1659 2145 1854 2179 confirmatis
1873 2151 1904 2179 et
1926 2146 2014 2195 inno:

1268 2199 1363 2232 vatis:
1388 2198 1502 2243 quibus
1526 2198 1672 2233 omnihus
1692 2203 1722 2232 et
1746 2199 1887 2242 singulis,
1901 2209 2013 2233 eorum

1269 2252 1411 2286 omnium
1429 2257 1553 2286 tenores
1570 2251 1790 2296 praesentibus
1801 2262 1861 2296 pro
1877 2252 1968 2296 plene
1981 2257 2012 2286 et

1269 2306 1460 2340 sufficienter
1477 2306 1633 2351 expressis
1645 2306 1806 2348 habentes,
1818 2306 1879 2339 illis
1891 2306 1968 2340 alias
1980 2307 2012 2339 in

1269 2369 1326 2392 suo
1335 2359 1451 2393 robore
1463 2358 1689 2404 permansuris,
1703 2359 1762 2393 hac
1775 2359 1842 2393 vice
1853 2359 2013 2393 dumtaxat

1269 2413 1447 2457 specialiter
1463 2418 1494 2446 et
1511 2423 1658 2458 expresse
1674 2413 1874 2456 derogamus,
1888 2412 2013 2446 ceteris-

1268 2476 1329 2511 que
1349 2465 1517 2499 contrariis
1535 2465 1797 2510 quibuscumque.

1312 2519 1424 2554 Datum
1455 2520 1590 2561 Romae,
1610 2519 1693 2564 apud
1717 2518 1746 2552 S.
1767 2518 1895 2552 Mariam
1920 2518 2013 2552 Maio-

1268 2583 1348 2614 rem,
1361 2573 1420 2606 sub
1436 2573 1553 2606 annulo
1567 2572 1745 2612 piscatoris,
1757 2571 1807 2605 die
1821 2581 1900 2606 xxm
1914 2582 2011 2616 augu-

1268 2626 1307 2659 sti
1319 2636 1463 2667 nncxxn,
1479 2625 1678 2671 pontificatus
1701 2625 1801 2658 nostri
1825 2635 1908 2659 anno
1934 2635 1965 2660 11.

1303 2689 1361 2719 Dat.
1378 2689 1420 2718 die
1435 2688 1469 2718 23
1484 2687 1590 2727 augusti
1602 2687 1681 2722 1622,
1695 2687 1790 2724 pontis.
1807 2695 1852 2716 an.
1868 2694 1898 2717 ιι.

2076 1302 2142 1323 Aliter
2156 1301 2210 1324 tudi-

2025 1330 2094 1351 canda
2107 1329 2184 1351 irritat.
