2293 3231
298 275 350 302 an.
371 273 487 301 &1012
538 263 597 298 162

541 321 556 363 ξ
575 320 621 353 16.
636 319 742 359 Quoad
757 328 881 351 versum
896 317 1042 349 ultimum
1055 321 1143 347 laxae
1155 320 1240 348 nota-

497 373 619 407 riorum
635 382 778 406 eamerae
797 370 996 414 incipientem
1007 369 1074 402 Pro
1085 378 1147 401 non
1157 377 1240 400 com-

494 425 692 471 prelaensis¹,
710 425 906 457 declaramus
922 420 1053 464 intelligi
1065 420 1103 454 de
1117 420 1241 465 expedi-

499 479 636 512 tionibus
657 476 813 520 gratiosis.
843 476 875 508 ln
904 474 1102 508 iudicialibus
1124 479 1240 515 autem,

499 533 524 565 si
545 532 620 576 quid
647 531 676 563 in
698 533 735 562 ea
759 529 804 562 vel
829 528 898 561 aliis
922 527 1002 561 taxis
1024 527 1119 560 fuerit
1149 537 1240 571 prae-

501 584 691 622 termissum,
720 587 863 615 servetur
886 581 924 614 de
955 580 1112 614 similibus
1136 579 1174 613 ad
1203 580 1242 613 si-

500 638 595 671 milia.

544 694 559 733 ,ξ
589 690 635 722 17.
653 688 760 728 Quoad
777 692 863 722 taxas
875 687 1072 721 notariorum
1090 686 1243 729 guberna-

502 744 588 784 toris,
608 743 725 782 vicarii,
745 746 774 776 el
791 742 937 782 aliorum,
956 751 1048 774 versu
1066 741 1133 774 Pro
1149 740 1242 773 resti-

503 797 627 830 tutione
655 794 833 840 ‹tep0s1·ci·³‚
861 795 1043 828 bononenus
1066 803 1153 826 unus
1182 804 1243 836 pro

501 849 646 894 quolibet
663 853 762 889 scuto,
784 848 916 891 intelligi
933 848 1078 881 volumus
1095 847 1126 880 in
1143 847 1243 880 causis

503 903 704 942 mercedum3
722 902 754 934 in
771 902 839 934 aliis
865 912 940 935 vero
964 901 1149 934 bononenos
1165 900 1244 933 duos

504 968 562 1001 pro
599 955 740 1002 quolibet
771 960 860 988 scuto
891 953 1125 999 permittimus,
1154 953 1245 986 sicuti

504 1020 576 1043 vere
601 1010 633 1042 in
657 1011 728 1042 taxa
760 1008 858 1041 felicis
883 1007 1110 1041 reeordationis
1136 1006 1182 1039 Pii
1208 1005 1245 1038 IV

502 1062 756 1108 praedecessoris
780 1061 879 1094 nostri
897 1061 1041 1100 liabetur,
1062 1059 1133 1092 lieet
1157 1059 1247 1092 aliter

503 1116 671 1161 aliquando
695 1115 787 1148 fuerit
804 1125 861 1158 per
885 1124 1028 1147 errorem
1045 1114 1246 1156 impressum.

549 1172 564 1214 ς’
589 1168 640 1202 18.
666 1169 703 1202 Et
727 1169 758 1201 in
783 1167 892 1201 eadem
913 1168 985 1199 taxa
1003 1176 1095 1199 versu
1114 1165 1182 1199 Pro
1200 1176 1249 1198 co-

502 1223 560 1268 pia*
585 1222 731 1266 simplici
766 1220 940 1255 cuiuslibet
974 1219 1187 1252 instrumenti
1214 1219 1251 1251 in

505 1278 588 1311 actis
611 1275 748 1320 2·0qatt³‚
775 1274 972 1308 declaramus
996 1273 1129 1316 intelligi
1145 1273 1184 1306 de
1209 1273 1251 1305 in-

506 1337 682 1365 strumento
699 1335 786 1363 actus
800 1328 965 1369 iudicialis,
982 1338 1046 1361 non
1062 1327 1100 1360 de
1116 1327 1250 1371 simplici

506 1383 788 1418 extraiudicialium
822 1383 1104 1415 instrumentorum
1137 1382 1227 1426 eopia
1243 1409 1250 1423 ‚

506 1450 565 1483 pro
589 1448 651 1482 qua
671 1438 752 1470 bene
772 1442 801 1470 et
819 1435 858 1469 ad
875 1435 972 1468 instar
987 1435 1062 1468 boni
1090 1435 1253 1478 originalis

507 1492 666 1535 descripta
683 1491 867 1524 bononenos
895 1494 1014 1534 septem
1031 1499 1104 1521 eum
1121 1488 1252 1523 dimidio

508 1556 567 1590 pro
591 1545 733 1590 quolibet
756 1544 830 1578 folio
859 1543 936 1578 solvi
965 1548 993 1576 et
1019 1542 1101 1585 exigi
1126 1542 1252 1586 permit-

509 1599 614 1632 timus.

553 1654 568 1697 ς
592 1652 644 1685 19.
659 1651 767 1691 Quoad
783 1655 885 1685 taxam
898 1649 1096 1684 notariorum
1109 1650 1205 1683 Rotae
1221 1649 1253 1682 in

510 1707 614 1752 primo
632 1705 742 1739 versu⁴
762 1704 862 1738 iulias
885 1704 1059 1748 sexaginta
1074 1713 1130 1736 sex
1149 1704 1254 1747 legen-

511 1760 586 1793 dum
615 1759 821 1799 declaramus,
849 1768 913 1791 non
937 1763 1042 1790 autem
1066 1757 1250 1801 sezaqinta,

510 1818 601 1858 prout
631 1811 831 1856 impr-essoris
849 1821 958 1844 errore
978 1811 1036 1844 suit
1057 1816 1208 1844 notatmn.

557 1868 572 1910 ξ
596 1866 647 1900 20.
665 1866 772 1906 Quoad
793 1871 894 1898 [axam
915 1864 1057 1905 archivii,
1078 1875 1171 1897 versu
1187 1865 1254 1898 Pro

512 1921 730 1953 instrumento
741 1918 978 1959 absoltttionc's⁵,
992 1917 1178 1950 mandamus
1187 1928 1256 1951 eor-

514 1974 575 2017 rigi
591 1974 675 2006 iuxta
700 1977 802 2007 taxam
818 1972 916 2005 felicis
933 1971 1161 2006 reeordationis
1177 1971 1254 2006 Gre-

515 2027 596 2070 gorii
614 2027 691 2067 xm,
711 2025 965 2070 praedecessoris
988 2025 1098 2058 nostri.

560 2082 575 2123 ξ
591 2080 643 2113 τΣΙ.
659 2081 777 2113 Rursus
795 2080 825 2112 iu
847 2080 1000 2112 versiculo
1014 2080 1080 2112 Pro
1097 2080 1254 2123 pau-peri-

517 2135 601 2175 buss',
621 2134 828 2173 declaramus,
844 2139 874 2166 et
888 2134 1032 2166 volumus
1045 2133 1163 2166 serrari
1176 2144 1256 2165 eam-

517 2190 587 2222 dem
613 2194 715 2222 laxam
748 2187 845 2220 felicis
878 2187 1105 2220 recordationis
1136 2187 1255 2231 Grego-

519 2242 555 2276 rii
573 2243 649 2282 xm,
662 2246 694 2276 ut
706 2241 832 2274 admissi
850 2241 887 2274 ad
903 2241 1258 2286 iuramentumpauper-

520 2296 589 2329 tatis
601 2323 608 2336 ‚
626 2296 709 2328 iuxta
734 2296 867 2328 formam
885 2295 986 2328 dietae
1003 2300 1091 2328 laxae
1108 2295 1238 2328 solvant.

563 2351 578 2393 ,ξ
602 2349 654 2382 22.
679 2348 786 2388 Quoad
805 2354 905 2382 laxam
934 2349 1130 2382 notariorum
1151 2349 1258 2382 erimi-

558 2459 566 2483 1
587 2456 642 2484 lloc
658 2465 716 2492 cap.
739 2460 779 2483 est
794 2457 820 2483 in
836 2457 927 2484 Const.
943 2464 1020 2491 cxcv,
1036 2457 1049 2493 ἓ
1065 2465 1084 2491 1,
1101 2465 1129 2485 n.
1153 2458 1212 2486 186.

555 2502 571 2527 ‘2
591 2500 645 2527 lloc
662 2509 722 2535 cap.
739 2505 779 2527 est
794 2500 849 2527 ibid
868 2522 873 2529 ,
890 2502 946 2535 511,
964 2509 990 2527 n.
1007 2502 1051 2528 17.

557 2545 572 2572 3
594 2545 647 2572 lloc
663 2554 721 2580 cap.
738 2550 778 2572 est
793 2545 871 2579 ibid„
887 2553 914 2572 n.
932 2547 974 2573 70.

558 2588 573 2613 ό
590 2586 644 2613 Hoc
656 2595 715 2621 cap.
729 2587 805 2613 estin
817 2587 906 2614 Const.
921 2588 1059 2623 praeced„
1071 2588 1083 2623 §
1095 2595 1120 2615 w
1132 2589 1159 2615 in
1172 2589 1258 2624 princ.

558 2633 574 2659 5
595 2631 650 2658 noe
665 2640 723 2666 cap,
741 2631 822 2658 estin
839 2632 911 2659 dieta
926 2632 1030 2667 Const.‚
1047 2633 1100 2669 ἓν,
1118 2641 1144 2660 u.
1163 2633 1206 2661 16.

559 2676 575 2703 G
595 2675 650 2703 lloc
665 2680 743 2711 eaput
760 2681 799 2703 est
813 2676 891 2711 ibid,
909 2685 934 2703 n.
951 2677 994 2704 62.

1069 267 1250 293 nummus!
1274 266 1429 292 ROMANUM

1273 313 1436 346 minalitun
1449 313 1680 357 gubernatoris,
1693 312 1846 346 auditoris
1859 320 2013 352 camerae,

1273 372 1302 398 et
1322 366 1472 406 aliorum,
1495 365 1650 399 versiculo
1674 366 1742 399 Pro
1765 363 1906 410 quolibet
1934 363 2013 407 solio

1273 419 1383 463 copiae
1395 418 1617 459 indiciorum¹,
1633 418 1830 452 declaramus
1842 417 2016 460 intelligen-

1274 472 1360 513 dum,
1377 477 1407 505 ut
1427 472 1584 518 quaelibet
1602 471 1726 516 pagina,
1748 470 1827 504 idest
1850 470 1944 504 facies
1960 480 2015 502 eu-

1275 525 1424 559 1115111331ἵ
1452 525 1614 559 continere
1641 524 1753 558 debeat
1779 523 1878 557 lineas
1905 521 2015 566 viginti

1275 583 1420 624 quatuor,
1434 584 1529 624 prout
1543 578 1574 611 in
1586 579 1694 612 nostra
1707 576 1940 617 reformatione,
1957 574 2016 608 sub

1277 633 1319 666 tit.
1342 633 1387 666 De
1404 632 1552 676 reqistris
1569 631 1584 676 ἓ
1601 630 1744 676 Sinyula
1759 629 1870 674 soliffl,
1885 634 1916 663 et
1931 628 2016 669 alibi,

1277 687 1422 720 volumus
1442 685 1583 729 intelligi.

1321 739 1336 783 ξ
1352 738 1403 772 23.
1421 738 1528 778 Quoad
1542 743 1644 771 taxam
1662 736 1722 771 fori
1732 735 1909 781 Capitolini,
1926 744 2019 768 versu

1276 793 1303 826 A
1331 796 1460 825 centum
1483 801 1585 835 usque
1608 790 1652 823 ad
1675 790 1827 824 ducentos
1838 788 1861 830 ⁴,
1887 787 2020 820 addatur

1279 845 1410 879 verbum
1422 844 1529 885 atios'z
1545 854 1655 878 errore
1672 841 1836 887 scriptoris
1852 840 2018 875 omissum:

1323 896 1407 941 3324.
1437 897 1551 943 Sieque
1575 907 1632 941 per
1660 904 1877 941 quoscumque
1901 892 2021 927 iudices

1279 951 1458 985 ordinarios
1470 955 1499 985 et
1513 950 1791 991 extraordinarios,
1802 954 1833 982 et
1845 948 1938 982 etiam
1951 957 2023 981 exe-

1281 1010 1432 1050 quutores
1449 1004 1550 1038 dietae
1570 1009 1698 1038 nostrae
1721 1000 1964 1041 constitutionis,
1977 999 2023 1034 iu-

1281 1059 1380 1092 dicari
1398 1064 1427 1091 et
1444 1058 1569 1092 definiri
1596 1058 1723 1098 debere,
1740 1056 1881 1096 sublata,
1897 1058 1967 1096 eto,
1983 1053 2023 1087 ir-

1282 1112 1389 1153 ritum,
1405 1116 1463 1146 ele.

1328 1167 1343 1210 ἓ
1373 1166 1425 1200 ⁶25.
1458 1167 1527 1200 Non
1555 1164 1752 1200 obstantibus
1779 1161 1960 1208 praemissis
1986 1171 2023 1194 ac

1283 1212 1447 1264 prioribus
1474 1219 1585 1254 litteris
1615 1229 1712 1263 super
1741 1216 1965 1251 reformatione
1993 1219 2025 1248 et

1284 1274 1363 1307 taxis
1383 1273 1544 1314 emanans,
1567 1273 1742 1317 ceterisque
1767 1269 1934 1305 contrariis
1958 1267 2025 1314 qui-

1283 1329 1493 1372 buscumque,
1518 1331 1547 1360 et
1575 1336 1647 1359 eum
1668 1326 1806 1365 decreto,
1823 1323 1907 1369 quod
1932 1332 2024 1367 prae-

1287 1382 1382 1415 sentis
1402 1382 1467 1415 sola
1492 1381 1655 1424 signatura
1672 1378 1822 1419 sufficiat,
1845 1377 1940 1411 etiam
1956 1376 2026 1410 abs-

1286 1446 1346 1481 que
1364 1435 1424 1468 3113
1442 1434 1513 1469 data
1530 1439 1559 1467 et
1584 1433 1802 1476 registi-atara.

1463 1487 1567 1521 Placet
1592 1491 1678 1519 motu
1704 1485 1847 1531 proprio.

1591 1648 1725 1683 cxcvn.

1330 1730 1486 1776 Sequitur
1509 1729 1688 1763 declaratio
1712 1728 1856 1762 eiusdem
1871 1729 2029 1772 reforma-

1289 1784 1387 1817 tionis
1410 1783 1519 1827 quoad
1535 1783 1753 1816 aromatarios
1773 1782 1877 1816 Urbis.

1525 1881 1636 1908 Paulus
1657 1880 1735 1914 Papa
1755 1880 1788 1908 V.

1492 1944 1575 1972 Motu
1602 1943 1738 1978 proprio,
1763 1945 1823 1972 etc.

1332 2025 1408 2059 Cum
1433 2030 1504 2069 post.
1525 2025 1646 2069 aliquas
1663 2024 1891 2058 declinationes
1906 2034 1924 2057 a
1939 2023 2030 2058 nobis

1289 2079 1503 2113 constitutioni
1515 2079 1537 2119 ⁵,
1565 2089 1659 2122 quam
1688 2088 1783 2122 super
1807 2077 2031 2112 reformatione

1290 2132 1493 2166 tribunalium
1507 2132 1600 2166 Urbis
1614 2132 1822 2173 condidimus,
1835 2131 1942 2172 factas,
1958 2141 2030 2175 aro-

1290 2186 1412 2220 matarii
1443 2186 1597 2230 quaedam
1628 2185 1768 2219 eiusdem
1799 2185 2031 2220 constitutionis

1291 2240 1392 2284 capita
1409 2240 1492 2284 ipsos
1506 2239 1664 2282 tangentia
1680 2239 1834 2273 declarari
1847 2238 2031 2283 suppliciter

1291 2293 1534 2337 postulaverint;
1551 2303 1608 2326 nos
1625 2292 1721 2326 dubia
1741 2292 1850 2327 tollere
1867 2297 1895 2325 et
1925 2291 2032 2325 litibus

1291 2358 1459 2381 occurrere
1483 2347 1662 2391 cupientes:

1330 2455 1340 2481 1
1364 2453 1420 2481 Hoc
1435 2461 1494 2487 cap.
1516 2456 1558 2480 est
1575 2451 1642 2480 ibid.
1658 2450 1672 2487 ἓ
1693 2458 1727 2485 vl,
1744 2459 1771 2478 n.
1791 2451 1837 2478 44,

1327 2498 1344 2525 ⁶2
1364 2497 1544 2533 Subintellige
1562 2496 1627 2531 solii
1645 2496 1748 2530 (11.1).

1328 2543 1345 2570 3
1366 2541 1411 2569 Est
1425 2542 1452 2569 in
1467 2542 1560 2569 Const.
1577 2547 1663 2574 cxciv,
1683 2539 1698 2575 ἓ
1712 2548 1755 2569 xx,
1776 2547 1804 2568 n.
1821 2539 1864 2567 15.

1329 2588 1345 2614 4
1365 2586 1420 2614 Hoc
1435 2594 1493 2621 cap.
1511 2584 1591 2612 estin
1607 2583 1698 2612 Const.
1716 2591 1820 2619 praec„
1836 2584 1910 2619 §vt1‚
1925 2591 1952 2611 n.
1969 2584 1995 2611 4.

1329 2632 1346 2660 5
1360 2632 1431 2658 Loco
1441 2630 1486 2657 cit.
1501 2629 1556 2657 hoc
1566 2628 1678 2656 verbum
1688 2628 1741 2655 iam
1753 2627 1804 2655 fuit
1813 2627 1934 2655 additum
1943 2627 2032 2664 (mn).

1329 2677 1346 2703 6
1366 2675 1461 2712 Aptius
1481 2674 1616 2711 legeretur
1635 2673 1848 2702 constitutionis
1860 2673 1959 2709 (n.·r.).

2020 263 2075 292 An.
2095 261 2124 292 G.
2141 262 2238 312 1613&

2074 907 2174 930 clausula
2185 911 2220 931 ιι-

2036 934 2100 965 otato,
2112 937 2135 965 οξ
2145 934 2187 956 do
2223 941 2229 947 -

2037 964 2080 984 tum
2095 963 2188 984 ιῐηιειιι.
2215 983 2217 986 .

2155 1182 2158 1191 ,
2170 1183 2171 1186 ,
2214 1184 2215 1191 ,
2224 1182 2229 1185 s

2038 1173 2200 1223 ΒΟΙΙῑΙὮῙΙέῙΘΟΙἮΙΙΙ-
2231 1190 2234 1195 ·

2041 1493 2083 1517 PP.
2091 1493 2239 1522 subscriptio-⁴

2085 2035 2155 2058 Causa
2165 2035 2239 2062 huin&

2045 2061 2206 2085 declarationis.
2220 2083 2225 2085 1
