2293 3231
285 273 333 300 An.
350 272 379 298 c.
400 269 466 298 1623

313 603 334 622 Ιί
341 608 451 622 commum.

307 1133 473 1155 Communicatio

290 1161 315 1181 (te
336 1166 378 1187 qua
402 1160 422 1180 iu
440 1165 475 1180 ru-

289 1189 358 1210 brica.

514 260 578 295 786

526 319 675 361 [ulmum
706 315 977 349 concedendoram
995 342 1002 354 ,
1030 314 1072 347 ad
1095 317 1243 347 sacrum*

530 371 683 405 Ordinem
712 369 971 403 Cartlmsecnsem
988 367 1006 400 ¹.

688 449 844 483 Gregorius
863 448 942 481 Papa
960 447 1015 481 XV,

609 505 644 530 ad
659 505 835 537 perpetuam
855 501 901 528 rei
920 499 1102 528 memoriam.

529 585 574 618 Ad
599 584 712 616 uberes
736 586 765 616 et
790 591 900 614 suaves
925 581 1055 620 fruetus,
1084 590 1164 623 quos
1184 579 1228 612 di-

487 638 558 671 lecti
582 637 637 670 filii
663 636 751 680 prior
775 634 932 678 generalis
956 638 987 665 et
1011 632 1159 666 monaehi
1176 631 1229 665 Or-

485 691 567 725 dinis
591 688 820 724 Carthusiensis
850 688 881 720 in
906 686 1052 720 militanti
1078 686 1228 726 Ecclesia,

486 745 575 778 cuius
592 742 739 786 regimini
765 741 869 774 divina
887 741 1073 784 disponente
1098 739 1230 772 clemen-

487 799 528 831 tia
552 796 778 842 praesidemus,
802 795 832 827 in
857 794 924 827 dies
948 793 1093 834 afferunt,
1118 792 1231 825 mentis

486 856 611 884 nostrae
636 849 735 882 aciem
761 852 988 888 convertentes,
1006 857 1042 879 ac
1067 845 1231 878 uberiores

487 916 524 938 ex
550 905 616 948 ipso
641 903 756 937 Ordine
781 903 902 935 fructus
930 906 1141 946 proventuros
1164 909 1232 932 esse

487 963 659 1003 sperantes,
684 957 722 990 ad
747 968 783 989 ca
804 956 918 989 merito
943 955 1078 988 libenter
1103 953 1234 986 intendi-

489 1023 578 1053 mus,
606 1022 663 1055 per
687 1021 768 1055 quae
791 1009 876 1044 Ordo
907 1008 1089 1042 huiusmodi
1114 1007 1234 1040 felicio-

489 1067 576 1100 ribus
593 1067 624 1099 in
641 1066 707 1098 dies
724 1064 880 1109 prolicere
898 1063 999 1096 valeat
1022 1061 1234 1095 incrementis.

534 1121 549 1164 ξ
574 1120 602 1153 ’1.
629 1120 666 1153 t't
691 1119 787 1163 igitur
811 1118 900 1162 prior
932 1116 1090 1161 generalis
1115 1121 1143 1148 et
1169 1126 1235 1148 mo-

490 1174 584 1207 naehi
605 1173 757 1218 praedicti
783 1183 820 1205 co
844 1171 1016 1205 ferventius
1036 1170 1068 1202 in
1092 1180 1149 1202 suo
1169 1169 1235 1201 lau-

491 1227 586 1261 dabili
601 1228 742 1260 instituto
757 1230 971 1270 perseverent,
988 1235 1051 1268 quo
1065 1222 1237 1256 maioribus

492 1292 524 1315 se
550 1281 685 1314 viderint
710 1279 869 1313 favoribus
893 1284 921 1311 et
947 1277 1058 1321 gratiis
1084 1276 1236 1315 munitos,

492 1334 660 1380 providere
684 1334 836 1373 volentes,
860 1343 896 1365 ac
922 1332 1098 1375 singulares
1122 1329 1238 1373 prioris

493 1388 651 1433 generalis
680 1393 710 1420 et
740 1386 970 1420 monachorum
1004 1384 1237 1429 praedictorum

494 1451 647 1486 personas
671 1451 688 1473 a
712 1439 875 1484 quibusvis
894 1436 1239 1477 excoinmunicationis,

495 1495 712 1540 suspensionis
737 1500 767 1527 et
791 1492 960 1529 interdicti,
986 1492 1117 1535 aliisque
1140 1491 1239 1524 ecclc-

495 1549 628 1583 siasticis
653 1548 832 1588 sententiis,
857 1546 999 1580 censuris
1023 1551 1053 1578 et
1078 1545 1198 1589 poenis,
1223 1556 1238 1576 a

497 1601 563 1633 iure
589 1601 636 1633 vel
661 1600 700 1632 ab
718 1599 856 1639 bomine,
874 1597 984 1642 quavis
1005 1596 1170 1630 occasione
1192 1596 1237 1628 vel

496 1656 589 1688 causa
614 1653 694 1694 latis,
712 1653 736 1685 si
754 1652 870 1697 quibus
889 1650 1128 1695 quomodolibet
1153 1650 1241 1682 inno-

495 1708 584 1741 datae
609 1707 764 1747 existunt,
789 1706 827 1739 ad
853 1705 998 1739 ellectum
1024 1703 1238 1748 praesentium

495 1762 657 1795 dumtaxat.
674 1760 943 1804 consequendum,
959 1759 1073 1791 barum
1092 1758 1173 1790 serie
1189 1757 1240 1790 ab·

496 1816 673 1855 solventes,
699 1820 729 1848 ct.
761 1814 922 1847 absolutos
954 1813 1021 1845 sore
1053 1816 1216 1845 censentes
1233 1838 1240 1851 ,

497 1874 584 1902 motu
609 1869 752 1913 proprio,
770 1873 799 1901 et
819 1878 857 1901 ex
874 1869 959 1900 certa
975 1866 1103 1899 scientia
1122 1867 1240 1908 nostra,

496 1923 597 1967 deque
621 1922 812 1966 apostolicae
835 1921 998 1965 potestatis
1024 1919 1240 1964 plenitudine,

497 1976 605 2009 Ordini
622 1976 794 2020 praedicto,
813 1975 958 2018 illiusque
977 1973 1077 2018 priori
1101 1973 1241 2017 generali

499 2035 529 2063 et
553 2029 725 2070 monachis,
749 2029 881 2072 aliisque
906 2028 1060 2072 personis,
1086 2032 1120 2059 ut
1144 2027 1242 2060 omni-

499 2083 558 2116 bus
578 2089 608 2116 et.
625 2083 757 2126 singulis
773 2082 958 2127 1⁷11·iv‘il‹1=giis,
979 2080 1242 2121 immunitatilnis,

500 2137 775 2180 exemptionibus,
805 2136 914 2179 gratiis
947 2140 975 2169 et
1006 2135 1154 2175 indultis,
1179 2141 1241 2168 tam

500 2191 719 2235 spiritualibus
744 2202 837 2233 quain
860 2189 1099 2233 teiiiporalibus,
1119 2189 1244 2233 quibus-

503 2244 546 2276 vis
576 2243 666 2284 aliis,
693 2248 755 2276 tam
791 2243 1035 2276 Memlicantium
1060 2254 1155 2287 (piam
1180 2253 1243 2276 non

502 2296 754 2337 lllendicantium,
775 2296 955 2337 Ordinibus,
981 2296 1171 2340 illorumque
1192 2307 1244 2329 su-

502 2349 690 2393 perioribus,
714 2350 890 2391 abbatibus,
916 2350 1088 2391 monacbis,
1113 2350 1245 2393 aliisque

539 2458 550 2483 1
570 2456 606 2483 De
622 2457 674 2483 hoc
689 2456 799 2490 Ordine,
816 2460 843 2483 et
858 2457 916 2484 eius
932 2457 1128 2493 approbatione
1144 2456 1204 2484 vide
1220 2456 1245 2484 in

504 2500 593 2527 Const.
610 2507 723 2527 Lxxxviu
739 2501 881 2528 Alexandri
905 2501 938 2528 tlt
964 2502 1037 2529 Cum
1058 2503 1113 2534 vos,
1131 2505 1195 2528 tom.
1217 2508 1245 2536 n,

506 2553 565 2580 pag.
583 2546 650 2577 7983
667 2549 693 2572 et
707 2547 902 2573 institutionem
918 2546 1071 2573 festivitatis
1082 2547 1168 2573 sancti
1184 2546 1247 2573 Bru-

506 2590 582 2616 nonis
596 2590 760 2617 confessoris
775 2590 839 2617 dicti
854 2591 961 2618 Ordinis
975 2591 1129 2625 istitutoris,
1145 2599 1176 2618 ac
1187 2590 1247 2618 offi-

506 2633 540 2660 cii
554 2633 604 2660 sub
619 2634 671 2660 ritu
686 2635 855 2671 semiduplici
871 2635 1025 2662 celebrandi
1041 2635 1125 2662 hahes
1140 2635 1186 2662 hic
1205 2636 1247 2662 in-

506 2678 546 2709 t'ra
560 2680 650 2707 Const.
667 2686 702 2707 cn
716 2679 798 2707 huius
813 2680 961 2714 Ponant-is,
977 2691 1037 2718 pag.
1055 2683 1116 2711 789.

1066 266 1245 291 nt'LLARtUM
1266 265 1421 290 ROMANL'M

1259 312 1460 356 regularibus
1490 312 1634 356 personis
1653 339 1660 352 ‚
1691 322 1814 345 necnon
1843 311 2003 353 ecclesiis,

1260 365 1459 399 monasteriis
1491 371 1520 398 et
1554 365 1757 408 regularibus
1791 365 1886 406 locis,
1911 365 2005 398 etiam

1260 430 1316 463 per
1330 419 1411 452 viam
1429 418 1724 452 communicationis
1740 418 1789 451 vel
1805 418 2005 459 extensionis,

1260 476 1311 507 aut
1338 473 1413 505 alias
1437 471 1685 516 quomodolibet,
1709 482 1767 515 per
1790 481 2006 515 quoscumque

1261 526 1418 559 Romanos
1425 524 1591 558 Pontifices
1599 523 1860 568 praedecessores
1870 527 2006 564 nostros,

1261 590 1297 613 ac
1311 579 1405 612 etiam
1418 589 1486 620 neS,
1498 578 1738 622 quomodolibet
1751 577 1919 618 concessis,
1933 582 1963 610 et
1976 576 2008 610 in

1262 633 1402 667 futurum
1429 632 1648 672 concedendis,
1672 636 1702 664 et
1725 631 1840 675 quibus
1863 631 1933 675 ipsi,
1949 640 2008 664 nec

1264 697 1326 720 non
1344 686 1506 727 eeclesiae,
1515 685 1716 726 monasteria,
1727 688 1757 718 et
1768 684 1927 727 regularia
1939 684 2009 718 loca

1263 739 1445 773 huiusmodi
1476 739 1515 772 de
1543 738 1631 780 iure,
1655 749 1733 780 usu,
1763 737 2008 780 consuetudine,

1264 793 1442 838 privilegio,
1465 797 1519 825 aut
1543 792 1747 826 concessione
1771 791 1954 835 apostolica,
1978 791 2010 824 in

1266 857 1382 890 genere
1407 847 1454 880 vel
1480 846 1511 879 in
1537 846 1652 890 specie,
1669 856 1706 879 ac
1729 850 1792 878 tam
1817 844 2010 878 coniunctim

1267 911 1361 944 quam
1386 900 1533 942 divisim,
1558 910 1614 933 seu
1645 899 1722 932 alias
1750 898 2010 943 quomodolibet,

1267 959 1410 995 utuntur,
1427 954 1577 987 fruuntur
1601 958 1631 986 et
1654 952 1802 996 gaudent,
1819 963 1855 985 ac
1878 951 1934 993 uti,
1947 951 2011 985 frui

1268 1014 1295 1041 et
1322 1008 1460 1052 gaudere
1484 1012 1616 1051 possunt
1647 1012 1676 1040 et
1706 1010 1855 1050 poterunt
1878 1016 2012 1050 quomo-

1269 1062 1386 1096 dolibet
1410 1062 1441 1094 in
1466 1062 1619 1101 futurum,
1636 1059 1810 1094 dummodo
1826 1065 1933 1093 tamen
1952 1059 2014 1093 sint

1270 1117 1300 1149 in
1321 1127 1380 1149 usu
1397 1121 1425 1148 et
1442 1125 1507 1148 non
1521 1115 1582 1148 sint
1598 1118 1744 1148 revocata
1760 1119 1813 1147 aut
1829 1114 1888 1147 sub
1905 1113 2015 1158 aliqui-

1270 1169 1328 1202 bus
1338 1166 1590 1202 revocationibus
1601 1168 1840 1212 comprehensa,
1854 1167 2014 1210 sacrisque

1271 1222 1443 1255 canonibus
1470 1227 1501 1254 et
1524 1221 1653 1255 Concilii
1677 1220 1852 1254 Tridentini
1880 1220 2015 1254 decretis

1271 1281 1324 1308 aut
1344 1275 1621 1308 constitutionibus
1641 1273 1822 1318 apostolicis
1839 1283 1902 1306 non
1925 1283 2017 1317 repu-

1272 1335 1378 1373 gnent,
1402 1329 1470 1373 pari
1495 1328 1600 1368 modo,
1625 1337 1689 1361 non
1714 1327 1815 1360 solum
1841 1327 1879 1360 ad
1904 1337 2016 1360 eorum

1273 1383 1380 1423 instar,
1406 1382 1460 1414 sed
1483 1381 1708 1426 paritor-miter,
1730 1385 1760 1413 et
1784 1391 1884 1425 aeque
1903 1381 2018 1426 princi-

1275 1437 1397 1482 paliter,
1422 1435 1554 1479 perinde
1579 1446 1614 1468 ac
1639 1436 1664 1468 si
1689 1435 1751 1468 illis
1774 1435 1962 1468 nominatim
1986 1440 2017 1469 et

1274 1490 1305 1522 in
1336 1489 1439 1534 specie
1465 1499 1613 1522 concessa
1637 1488 1785 1530 fuissent,
1809 1488 1876 1530 uti,
1900 1489 1962 1522 srui
1986 1494 2018 1523 et

1273 1543 1411 1587 gaudere
1429 1542 1527 1575 libere
1544 1547 1574 1575 et
1590 1542 1675 1575 licite
1691 1542 1823 1583 valeant,
1844 1541 2017 1586 apostolica

1273 1596 1472 1637 auctoritate,
1490 1602 1599 1629 tenore
1623 1595 1848 1640 praesentium,
1861 1601 2017 1640 perpetuo

1274 1650 1476 1684 concedimus
1500 1654 1530 1684 et
1554 1650 1771 1693 indulgemus,
1788 1649 1933 1693 dictaque
1957 1649 2018 1693 pri-

1275 1705 1397 1748 vilegia,
1415 1704 1638 1744 immunitates,
1656 1703 1883 1748 exemptiones,
1900 1703 2018 1746 gratias

1275 1764 1304 1791 et
1335 1758 1456 1791 indulta
1487 1757 1679 1802 primodicto
1711 1756 1842 1798 Ordini,
1871 1757 2018 1801 illiusque

1274 1812 1374 1856 priori
1399 1812 1538 1855 generali
1559 1817 1589 1844 et
1610 1811 1784 1852 monachis,
1802 1811 1935 1854 aliisque
1950 1821 2021 1855 per-

1275 1866 1369 1906 sonis,
1393 1876 1517 1899 necnon
1541 1876 1652 1899 eorum
1677 1865 1837 1905 ecelesiis,
1862 1869 2019 1898 monaste-

1275 1920 1330 1952 riis
1355 1925 1385 1952 et
1409 1919 1609 1962 regularibus
1633 1918 1711 1952 loeis
1736 1917 2019 1959 communicamus,

1276 1974 1391 2017 illaque
1404 1973 1442 2005 ad
1462 1983 1516 2006 eos
1533 1977 1563 2005 et
1582 1973 1635 2005 illa
1654 1971 1863 2006 extendimus.

1321 2028 1335 2071 ἓ
1356 2026 1384 2059 2.
1403 2026 1622 2067 Decernentes,
1636 2030 1819 2070 praesentes
1834 2025 1955 2059 litteras
1972 2035 2021 2058 va·
2035 2033 2147 2064 oransque
2157 2037 2220 2060 pra·-

1276 2081 1365 2122 lidas,
1387 2082 1495 2113 tirmas
1519 2086 1549 2113 et
1573 2080 1716 2113 efficaces
1741 2079 1875 2112 existere
1892 2083 1923 2112 et
1941 2059 2221 2121 s01=0‚ffi{vfflss{ssmflssl

1277 2145 1413 2178 suosque
1430 2134 1590 2178 plenarios
1607 2138 1637 2166 et
1653 2133 1792 2176 integros
1809 2132 1940 2166 effectus
1957 2143 2022 2166 sor-

1278 2189 1329 2222 tiri
1357 2194 1387 2222 et
1416 2188 1560 2222 obtinere
1571 2215 1578 2229 ‚
1609 2198 1645 2221 ac
1674 2186 1865 2231 primodicto
1894 2185 2021 2228 Ordini,

1278 2244 1425 2287 illiusque
1450 2242 1552 2287 priori
1570 2241 1710 2285 generali
1735 2247 1765 2274 et
1788 2240 1963 2282 monachis,
1985 2250 2022 2274 ac

1278 2297 1423 2341 personis
1439 2295 1621 2329 huiusmodi
1639 2295 1670 2328 in
1684 2294 1832 2328 omnibus
1849 2299 1879 2327 ct
1891 2285 1948 2338 per
1959 2304 2024 2328 om-

1278 2351 1329 2383 nia
1346 2350 1527 2394 plenissime
1548 2348 1725 2392 suffragari.

1324 2404 1339 2448 ᾗ
1359 2403 1388 2437 3.
1403 2403 1514 2446 Sicque
1532 2413 1590 2446 per
1603 2411 1820 2446 quoscumque
1840 2400 1958 2434 iudices
1974 2408 2160 2457 ⁰¹''1C¹³¹'¹⁵¹¹¹a
2174 2407 2222 2431 suo·

1279 2458 1418 2490 dinarios
1432 2461 1462 2489 et
1475 2455 1748 2499 delegatos,etiain
1763 2464 1928 2488 causarum
1941 2453 2024 2497 pala-

1281 2511 1313 2544 tii
1335 2510 1498 2554 apostolici
1516 2509 1685 2549 auditores,
1702 2507 1834 2541 iudicari
1851 2511 1881 2540 et
1897 2506 2023 2540 definiri

1281 2565 1406 2606 debere,
1424 2575 1459 2597 ac
1480 2564 1606 2596 irritum
1623 2567 1653 2596 et
1671 2562 1762 2594 inane
1779 2561 1804 2593 si
1821 2571 1911 2593 secus
1928 2570 2023 2604 super

1281 2619 1329 2651 his
1353 2629 1371 2651 a
1395 2627 1565 2662 quoquam,
1582 2615 1692 2660 quavis
1708 2614 1904 2655 auctoritate,
1925 2614 2024 2648 scien-

1281 2678 1328 2706 ter
1352 2672 1399 2706 vel
1424 2671 1620 2716 ignoranter,
1645 2668 1813 2712 contigerit
1836 2668 1990 2704 attentari.

2016 262 2067 291 An.
2082 261 2111 291 G.
2134 259 2202 290 1628
