2293 3231
233 259 281 287 An.
297 259 327 288 C.
348 258 411 287 ¹62¹

267 909 388 933 clausulae.

318 1445 434 1470 Dei-agatii>

249 1474 412 1495 contrariorum.

268 2362 446 2407 Archiepiscopus

263 2389 406 2410 Gnosnvnmn·
416 2388 446 2408 eri

263 2415 346 2435 nominc
379 2415 446 2435 subst-

263 2442 320 2463 dium
330 2441 372 2468 regi
379 2442 446 2462 uttort.

463 249 527 283 546

1015 253 1093 278 nULt,
1099 253 1113 277 l
1119 253 1135 277 n
1140 253 1195 277 tmt
1215 253 1233 277 tt
1238 252 1301 277 ΟᾺΙΑ
1306 253 1369 277 Nm!

434 306 679 342 sotcmnitatum,
694 313 729 337 ae
747 303 824 336 alios
841 311 1060 346 quoscumque
1085 302 1178 333 etiam
1194 314 1197 321 »
1213 301 1293 333 simo
1318 301 1347 332 in
1374 300 1498 333 Clu-isto
1528 299 1594 334 filio
1618 306 1727 335 nostro
1751 300 1954 345 Sigismundo

434 359 635 405 qnantmnris
660 356 881 389 substantiales
905 355 1057 394 descetus,
1075 354 1100 386 si
1125 354 1178 398 qui
1194 346 1198 383 l
1213 353 1362 386 Poloniae
1381 358 1411 385 et
1430 352 1552 386 Svetiae
1576 353 1645 395 regi
1664 352 1789 395 illustri,
1805 353 1865 387 suh
1879 363 1954 387 nos—

436 415 466 447 in
491 411 672 457 praemissis
696 415 746 443 aut
773 418 883 442 eorum
909 408 1015 451 aliquo
1039 417 1176 451 quomo-

435 466 550 500 dolibet
578 463 814 502 intervenerint,
828 467 878 494 aut
897 461 1101 495 intervenisse
1118 460 1179 494 dici

435 520 482 552 vel
509 517 629 551 censeri
654 523 704 550 aut
738 515 867 558 allegari
892 515 1034 559 possint,
1059 514 1179 548 etiamsi

438 574 514 605 tales
538 571 597 603 sint
623 571 669 603 rel
696 569 825 609 suerint,
848 568 887 602 de
911 568 1025 612 quibus
1050 567 1101 611 (ad
1120 567 1182 601 hoe

438 631 471 659 ut
495 624 636 669 suppleri
661 623 801 667 possint)
819 622 965 667 specialis
981 627 1011 654 et
1035 631 1180 665 expressa

438 679 558 712 mentio
583 676 727 711 habenda
752 676 841 717 soret,
862 676 1061 720 supplemus:
1083 685 1182 719 eaque

439 732 543 765 omnia
565 736 593 763 ct
616 730 739 773 singula
759 729 870 769 valida,
884 730 976 761 lirina
993 733 1021 761 et
1045 728 1182 761 essii-acia

440 796 508 819 esse
532 790 562 817 et
588 785 672 824 sore,
698 793 834 827 suosque
868 782 1027 826 plenarios
1051 786 1079 815 et
1104 781 1183 814 inte-

439 850 514 884 gros
539 838 668 872 effectus
692 837 797 871 sortiri
823 841 853 869 et
877 836 1021 870 obtinere
1051 835 1182 876 debere;

486 894 501 937 ς
517 892 547 926 3.
566 892 689 936 sieque,
703 895 733 925 et
748 900 812 924 non
829 890 929 927 aliter,
947 900 1005 934 per
1020 899 1185 934 quoscum-

441 957 502 992 que
521 946 639 980 iudices
663 945 841 979 ordinarios
859 949 887 978 et
905 944 1074 987 delegatos,
1091 943 1185 976 etiam

443 1010 609 1036 causarum
634 1000 739 1044 palatii
757 998 922 1043 apostolici
948 998 1108 1032 auditores
1125 998 1187 1040 (su-

443 1055 527 1089 blata
553 1054 607 1094 eis,
625 1059 654 1087 et
679 1063 790 1086 eorum
811 1053 949 1093 cuilibet,
967 1052 1077 1095 quavis
1095 1051 1186 1084 aliter

444 1108 602 1143 iudicandi
627 1113 657 1141 et
674 1106 898 1151 interpretandi
926 1106 1069 1138 laenitate
1087 1108 1116 1138 et
1133 1115 1187 1138 au-

445 1162 620 1205 ctoritate),
646 1160 777 1195 iudicari
802 1165 828 1194 et
856 1159 980 1192 deliniri
1006 1159 1132 1201 debere,
1152 1169 1187 1191 ac

445 1215 570 1249 irritum
595 1220 622 1248 et
657 1215 769 1254 inane,
794 1214 819 1247 si
851 1223 941 1246 secus
973 1222 1068 1256 super
1099 1211 1148 1245 bis
1171 1221 1188 1244 a

446 1279 616 1315 quoquam,
633 1268 742 1312 quavis
767 1267 962 1307 auctoritate,
982 1266 1117 1299 scienter
1142 1265 1188 1298 rel

448 1324 653 1367 ignoranter,
679 1322 846 1366 contigerit
870 1321 1026 1361 attentari,
1051 1320 1191 1354 decerni-

449 1388 528 1412 mus.

494 1433 509 1475 ,Q
534 1431 563 1465 Ji.
588 1433 657 1466 Non
681 1430 877 1464 obstantibus
902 1427 1191 1470 constitutionilms‚

449 1492 479 1520 et
503 1484 755 1520 ordinationibus
786 1482 987 1528 apostolicis,
1016 1482 1192 1526 ceterisque

451 1539 617 1574 contrariis
640 1538 902 1582 quibuscumque.

494 1594 606 1626 Datum
628 1593 755 1631 Romae,
779 1591 862 1636 apud
887 1596 1028 1624 sanctum
1055 1591 1193 1632 Petrum,

451 1647 509 1682 sub
519 1647 635 1682 annulo
646 1646 825 1686 Piscator-is,
841 1646 891 1679 die
908 1656 961 1680 xxi
977 1645 1050 1680 maii
1065 1655 1194 1686 amem,

450 1701 651 1746 pontificatus
668 1700 767 1733 nostri
784 1710 866 1734 anno
883 1710 902 1732 ι.
965 1696 970 1700 ”

487 1764 550 1792 Dat.
566 1763 609 1792 die
624 1763 654 1791 21
673 1763 735 1791 maii
757 1762 836 1798 102¹,
852 1762 946 1798 pontis.
968 1770 1011 1791 an.
1032 1770 1052 1791 1.

785 1888 863 1922 xttt.

454 1963 611 1997 Facultas
636 1962 719 1995 clero
743 1961 839 2005 requi
859 1960 1028 2000 Polom'ac,
1045 1963 1073 1993 e!
1089 1958 1197 1992 archi—

499 2017 642 2061 episcopo
657 2014 848 2056 Gnesncnsi,
868 2019 902 2048 ιιι
919 2014 990 2058 rcqi
1013 2011 1199 2046 subsidium.

497 2074 666 2116 praestare
687 2070 814 2113 possint
827 2067 848 2102 ¹.

474 2141 645 2170 Venerabili
666 2140 752 2169 tratri
773 2139 999 2174 archiepiscopo
1018 2138 1183 2167 Gnesnensi

665 2185 826 2220 Gregorius
846 2184 925 2218 Papa
943 2183 1000 2211 XV.

456 2240 642 2270 Venerabilis
663 2240 774 2272 frater,
796 2239 927 2266 salutem
951 2240 982 2265 et
1005 2236 1203 2272 apostoticam

706 2283 955 2311 benedictionem.

505 2348 520 2390 ᾗ
536 2347 565 2380 Ἰ.
584 2346 704 2390 Exponi
719 2355 820 2390 nuper
837 2344 947 2385 fecisti,
964 2345 1060 2389 quod„
1078 2343 1203 2378 attentis

462 2400 679 2444 praesentibus
709 2399 967 2439 necessitatibus,
992 2397 1203 2442 periculisque

463 2455 552 2497 regni
577 2454 734 2495 poloniae,
754 2464 826 2488 cum
852 2453 1000 2486 universo
1018 2452 1100 2485 illius
1118 2451 1204 2485 clero

463 2512 493 2541 te
505 2507 543 2540 ad
560 2507 826 2541 contribuendum
840 2505 970 2540 subsidii
983 2505 1111 2540 nomine
1125 2516 1205 2539 sum-

464 2571 548 2594 mam
565 2565 690 2594 centum
714 2560 942 2605 quinquaginta
965 2560 1099 2593 millium
1118 2559 1206 2593 llore-

465 2624 579 2648 norum
605 2619 748 2648 monetae
779 2614 905 2648 illarum
929 2613 1067 2658 partium
1091 2613 1207 2648 charis-

503 2675 516 2704 1
534 2674 572 2704 Ex
586 2675 694 2712 Regest.
710 2675 738 2704 in
752 2675 854 2705 secret.
869 2675 948 2705 Brev.

1215 412 1263 440 tro
1280 412 1309 439 et
1325 406 1415 440 Sedis
1439 406 1636 450 Apostolieae
1659 406 1866 451 beneplacito,
1885 407 1956 441 sub-

1214 460 1335 495 misisti.

1259 514 1275 557 ξ
1297 513 1327 547 Q.
1352 513 1425 554 Nos,
1445 512 1599 557 praedicti
1618 513 1810 556 Sigismundi
1826 513 1912 557 regis
1927 520 1959 548 et

1215 568 1289 601 dicti
1307 567 1454 602 Polouiae.
1477 567 1568 610 regni
1592 567 1773 601 huiusmodi
1793 567 1959 601 necessita-

1216 621 1299 655 tibus
1334 621 1499 654 consulere
1531 620 1693 661 volentes,
1715 620 1769 653 tibi
1805 630 1842 654 ac
1873 620 1959 655 clero

1216 674 1396 719 praedietis,
1414 679 1448 707 ut
1467 673 1568 707 eidem
1584 673 1788 717 Sigismundo
1805 673 1884 717 regi,
1900 683 1960 718 pro

1217 728 1307 762 dictis
1331 727 1570 761 necessitatibus
1590 727 1690 771 regni,
1707 726 1881 760 subsidium
1905 726 1961 760 ltu-

1218 782 1351 816 iusmodi
1368 809 1375 823 ,
1400 786 1511 826 sponte
1534 786 1639 814 tamen
1669 791 1728 825 pro
1753 782 1815 814 una
1840 780 1907 814 vice
1930 785 1962 814 et

1219 838 1342 870 summa
1360 840 1486 870 centum
1510 835 1741 881 quinquaginta
1757 834 1891 868 millium
1909 834 1962 868 sso-

1219 900 1369 923 renorum
1393 888 1576 923 huiusmodi
1599 888 1776 928 dumtaxat,
1799 887 1961 929 tribuere,

1219 943 1382 989 praedicto
1399 948 1503 977 autem
1520 942 1722 986 sigismundo
1739 941 1818 985 regi,
1831 941 1963 986 eiusque

1220 997 1382 1038 ministris,
1404 996 1489 1042 quod
1512 995 1694 1030 huiusmodi
1718 995 1893 1029 subsidium
1913 1005 1964 1040 pe-

1221 1056 1286 1085 tere
1303 1056 1331 1084 et
1352 1051 1494 1095 recipere
1513 1050 1631 1094 absque
1655 1048 1865 1083 conscientiae
1879 1059 1965 1083 seru-

1221 1105 1296 1150 pulo
1310 1115 1345 1139 ac
1359 1115 1565 1138 censurarum
1578 1107 1608 1138 et
1617 1113 1791 1148 poenarum
1805 1102 1965 1137 ecclesias-

1222 1159 1356 1192 ticarum
1374 1158 1513 1199 incursu,
1526 1158 1626 1191 libere
1642 1163 1673 1191 et
1688 1157 1772 1190 licite
1789 1157 1964 1201 respective

1222 1213 1348 1258 possitis
1372 1218 1403 1246 et
1421 1206 1560 1253 raleatis,
1576 1211 1747 1256 apostolic-a
1767 1211 1964 1252 auctoritate,

1224 1273 1331 1300 tenore
1348 1266 1572 1311 praesentium,
1586 1265 1744 1299 licentiam
1761 1264 1965 1298 concedimus

1224 1327 1252 1354 et
1278 1320 1494 1365 impertimur:
1517 1319 1646 1364 tibique,
1663 1324 1698 1352 ut
1714 1318 1753 1351 ad
1769 1318 1966 1352 exactionem

1225 1374 1376 1419 praedicti
1401 1373 1533 1407 subsidii
1556 1382 1614 1417 per
1637 1381 1788 1417 personas
1807 1371 1968 1405 ecelesias-

1226 1429 1302 1463 ticas
1325 1431 1455 1468 tantum,
1473 1431 1502 1460 et
1526 1436 1589 1460 non
1613 1425 1699 1467 alias,
1723 1424 1897 1470 procedere
1913 1424 1968 1458 de-

1227 1482 1314 1522 beas,
1343 1481 1454 1514 eadem
1478 1480 1665 1514 auctoritate
1688 1480 1915 1513 committimus
1938 1484 1970 1513 et

1228 1534 1431 1575 mandamus;
1447 1532 1702 1572 contradictores
1719 1543 1756 1567 ac
1779 1534 1904 1567 solvere
1922 1543 1970 1568 re·

1228 1594 1372 1624 eusantes
1404 1598 1462 1633 per
1496 1597 1645 1621 censuras
1668 1592 1699 1621 et
1722 1597 1841 1632 poenas
1869 1587 1970 1621 ecele-

1229 1643 1378 1683 siasticas‚
1395 1642 1518 1685 aliaque
1542 1646 1720 1686 opportuna
1743 1640 1821 1674 iuris
1844 1645 1875 1674 et
1897 1641 1971 1674 faeti

1229 1696 1379 1737 remedia,
1397 1695 1506 1729 eadem
1529 1695 1715 1729 auctoritate
1730 1694 1970 1740 compescendo,

1230 1751 1374 1784 invocato
1391 1749 1485 1783 etiam
1505 1749 1544 1782 ad
1566 1748 1638 1791 hoe,
1655 1749 1682 1783 si
1697 1758 1778 1794 opus
1801 1748 1906 1791 fuerit,
1921 1758 1973 1782 au-

1229 1804 1303 1838 xilio
1327 1803 1451 1837 brachii
1475 1802 1636 1837 secularis.

1275 1858 1290 1902 §
1313 1857 1334 1891 3
1358 1858 1428 1892 Non
1458 1856 1655 1891 obstantibus
1686 1855 1822 1890 concilio
1851 1855 1973 1890 Latera-

1230 1911 1341 1953 nensi,
1372 1921 1408 1945 ac
1443 1910 1606 1955 quibusvis
1637 1909 1914 1944 constitutionibus
1943 1914 1974 1944 et

1231 1964 1483 1999 ordinationibus
1508 1963 1700 2008 apostolicis,
1726 1973 1849 1998 necnon
1873 1963 1974 1997 eecle-

1232 2019 1372 2062 siarum,
1398 2018 1665 2052 monasteriorum
1695 2022 1724 2051 et
1747 2016 1976 2051 beneficiorum

1233 2072 1322 2116 regni
1346 2071 1527 2106 huiusmodi
1552 2071 1660 2116 (etiam
1684 2071 1872 2112 iuramento,
1894 2079 1973 2105 con-

1234 2126 1413 2160 firmatione
1432 2125 1618 2170 apostolica,
1635 2124 1683 2158 vel
1703 2123 1812 2169 quavis
1829 2123 1977 2158 firmitate

1235 2180 1297 2213 alia
1313 2179 1484 2223 roboratis>
1500 2177 1623 2213 statutis
1641 2182 1672 2211 et
1688 2176 1977 2219 consuetudinibus,

1236 2233 1409 2278 privilegiis
1433 2242 1570 2277 quoque,
1587 2231 1715 2266 indultis
1731 2235 1762 2266 et
1779 2231 1892 2266 litteris
1907 2241 1979 2276 apo-

1237 2287 1366 2328 stolicis,
1386 2296 1422 2320 ae
1446 2285 1708 2331 exemptionibus,
1728 2283 1978 2319 immunitatibus

1237 2341 1331 2375 etiam
1356 2341 1387 2373 in
1411 2349 1547 2384 corpore
1578 2338 1656 2372 iuris
1689 2337 1825 2378 clausis,
1848 2335 1978 2380 quibus-

1239 2395 1294 2435 vis,
1315 2393 1504 2438 generaliter
1527 2392 1576 2426 vel
1600 2391 1779 2436 specialiter
1802 2389 1978 2432 concessis,

1239 2447 1361 2481 etiamsi
1377 2446 1416 2480 de
1432 2446 1504 2487 illis,
1521 2454 1694 2489 eorumque
1710 2445 1784 2479 totis
1802 2443 1978 2485 tenoribus,

1239 2501 1277 2534 de
1300 2500 1398 2534 verbo
1415 2499 1454 2533 ad
1478 2498 1610 2532 verbum
1630 2497 1750 2532 mentio
1771 2507 1828 2531 seu
1851 2496 1980 2542 quaevis

1240 2555 1301 2588 alia
1313 2553 1474 2599 expressio
1486 2551 1629 2587 habenda
1645 2551 1698 2594 sit,
1710 2556 1741 2585 et
1757 2551 1789 2585 in
1805 2551 1850 2585 eis
1874 2559 1981 2585 cavea·

1241 2614 1292 2643 tur
1304 2617 1460 2653 expresse,
1468 2605 1553 2652 quod
1566 2615 1624 2651 per
1634 2604 1815 2640 huiusmodi
1824 2603 1981 2639 clausulas

1241 2662 1414 2708 generales,
1431 2661 1525 2697 etiam
1537 2660 1727 2696 mentionem
1744 2659 1912 2706 specialem
1924 2657 1981 2692 im-

1965 252 2016 281 An.
2030 251 2061 284 G.
2081 245 2147 280 test

1998 528 2029 550 Ad
2051 527 2073 548 id
2091 526 2157 548 sacul-

1972 557 2037 577 tatem
2060 554 2081 576 οἰ
2103 555 2157 576 etar-

1973 583 2029 610 gitur
2036 581 2158 608 Gregorius.
