2293 3231
137 253 188 281 An.
202 252 234 281 C.
252 253 317 281 162¹
907 255 1083 281 Ganoonms
1107 256 1150 280 xv
1173 257 1220 280 rr.
1755 248 1819 279 500
1859 258 1916 294 nn.
1934 258 1961 284 (1.
1982 259 2044 286 1621

335 302 394 335 sub
416 312 552 346 quorum
577 303 792 337 iurisdictione
817 304 959 345 existent,
976 306 1076 338 dictae
1110 305 1211 337 dictae
1228 305 1486 347 Congregationis
1504 305 1651 339 ecelesias
1668 306 1699 338 in
1715 305 1851 339 secundo

335 354 593 398 Congrcgationis
617 357 791 400 privilegiis
809 358 963 400 gaudere:
981 358 1077 401 quod·
1093 396 1094 399 Ἴ
1111 357 1267 390 Pas-citatis
1282 358 1542 397 [lesui-rectionis,
1559 369 1593 391 ac
1612 358 1784 393 Nativitatis
1799 359 1852 391 Do-

334 418 396 451 que
417 408 448 440 in
462 409 601 442 eiusdem
614 409 740 443 Ordinis
753 420 816 443 non
834 411 995 444 reformati
1013 422 1077 444 mo-
1093 401 1095 437 Ψ
1111 411 1185 443 mini
1211 411 1309 445 nostri
1336 411 1403 443 lesu
1428 411 1552 451 Christi,
1577 422 1699 444 necnon
1724 413 1852 445 Assum-

334 461 480 494 nasteriis
505 462 640 504 (etiamsi
666 463 718 495 illa
742 463 878 497 ilenrico
910 464 1075 504 cardinali,
1092 460 1095 510 ξ’
1110 464 1225 507 ptionis
1251 464 1359 496 beatae
1383 465 1496 497 Mariae
1522 464 1658 507 Virginis
1683 465 1768 497 sestis
1786 465 1851 497 ‹lie-

335 524 371 547 ac
385 514 491 547 loanni
506 516 756 560 archiepiscopo,
770 527 805 549 ac
820 516 978 560 superiori
990 527 1077 560 prae·
1092 533 1094 571 4
1110 517 1178 557 bus,
1197 527 1214 549 a
1231 517 1342 560 primis
1368 518 1506 561 vesperis
1530 529 1629 562 usque
1650 518 1686 550 ad
1704 530 1851 552 occasum

335 569 426 602 dictis
449 580 512 602 non
529 570 649 603 subsint
666 571 829 613 subiecta),
847 581 906 614 pro
920 570 1075 614 spirituali
1093 576 1095 618 ζ
1110 570 1185 602 solis
1208 570 1331 603 dierum
1367 570 1547 604 huiusmodi
1564 599 1570 611 ,
1598 571 1732 614 singulis
1763 572 1853 604 annis

336 623 519 656 eorumdem
549 624 813 657 monasteriorum
842 624 1055 657 consolatione
1069 651 1095 668 ,

335 675 458 719 aliquae
472 677 660 709 reformatae
672 677 852 710 huiusmodi
866 677 1018 710 moniales
1030 687 1078 710 ca·
1094 673 1095 679 ¹

335 739 428 772 paces
442 734 470 762 et
485 729 606 770 idonae,
624 740 683 773 pro
700 730 877 774 primitivae
895 730 1074 763 huiusmodi
1092 738 1095 743 ⁴

335 783 464 824 regulae
494 783 593 816 sancti
628 783 787 816 Benedicti
824 783 1095 821 int1·0ductionc‚;

336 836 434 880 recipi
463 837 562 870 libere
585 841 614 871 et
638 837 722 870 licite
745 838 867 881 possint
890 843 920 870 ct
945 838 1076 878 valeant,

336 889 495 922 licentiam
531 896 560 923 et
595 891 774 924 facultatem
792 917 800 931 ,
828 890 1012 925 auctoritate
1048 886 1095 924 ct‘

336 948 445 976 tenore
470 943 652 986 praedictis,
678 944 879 977 concedimus
905 948 933 976 ct
959 944 1095 987 imper-¹

337 1001 444 1029 timur.

1110 622 1221 656 devote
1246 623 1448 664 visitaverint,
1466 629 1495 656 et
1513 624 1555 656 ibi
1582 636 1640 669 pro
1666 625 1852 659 christiano-

1110 686 1180 708 rum
1205 676 1383 720 principum
1409 678 1588 718 concordia,
1613 679 1780 712 haeresum
1805 689 1854 712 ex-

1110 729 1300 772 tirpatione,
1324 740 1359 763 ac
1394 736 1518 764 sanctae
1552 731 1660 764 matris
1696 732 1852 765 Ecclesiae

1111 783 1307 823 exaltatione,
1332 784 1399 827 pias
1423 784 1460 817 ad
1481 785 1579 817 Deum
1603 796 1713 829 preces
1738 785 1853 819 effude-

1112 835 1184 876 rint,
1201 848 1264 879 quo
1280 837 1330 869 die
1350 830 1550 871 festivitatum
1570 839 1803 882 praedictarum
1821 839 1851 871 iil

1111 889 1242 932 egerint,
1260 891 1433 933 plenariam
1451 891 1595 925 similiter
1619 893 1760 926 omnium
1784 903 1853 936 pec-

1111 947 1253 975 catorum
1278 953 1409 976 suorum
1439 944 1665 987 indulgentiam
1688 951 1715 978 et
1742 946 1852 979 remis-

1094 995 1231 1029 'sionem
1257 997 1504 1031 misericorditer
1530 998 1560 1031 in
1584 999 1717 1032 Domino
1741 1010 1851 1033 conce-

173 1057 201 1078 lis
217 1058 323 1078 monaste·
1111 1049 1224 1082 dimus.

139 1083 176 1104 riis
203 1086 322 1104 ceterorum

137 1110 314 1131 monasteriorum

138 1136 248 1162 privilegia
273 1142 322 1157 con-

138 1163 202 1184 cedit.

381 1050 396 1092 ,ξ
419 1049 449 1081 4.
475 1049 638 1083 Praeterea
663 1049 810 1083 omnibus
827 1056 858 1083 et
874 1050 1006 1093 singulis
1030 1040 1095 1085 di-*f

337 1106 459 1134 ctorum
473 1102 737 1136 monasteriorum
756 1103 955 1144 monialibus,
967 1108 997 1138 et
1009 1114 1078 1147 per·
1094 1129 1096 1148 ᾗ
1156 1104 1171 1146 g
1185 1102 1213 1136 6.
1224 1104 1433 1137 Decernentes
1447 1110 1629 1148 praesentes
1643 1106 1762 1140 litteras
1775 1117 1854 1139 sem-

336 1154 421 1187 sonis
439 1165 497 1198 pro
523 1159 665 1199 tempore
689 1156 903 1198 existentibus,
921 1168 956 1190 ac
974 1167 1096 1198 mona·
1112 1167 1170 1200 per
1187 1162 1215 1189 et
1234 1163 1387 1201 perpetuo
1412 1158 1530 1191 validas
1554 1164 1584 1191 et
1608 1160 1750 1193 efficaces
1774 1170 1851 1200 esse,

336 1207 440 1241 steriis
454 1235 461 1249 ‚
486 1214 517 1242 ct
548 1209 625 1242 locis
657 1210 859 1252 regularibus
872 1237 879 1251 ,
905 1221 1077 1254 eorumque
1093 1204 1096 1256 i
1112 1220 1248 1253 suosque
1264 1211 1423 1254 plenarios
1439 1215 1467 1245 et
1485 1211 1625 1255 integros
1643 1212 1773 1246 effectus
1790 1224 1853 1247 sor-

336 1260 426 1294 bonis
451 1267 481 1295 et
504 1262 608 1303 rebus,
624 1263 708 1306 quod
725 1263 871 1296 omnibus
895 1267 923 1298 et
946 1264 1078 1307 singulis
1094 1259 1097 1274 ’
1113 1263 1162 1295 tiri
1188 1269 1215 1296 et
1241 1264 1393 1305 obtinere,
1418 1275 1453 1297 ac
1475 1265 1505 1297 in
1530 1265 1686 1306 omnibus,
1712 1266 1750 1298 ad
1774 1278 1854 1310 quos

335 1315 520 1358 privilegiis,
548 1316 674 1359 gratiis,
703 1317 841 1359 indultis,
869 1315 1194 1361 exemptioni-inunc
1218 1322 1336 1361 spectat
1361 1322 1390 1352 et
1413 1329 1472 1362 pro
1504 1323 1647 1363 tempore
1679 1321 1853 1363 spectabit.

336 1367 405 1408 bus,
425 1369 652 1412 praerogativis
669 1375 697 1402 et
713 1369 782 1402 aliis
803 1370 922 1413 gratiis,
941 1376 1003 1403 tam
1018 1371 1078 1414 spi-
1094 1383 1095 1420 ζ
1111 1370 1245 1403 tirmiter
1277 1375 1307 1405 et
1341 1371 1564 1406 inviolabiliter
1577 1400 1585 1413 ,
1610 1384 1645 1406 ac
1670 1373 1854 1407 inconcusse

1894 1123 2014 1146 clausum&

338 1421 504 1454 ritualibus
519 1432 614 1465 quam
631 1423 866 1466 temporalibus,
883 1423 998 1466 quibus
1017 1424 1077 1456 alia

338 1474 413 1508 dicti
433 1475 557 1509 Ordinis
581 1476 679 1509 sancti
705 1477 861 1510 Benedicti
887 1478 1076 1511 monasteria

337 1533 367 1561 ct
387 1529 455 1562 loca
479 1529 647 1572 regularia,
665 1540 840 1574 eorumque
861 1541 1024 1574 personae,
1038 1532 1076 1564 de

336 1581 405 1614 iure
430 1582 477 1615 vel
502 1583 729 1616 consuetudine
757 1589 810 1616 aut
838 1584 913 1618 alias
943 1596 1076 1628 quomo—

1111 1424 1272 1458 obscrvari
1309 1432 1339 1458 et
1369 1426 1534 1470 adimpleri
1565 1427 1681 1460 debere
1696 1439 1702 1460 :
1728 1428 1852 1462 irritum

1111 1489 1236 1521 quoque
1250 1484 1281 1511 et
1294 1479 1394 1520 inane,
1409 1480 1433 1512 si
1451 1490 1541 1513 secus
1561 1491 1655 1524 super
1672 1481 1720 1514 his
1745 1492 1763 1514 a
1779 1492 1855 1526 quo-

1093 1536 1205 1575 }quam
1220 1558 1228 1571 ,
1259 1532 1368 1575 quavis
1403 1534 1590 1567 auctoritate
1605 1561 1612 1574 ,
1637 1534 1773 1568 scienter
1805 1537 1851 1568 vel

1111 1583 1303 1627 ignoranter,
1321 1586 1489 1629 contigerit
1512 1588 1665 1621 attentari.

336 1634 454 1668 delibet
485 1640 637 1677 utuntur,
668 1637 832 1680 potiuntur
863 1643 893 1670 et
917 1638 1094 1681 gaudent,1
1154 1638 1169 1680 ξ
1194 1638 1222 1670 7.
1248 1639 1316 1672 Non
1340 1639 1538 1673 obstantibus
1555 1641 1718 1684 quibusvis
1742 1643 1853 1675 consti·
1936 1661 2051 1687 „mgffl

159 1859 286 1881 Monialibus
295 1859 323 1879 in-

140 1885 258 1909 dntcentias
273 1891 323 1906 non-

139 1913 206 1934 nullas
214 1912 322 1937 elargitur.

335 1689 404 1732 pari
428 1689 523 1723 modo
548 1690 603 1731 uti,
621 1690 715 1734 potiri
740 1696 770 1723 et
795 1691 932 1734 gaudere
956 1693 1094 1737 possint,¹

337 1747 367 1775 et
392 1743 522 1785 valeant,
539 1744 633 1777 etiam
657 1750 810 1788 perpetuo
827 1746 1031 1779 concedimus
1047 1752 1075 1779 et
1092 1743 1094 1774 Ϊ

336 1796 546 1840 indulgemus.

381 1851 438 1894 ἐξ).
452 1851 614 1885 Postremo
634 1852 782 1886 omnibus
795 1858 825 1886 et
837 1853 970 1896 singulis
986 1854 1077 1887 dictis

338 1905 540 1947 monialibus,
560 1906 610 1939 die
629 1917 692 1949 quo
716 1906 858 1940 habitum
883 1909 1077 1952 susceperint

338 1963 367 1990 et
392 1958 619 2001 professionem
636 1959 668 1992 in
693 1959 800 1993 eadem
826 1960 1076 2004 Congregatione

338 2011 500 2044 emiserint
526 2013 688 2056 regulares
703 2040 710 2054 ,
735 2013 759 2045 si
785 2024 856 2047 vere
880 2015 1076 2058 poenitentes

337 2070 369 2098 et
383 2065 542 2098 confessae
554 2066 786 2100 sanctissimum
806 2067 1019 2102 Eucharistiae
1033 2079 1077 2103 sa-

338 2124 533 2151 cramentum
546 2119 747 2163 sumpserint,
760 2120 932 2164 plenariam
944 2133 950 2162 ;
964 2122 1076 2166 iisque,

338 2170 370 2203 in
395 2170 562 2205 cuiuslibet
586 2182 694 2205 earum
726 2173 837 2206 mortis
871 2175 1004 2208 articulo
1019 2202 1026 2216 ,
1052 2175 1076 2208 si

338 2234 411 2256 vere
442 2224 637 2268 poenitentes
669 2229 699 2257 et
724 2226 882 2259 confessae
897 2254 904 2267 ,
929 2238 964 2260 ac
988 2230 1077 2261 sacra

339 2277 560 2311 communione
590 2278 746 2319 resectae,
778 2280 846 2320 vel,
871 2285 1024 2323 quatenus
1047 2281 1078 2314 id

338 2329 441 2363 facere
465 2331 683 2374 nequiverint,
709 2332 816 2365 saltem
846 2333 998 2367 contritae
1021 2344 1078 2367 no-

341 2393 412 2415 men
425 2383 495 2416 lesu
508 2394 573 2424 ore,
583 2384 608 2417 si
621 2385 790 2427 potuerint,
801 2385 848 2418 sin
860 2389 962 2419 autem
973 2386 1078 2427 corde,

340 2435 450 2469 devote
474 2436 696 2478 invocaverint,
713 2437 807 2470 etiam
831 2439 1018 2482 plena1·iam;
1044 2449 1078 2472 ac

341 2493 404 2521 tam
427 2489 503 2533 ipsis
526 2490 735 2531 monialibus,
760 2502 854 2535 quam
879 2492 1079 2536 quibuscum-

340 2553 400 2585 que
423 2543 492 2576 aliis
516 2544 678 2588 utriusque
704 2555 795 2578 sexus
820 2545 1078 2579 christifidelibus

341 2606 413 2630 vere
435 2598 667 2641 poenitentibus
691 2604 721 2632 ct
745 2599 904 2640 confessis,
929 2610 964 2632 ac
989 2601 1078 2633 sacra

342 2651 562 2685 communione
580 2652 714 2693 resectis,
734 2653 787 2696 qui
812 2653 1077 2687 monasteriorum

1110 1692 1282 1726 tutionibus
1314 1699 1344 1726 ct
1368 1694 1619 1728 ordinationibus
1651 1696 1851 1739 apostolicis,

1111 1747 1286 1791 ceterisque
1310 1749 1477 1782 contrariis
1501 1750 1762 1794 quibuscumque.

1154 1800 1265 1834 Datum
1290 1802 1424 1843 Romae,
1449 1803 1531 1847 apud
1557 1803 1586 1837 S.
1612 1804 1740 1837 Mariam
1764 1805 1855 1839 Maio-

1110 1864 1188 1895 rem,
1206 1855 1264 1888 sub
1281 1856 1396 1888 annulo
1414 1856 1591 1898 piscatoris,
1611 1857 1662 1890 die
1685 1867 1752 1891 xxu
1776 1869 1856 1891 mar-

1111 1907 1143 1940 tii
1168 1918 1298 1949 nocxxn
1308 1909 1507 1952 pontificatus
1520 1911 1620 1945 nostri
1633 1921 1714 1945 anno
1728 1922 1747 1944 1.

1146 1969 1204 1997 Dat.
1221 1970 1265 1998 die
1279 1971 1313 1998 22
1329 1971 1421 1999 martii
1436 1973 1514 2006 1651,
1531 1973 1628 2008 pontif.
1644 1981 1688 2001 an.
1709 1980 1728 2000 1.

1458 2097 1505 2130 Vl.

1110 2166 1305 2210 Privz‘leyia,
1338 2167 1482 2207 indultu,
1515 2169 1654 2211 qratiae,
1683 2169 1853 2212 facultates

1156 2226 1184 2252 ct
1208 2221 1423 2263 exemptiones
1447 2231 1610 2254 concessae
1628 2222 1852 2261 cubiculariis,

1155 2273 1215 2316 qui
1238 2273 1417 2306 Sanctitati
1440 2274 1526 2307 Suae
1550 2275 1778 2308 insert-iebant.

1325 2344 1482 2378 Gregorius
1503 2345 1582 2378 Papa
1601 2345 1646 2372 XV

1112 2395 1283 2424 Venerabili
1303 2398 1391 2424 fratri
1407 2398 1540 2425 Galeatio
1561 2398 1787 2434 archiepiscopo
1802 2400 1855 2427 Ba-

1147 2441 1248 2476 rensi,
1274 2444 1377 2469 domus
1398 2445 1429 2469 et
1448 2443 1554 2477 palatii
1574 2445 1670 2470 nostri
1689 2445 1854 2479 praefecto,

1148 2493 1182 2513 ac
1202 2485 1321 2513 dilectis
1342 2486 1413 2513 filiis
1428 2487 1515 2514 Petro
1531 2487 1660 2515 Favonio
1674 2489 1854 2517 Ariminensi

1148 2530 1280 2557 cubiculi
1293 2531 1390 2558 nostri
1409 2532 1573 2566 praefecto,
1596 2533 1740 2560 Clementi
1763 2533 1854 2561 Leoni

1148 2574 1352 2609 Bononiensi,
1383 2575 1568 2609 pincernae;
1601 2577 1758 2605 francisco
1787 2578 1853 2605 Vol-

1146 2626 1236 2653 parae
1265 2619 1454 2655 Bononiensi,
1475 2621 1624 2655 dapifero;
1647 2622 1746 2650 Marco
1765 2624 1854 2650 Anto-

1147 2663 1196 2691 nio
1221 2663 1381 2692 Gozzadino
1410 2665 1611 2699 Bononiensi;
1642 2667 1735 2694 Mario
1765 2667 1852 2696 Bovio

1867 1691 2028 1708 contrariorum.
