2293 3231
511 265 575 299 859.
1053 269 1230 294 nuntiatum
1253 268 1407 294 nomnen

467 328 529 363 Rez
556 328 620 370 (de)
645 326 822 360 cardinatis.
851 325 914 368 Ipsi
948 325 1152 358 committitur
1184 332 1262 357 cura
1292 321 1475 356 Monialium
1502 320 1759 355 Reformatarum
1785 321 1816 356 S.
1839 320 2005 357 Benedicti

556 384 585 415 in
607 391 704 423 regno
730 380 889 419 Franciae,
916 378 979 411 508
1001 388 1029 411 a.
1057 377 1185 411 l'racsul
1211 378 1399 411 parisiensis
1425 375 1488 409 535
1513 386 1549 415 ας
1575 374 1636 409 sub
1660 376 1730 410 eius
1754 376 1907 420 auspiciis
1929 375 2007 411 Con-

554 436 697 478 gregario
721 434 750 466 S.
778 433 876 466 Mauri
903 433 1159 465 reformationem
1187 433 1316 475 incepit,
1343 430 1423 464 ibid.
1449 433 1480 464 et
1504 433 1664 474 protector
1697 429 1844 464 eiusdem
1871 428 2009 474 Congre-

554 488 689 530 gationis
719 488 842 519 noviter
867 489 992 519 erectae
1019 485 1199 529 deputatur,
1226 484 1289 517 536
1314 483 1341 517 b.

468 540 646 583 Riogrande
678 541 839 583 provincia
870 542 1036 583 separatur
1067 537 1107 572 ab
1138 537 1275 572 ecclesia
1305 537 1335 572 S.
1360 535 1532 570 salvatoris
1555 537 1588 569 et
1610 536 1718 569 unitur
1750 535 1936 580 provinciae
1967 534 2008 570 de

555 593 781 633 Pernambuco,
808 593 868 627 274
895 592 911 625 b
935 596 967 626 et
989 603 1051 637 seq.

465 647 586 681 Ritualc
611 647 795 686 Romanum,
822 647 883 680 266
908 646 934 679 b.
960 646 988 679 A
1011 645 1108 679 Paulo
1128 644 1215 690 Papa
1240 643 1266 678 V
1283 642 1499 685 emendatum,
1527 641 1590 676 267
1616 651 1646 676 a.

466 699 620 734 Robertus
645 699 814 733 cardinalis
841 699 1024 741 Ubaldinus,
1051 699 1114 733 692
1141 699 1168 732 b.
1194 698 1282 733 Unus
1308 707 1348 732 ex
1373 697 1485 741 primis
1507 696 1659 742 prefectis
1683 695 1945 742 congregationi-1
1969 697 2011 733 de

553 752 761 796 Propaganda
780 753 866 794 Fide,
894 752 974 786 ibid.

467 805 652 849 Rodulphus
676 805 889 840 Romanorum
914 806 1097 849 Imperator,
1125 805 1188 840 124
1215 816 1255 846 α;
1280 804 1386 840 obitus
1411 807 1504 850 ipius,
1531 805 1610 839 ibid.

465 857 746 893 Romaricomontis
771 859 924 904 oppidum
953 863 984 893 et
1015 861 1153 893 ecclesia
1177 861 1277 893 sancti
1307 859 1393 893 Petri
1416 858 1461 893 ibi
1491 861 1644 902 instituta,
1671 859 1734 894 602
1759 870 1788 893 α.
1814 859 1891 894 Eius
1915 869 2010 894 cano-

552 916 645 947 nissis
669 914 800 948 facultas
831 913 903 948 data
928 915 1135 947 monasticam
1160 913 1326 948 emittendi
1358 913 1612 958 professionem,
1639 912 1717 947 ibid.
1742 913 1784 947 lis
1804 923 1898 957 vero,
1924 922 2009 959 quae

552 968 731 1002 huiusmodi
758 969 988 1012 professionem
1012 968 1192 1010 emiserint,
1219 969 1424 1002 canonicatus
1448 966 1660 1002 conferendos
1685 976 1754 1001 esse
1771 967 1917 1002 decrevit
1933 966 2009 1002 Gre-

553 1024 660 1066 gorius
678 1022 743 1065 XV,
770 1023 832 1056 603
858 1033 887 1055 α.

464 1075 561 1109 Rotae
587 1076 746 1109 Romanae
770 1075 980 1116 Auditor-ium,
1006 1076 1047 1110 67
1072 1087 1101 1109 α.
1126 1076 1195 1110 Hoc
1220 1075 1359 1110 tribunal
1384 1076 1566 1109 reformavit
1581 1075 1699 1109 Paulus
1715 1075 1774 1110 ΡΡ.
1792 1074 1828 1118 V,
1851 1074 1930 1109 ibid.

466 1128 612 1171 Rutbeni,
637 1130 700 1164 340
725 1141 754 1163 a.
780 1129 923 1171 Quatuor
947 1129 1085 1164 Rutbeni
1110 1131 1331 1165 adolescentes
1355 1139 1484 1174 semper
1507 1129 1643 1173 collegio
1669 1128 1790 1164 Graeco
1807 1128 2006 1171 admittendi,

553 1182 629 1216 ibid.
654 1183 776 1227 Proprii
800 1185 879 1217 ritus
902 1182 1105 1217 observantia
1136 1185 1182 1217 eis
1213 1193 1374 1227 concessa,
1401 1184 1461 1218 341
1489 1195 1518 1218 α.
1543 1183 1694 1229 Episcopi
1723 1183 1865 1218 Rutheni
1895 1192 2009 1218 conse-

553 1238 701 1270 crationis
724 1246 838 1272 munus
863 1238 1010 1282 accipere
1034 1240 1166 1281 possunt
1189 1237 1420 1273 adsistentibus
1445 1239 1608 1282 episcopis
1633 1236 1747 1280 latinis,
1774 1240 1806 1272 et
1830 1238 2007 1279 viceversa,

555 1289 619 1324 342
643 1300 672 1324 a.

1227 1425 1248 1460 S

468 1560 692 1595 sarsinatensis
723 1560 877 1595 ecclesiae
911 1559 1070 1595 directum
1101 1560 1280 1595 dominium
1310 1559 1344 1594 in
1375 1563 1478 1594 castra
1504 1558 1640 1604 Ceulae,
1669 1559 1835 1604 Mutellae,
1861 1559 2006 1605 Cerfolii,

555 1613 703 1647 Fenoculi
728 1616 758 1647 et
781 1613 882 1656 Putei,
901 1614 941 1647 19
958 1624 988 1647 α.
1006 1614 1068 1648 Sed
1086 1612 1148 1648 alto
1171 1613 1313 1649 dominio
1337 1613 1429 1648 Sedis
1452 1613 1657 1659 Apostolicae
1681 1623 1720 1649 ea
1735 1613 1870 1650 subesse
1895 1614 2007 1650 decer-

555 1670 648 1710 nitur,
677 1669 715 1702 27
742 1667 757 1700 b
781 1679 843 1713 seq.

468 1721 591 1755 Saulius
615 1721 794 1759 cardinalis,
820 1720 890 1754 ride
907 1721 1075 1757 Antonius.

468 1765 652 1800 Scholarum
673 1766 799 1800 Piarum
823 1776 901 1810 opus
925 1767 965 1800 ad
989 1777 1149 1812 pauperes
1173 1768 1368 1802 erudiendos
1392 1769 1425 1801 in
1445 1766 1530 1802 Urbe
1555 1776 1573 1801 a
1597 1767 1693 1802 Paulo
1724 1767 1769 1812 V,
1794 1768 1857 1803 243
1881 1779 1929 1810 α;.
1956 1768 2010 1803 de*

555 1821 722 1854 mandatur
745 1822 985 1864 congregationi
1010 1821 1199 1856 clerIcorum
1222 1821 1257 1856 B.
1282 1822 1423 1864 Mariae,
1453 1822 1516 1856 243
1547 1822 1576 1856 b.
1605 1821 1732 1857 Deinde
1767 1822 2010 1867 congregationi

555 1874 662 1909 Matris
686 1874 745 1908 Dei
769 1875 954 1909 Scholarum
978 1876 1116 1919 Piarum,
1141 1877 1204 1911 383
1231 1877 1248 1910 b
1275 1881 1305 1911 et
1329 1888 1390 1922 seq.

469 1928 573 1971 Scipio
588 1928 757 1962 cardinalis
772 1929 976 1973 Bnrghesius,
1003 1930 1066 1964 187
1083 1930 1109 1965 b.
1136 1929 1399 1975 Congregationis
1415 1931 1528 1977 Aquae
1546 1931 1663 1966 Paulae
1679 1932 1862 1976 praefectus
1885 1935 1918 1966 et
1941 1941 2011 1976 pro-

556 1986 669 2025 tector,
695 1982 771 2015 ibid.
796 1983 973 2027 Dcputatur
997 1987 1155 2028 protector
1180 1985 1347 2030 hospitalis
1377 1985 1577 2021 dementium
1593 1986 1633 2021 de
1658 1985 1754 2030 Urbe,
1779 1985 1844 2020 800
1859 1985 1887 2020 b.
1903 1985 2013 2031 Ipsius,

557 2036 721 2070 facultates
745 2037 947 2080 definiuntur,
977 2038 1052 2072 ibid.

470 2089 672 2124 Sebastianus
697 2090 823 2124 Fabi-ini
842 2093 993 2135 magister
1016 2093 1176 2136 generalis
1201 2094 1429 2129 monachorum
1454 2094 1733 2139 Sylvestrinorum,
1760 2094 1821 2128 401
1847 2094 1875 2128 b.

469 2143 644 2177 Secretario
669 2145 698 2177 S.
725 2144 857 2188 Collegii
882 2145 1095 2181 emolumenta
1119 2157 1138 2181 a
1160 2147 1379 2183 cardinalibus
1403 2151 1434 2183 in
1467 2150 1516 2183 sui
1541 2148 1710 2191 electione,
1735 2152 1831 2193 atque
1857 2149 1952 2183 etiam
1975 2149 2009 2183 in

557 2196 642 2231 obitu
668 2198 887 2241 persolvenda,
914 2200 976 2233 432
1002 2200 1028 2233 b.

470 2250 640 2284 Servorum
665 2251 697 2284 Β.
723 2251 760 2285 Μ.
787 2251 822 2285 V.
847 2251 943 2295 Ordo,
972 2254 1033 2287 192
1059 2265 1089 2288 α.
1114 2255 1149 2288 ln
1174 2256 1288 2290 Ercmo
1312 2256 1426 2290 Montis
1451 2255 1577 2290 Senarii
1601 2266 1664 2301 quo
1689 2259 1783 2300 pacto
1804 2255 1907 2299 recipi
1930 2264 2012 2299 pes*

557 2306 619 2338 sint
643 2314 678 2339 ac
703 2304 840 2339 debcant
864 2308 989 2349 novitii,
1017 2308 1092 2341 ibid.
1119 2309 1295 2353 Mitigatum
1320 2311 1407 2343 hisce
1432 2311 1574 2344 eremitis
1610 2309 1669 2343 fuit
1699 2318 1718 2343 a
1748 2307 1846 2343 Paulo
1870 2307 1897 2342 V
1928 2308 2010 2342 ieiu-

557 2359 642 2390 nium
668 2360 698 2391 in
724 2368 805 2402 panc
839 2363 870 2393 ct
898 2369 979 2405 aqua
1010 2371 1027 2394 a
1052 2363 1329 2398 constitutionibus
1353 2365 1454 2407 ipsius
1479 2365 1574 2398 certis
1603 2362 1719 2397 diebus
1752 2362 2009 2407 praescriptum,

558 2409 621 2442 192
646 2410 671 2443 ὁ.
696 2411 747 2444 Eis
776 2421 962 2447 concessum
998 2413 1155 2448 indultum
1190 2416 1346 2451 recitandi
1382 2418 1523 2451 officium
1560 2417 1600 2450 de
1633 2417 1667 2450 B.
1691 2416 1838 2461 Philippo
1862 2415 2008 2459 Beniti0,

556 2462 618 2495 428
643 2474 682 2505 α,
708 2468 738 2497 ct
763 2465 903 2499 officium
927 2466 959 2499 B.
985 2466 1024 2499 M:
1049 2469 1183 2512 singulis
1208 2470 1322 2504 diebus
1346 2470 1470 2505 sabbati
1494 2480 1557 2504 non
1582 2470 1755 2514 impeditis,
1782 2469 1844 2504 429
1870 2480 1900 2502 α.

470 2513 690 2557 sigismundus
714 2517 755 2550 llI
780 2518 927 2553 Polouiac
953 2530 1009 2554 rex
1035 2520 1154 2556 bellum
1178 2527 1287 2558 contra
1315 2524 1436 2559 Moscos
1461 2527 1559 2569 parat,
1585 2524 1649 2557 169
1670 2534 1700 2557 α.
1724 2522 1806 2557 Data
1821 2523 1851 2556 ei
1876 2520 2007 2556 facultas

557 2568 717 2655 {Zculiare
747 2570 924 2607 subsidium
954 2573 1016 2609 sibi
1050 2574 1090 2610 ab
1121 2576 1345 2613 ecclesiasticis
1375 2579 1467 2623 regni
1503 2577 1644 2612 oblatum
1674 2575 1865 2621 recipiendi,
1892 2575 1956 2610 169
1981 2574 2010 2619 b,

593 2623 622 2656 ’6
648 2634 676 2665 α,
702 2625 762 2658 546
790 2626 817 2659 b.

471 2672 658 2719 signaturae
681 2681 800 2722 gratiae
826 2683 857 2716 et
880 2682 1018 2718 iustitiae
1042 2682 1180 2721 tribunal
1204 2696 1223 2722 a
1245 2686 1343 2723 Paulo
1367 2687 1474 2733 Papae
1489 2686 1706 2731 reformatum,
1731 2685 1773 2722 59
1798 2696 1831 2721 a·
