2293 3231
270 267 321 294 ΑΙΙ.
337 267 367 296 C.
386 266 449 295 162¹

310 1293 380 1324 Causa
393 1293 456 1316 huius

269 1324 391 1343 erectionis.

284 2253 369 2274 tractio
383 2253 455 2275 officio

270 2280 297 2300 de
316 2284 358 2306 quo
381 2287 402 2301 in
422 2286 455 2301 rn-

269 2306 338 2328 brtca.

499 258 563 295 556

470 316 536 358 Dei,
547 317 637 350 cuius
653 317 736 350 vices
749 317 780 349 in
791 315 939 349 inferiore
950 316 1011 349 hoc
1027 315 1104 349 orbe
1121 316 1213 360 gerit,

470 370 667 414 providentia
681 369 942 413 constitutus‚qui
959 379 1032 403 suos
1045 373 1131 404 actus
1144 381 1215 414 pro-

471 423 539 456 vida
557 422 773 456 moderatione
790 423 908 466 dirigit,
925 423 950 456 si
970 423 1045 467 quid
1064 423 1094 456 in
1114 424 1215 468 publi-

469 487 540 509 cum
558 477 606 509 vel
626 475 783 520 privatum
800 476 1028 520 praeiudicium
1045 477 1214 520 aliquando

469 529 678 572 processisse,
707 539 743 562 ac
767 529 862 562 etiam
882 540 920 563 ex
944 530 1067 563 defectu
1091 529 1213 565 debitae

469 582 659 626 provisionis
676 587 706 615 et
721 581 1003 616 animadversionis
1022 583 1214 617 inveterasse

469 635 635 679 comperit,
648 635 679 667 id
699 635 737 668 de
755 635 859 669 medio
873 636 993 677 tollere,
1009 647 1045 670 ac
1058 636 1089 669 in
1101 637 1214 670 litteris

469 688 564 721 etiam
587 697 814 732 nonnunquam
838 699 895 732 per
919 699 1074 723 novorum
1098 691 1216 724 officio-

470 751 540 774 rum
556 741 645 783 (viris
664 741 736 783 fide,
750 742 887 785 ingenio,
905 742 1069 783 industria,
1086 744 1214 777 solertia

469 798 500 826 et
519 793 684 836 diligentia
707 794 918 838 pollentibuS‚
942 795 996 839 qui
1021 796 1124 829 officia
1148 796 1215 840 ipsa

469 846 615 888 fideliter,
632 852 667 880 ut
679 848 837 888 convenit,
855 858 1014 890 exercere,
1031 854 1061 882 et
1081 859 1138 883 suo
1151 860 1216 882 mu—

469 900 537 933 neri
559 901 754 944 respondere
773 901 882 942 sciant,
908 902 1001 935 velint
1028 907 1057 935 et
1083 903 1215 943 valeant,

469 954 768 988 committendorum
802 956 993 988 creationem
1008 955 1015 973 ¹
1041 967 1077 989 ex
1110 956 1215 989 debito

468 1007 517 1040 sui
540 1008 708 1052 pastoralis
731 1008 826 1042 officii
851 1008 1030 1052 providere,
1056 1015 1086 1042 et
1110 1010 1143 1042 in
1166 1010 1215 1042 his

468 1071 594 1105 quoque
615 1061 756 1095 eiusdem
775 1062 869 1095 oflicii
890 1062 938 1095 sui
959 1068 1064 1106 partes
1080 1063 1216 1107 interpo-

468 1124 555 1157 nere,
571 1121 677 1160 prout‚
691 1126 812 1157 rerum,
826 1121 1006 1160 temporum
1023 1122 1053 1150 et
1070 1127 1216 1161 persona-

470 1179 540 1202 rum
556 1170 760 1213 qualitatibus
777 1170 882 1203 debite
895 1171 1044 1214 pensatis,
1061 1171 1215 1215 conspicit

470 1222 502 1254 in
522 1218 844 1257 Domino'salubriter
863 1224 1020 1267 expedire.

515 1275 531 1319 §
554 1276 584 1308 1.
609 1275 686 1310 Cum
706 1276 821 1320 itaque,
843 1277 923 1310 sicut
946 1277 1037 1311 uobis
1060 1278 1214 1319 innotuit,

469 1333 560 1362 antea
581 1329 614 1362 in
637 1330 811 1363 formandis
827 1335 858 1363 et
877 1330 1069 1364 instruendis
1087 1342 1214 1375 proces-

469 1382 566 1424 sibus,
579 1383 633 1426 qui
650 1393 746 1427 super
761 1383 964 1427 qualitatibus
982 1384 1214 1428 promovendo—

469 1446 541 1469 rum
555 1447 614 1480 per
626 1437 784 1470 Romanos
805 1437 972 1470 Pontifices
992 1448 1052 1481 pro
1070 1442 1214 1482 tempore

469 1489 638 1523 existentes
647 1489 686 1523 ad
700 1500 974 1534 quarumcumque
985 1490 1214 1524 cathedralium

469 1543 675 1577 ecclesiarum
684 1549 849 1588 pastorum
868 1544 980 1578 solatio
993 1544 1213 1579 destitutarum

469 1606 505 1629 ac
515 1597 780 1630 monasteriorum
791 1598 1056 1631 consistorialium
1070 1608 1128 1642 pro
1138 1603 1215 1632 tem-

468 1659 547 1693 pore
565 1650 741 1684 vacantium
758 1650 930 1694 regimina,
955 1661 991 1684 ac
1008 1651 1212 1685 ecelesiarum

469 1707 500 1736 et
519 1703 785 1737 monasteriorum
801 1704 982 1738 huiusmodi
1000 1709 1093 1746 statu,
1107 1706 1157 1739 hic
1182 1706 1213 1738 in

469 1757 558 1790 curia
589 1767 696 1791 coram
729 1762 854 1791 sanctae
877 1758 1035 1792 Romanae
1056 1759 1214 1793 Ecclesiae

469 1811 691 1853 cardinalibus,
704 1811 799 1845 etiam
816 1822 875 1856 pro
891 1817 1036 1856 tempore
1055 1813 1214 1846 existenti-

467 1864 537 1906 bus,
554 1864 684 1898 formari
701 1870 731 1898 et
742 1865 862 1899 institui
875 1871 1118 1908 consueverunt,
1129 1867 1213 1911 quod

468 1922 573 1951 tamen
589 1919 726 1952 maxime
738 1919 951 1953 necessarium
962 1919 1096 1961 videtur,
1109 1921 1213 1954 nullus

468 1976 574 2005 certus
597 1971 749 2005 hactenus
773 1972 942 2017 deputatus
962 1984 1018 2006 seu
1041 1973 1214 2008 destinatus

467 2023 562 2057 fuerit
577 2025 738 2066 notarius,
763 2025 818 2058 sed
835 2025 874 2058 ad
889 2026 950 2059 hoc
967 2036 1082 2059 munus
1097 2027 1211 2060 notarii

467 2077 655 2122 plerumque
665 2078 696 2111 in
705 2088 742 2112 eo
750 2089 862 2122 parum
871 2079 1214 2124 expe1·ti,²promoven-

467 2130 582 2164 dorum
606 2131 644 2164 ad
662 2131 868 2165 ecclesiarum
892 2137 922 2166 et
946 2133 1212 2167 monasteriorum

468 2183 651 2218 huiusmodi
664 2185 819 2228 regimina
832 2185 931 2226 libito,
942 2186 1072 2221 adhibiti
1087 2187 1212 2220 suerint:

513 2238 529 2282 5
548 2238 578 2272 2.
598 2239 671 2280 Nos,
689 2239 739 2272 cui
755 2239 795 2272 ab
809 2239 880 2284 ipso
892 2240 993 2273 nostri
1009 2240 1212 2284 pontificatus

470 2291 559 2326 initio
586 2292 674 2326 cordi
699 2292 755 2326 suit
787 2293 904 2326 abusus
931 2304 1149 2338 quoscumque
1174 2294 1212 2327 ab

469 2346 539 2390 ipsa
555 2347 743 2390 praesertim
767 2347 908 2381 Romana
924 2347 1035 2389 Curia⁷
1060 2353 1211 2391 quantum

469 2399 502 2432 in
518 2399 610 2433 nobis
627 2403 718 2442 esset,
735 2400 893 2445 extirpare
910 2405 1002 2445 atque
1020 2402 1165 2443 evellere,
1183 2407 1213 2435 et

469 2453 553 2487 circa
578 2463 614 2486 ea
641 2454 773 2498 provida
800 2454 1093 2496 animadversione,
1119 2455 1212 2488 etiam

468 2516 526 2550 per
541 2516 698 2542 novorum
717 2507 905 2550 officiorum,
919 2509 994 2542 viris
1010 2509 1071 2542 fide
1084 2508 1104 2551 ³,
1119 2510 1209 2554 inge-

504 2587 518 2614 1
534 2587 635 2615 Vocem
650 2588 822 2617 erectionem
838 2597 887 2616 nos
902 2588 1028 2617 addimus
1042 2589 1080 2625 (n.
1092 2589 1140 2626 T.)-

505 2629 523 2657 2
537 2631 636 2659 Vocem
651 2633 705 2667 qui
719 2632 844 2661 delemus
857 2636 896 2669 (a.
911 2634 961 2668 Τ.).

505 2675 523 2706 3
535 2674 608 2707 Edit.
623 2676 702 2707 Malu.
719 2676 801 2708 habet
813 2677 883 2714 fidee
897 2679 935 2715 (a.
951 2679 999 2715 r).

1052 268 1233 293 BULLARIUN
1256 266 1412 293 nonum(

1247 316 1310 357 nio,
1321 315 1486 357 industria,
1495 316 1623 349 solertia
1635 321 1665 349 et
1674 315 1846 360 diligentia,
1855 321 1889 350 ut
1902 326 1990 361 prae-

1248 370 1356 410 fertur,
1373 369 1575 413 pollentibus,
1595 369 1894 403 committendorum
1919 379 1988 404 ere-

1247 424 1395 465 ctionem,
1413 422 1466 456 ubi
1481 423 1510 456 id
1528 427 1744 467 opportunum
1759 427 1788 456 et
1800 423 1989 457 conveniens

1247 477 1314 511 fore
1321 487 1533 517 censeremus,
1541 476 1736 520 prospicere;
1750 481 1838 510 motu
1848 476 1989 521 proprio,

1247 540 1310 563 non
1329 529 1368 562 ad
1385 529 1518 563 alicuius
1546 529 1639 563 nobis
1665 539 1761 573 super
1782 529 1843 562 hoc
1867 528 1990 564 oblatae

1248 580 1406 624 petitionis
1423 580 1612 621 instantiam,
1632 579 1686 613 sed
1703 590 1740 613 ex
1757 581 1843 614 certa
1859 579 1990 613 scientia

1248 638 1277 668 et
1292 635 1381 666 mera
1397 633 1624 667 deliberatione
1646 634 1777 674 nostris,
1801 643 1838 666 ac
1859 633 1898 666 de
1914 642 1991 677 apo-

1249 686 1376 720 stolicae
1395 686 1560 731 potcstatis
1571 686 1781 730 plenitudine,
1800 696 1900 719 unum
1916 696 1990 730 per-

1249 745 1377 784 petuum
1394 740 1569 773 notariatus
1585 740 1722 773 officium
1740 739 1779 773 ad
1794 740 1894 773 instar
1917 739 1991 773 alio-

1249 805 1320 827 rum
1338 794 1496 827 Romanae
1516 794 1628 828 Curiae
1648 793 1826 827 officiorum
1851 793 1992 826 vacabile

1250 847 1354 890 (cuius
1371 848 1550 888 concessio,
1567 853 1598 881 et
1613 847 1796 881 omnimoda
1812 846 1873 880 alia
1889 846 1992 891 dispo·

1250 901 1332 942 sitio,
1350 901 1473 945 quoties
1489 901 1565 934 illud
1585 911 1643 945 per
1659 900 1792 941 obitum,
1808 900 1993 944 resignatio-

1250 965 1336 996 nem,
1354 955 1574 999 privationem,
1595 960 1647 988 ant
1667 955 1743 988 alias
1761 954 1873 999 quovis
1896 953 1992 988 modo

1250 1019 1360 1042 vacare
1374 1008 1553 1052 contigerit,
1571 1008 1610 1042 ad
1624 1018 1683 1042 nos
1696 1013 1727 1041 et
1743 1008 1901 1042 Romanos
1914 1008 1993 1042 Pon-

1251 1062 1349 1096 titiccs
1370 1073 1428 1106 pro
1454 1068 1596 1106 tempore
1624 1062 1793 1096 existentes
1819 1067 1938 1107 spectet
1961 1066 1993 1095 et

1250 1117 1417 1160 pertineat)
1437 1126 1496 1160 pro
1520 1126 1583 1149 uno
1607 1116 1742 1157 notario,
1767 1116 1820 1160 qui
1837 1116 1992 1160 privative

1250 1170 1354 1215 quoad
1370 1170 1448 1203 alios
1464 1180 1682 1214 quoscumque
1709 1169 1850 1203 notarios
1871 1170 1903 1202 in
1926 1170 1991 1204 sor-

1249 1224 1372 1257 mandis
1396 1229 1425 1257 et
1450 1223 1654 1256 instituendis
1669 1223 1888 1267 processibus,
1912 1233 1992 1268 quos

1249 1288 1344 1321 super
1354 1278 1557 1321 qualitatibus
1569 1277 1858 1321 promovendorum
1867 1287 1925 1321 per
1933 1287 1992 1311 nos

1249 1337 1276 1363 et
1296 1332 1471 1365 Romanum
1490 1330 1673 1364 Pontificem
1698 1341 1756 1375 pro
1772 1335 1916 1374 tempore
1931 1330 1993 1364 exi-

1249 1390 1379 1418 stentem
1405 1385 1442 1418 ad
1467 1394 1740 1429 quarumcumque
1765 1384 1992 1418 cathedralium

1249 1438 1452 1471 ecclesiarum
1460 1443 1621 1482 pastorum
1633 1437 1743 1472 solatio
1750 1437 1844 1471 etiam
1852 1447 1912 1482 pro
1918 1443 1993 1472 tem-

1249 1502 1326 1536 pore
1341 1492 1561 1526 destitutarum
1578 1501 1700 1525 necnon
1721 1491 1990 1525 monasteriorum

1248 1556 1523 1590 quorumcumque
1548 1545 1816 1579 consistorialium
1846 1545 1991 1580 similiter

1248 1609 1305 1642 pro
1323 1605 1466 1643 tempore
1479 1599 1657 1633 vacantium
1673 1599 1882 1643 1·egimina,ac
1894 1598 1991 1633 eccle-

1248 1652 1364 1686 siarum
1379 1658 1409 1686 et
1420 1653 1686 1687 monasteriorum
1699 1651 1882 1686 huiusmodi
1897 1655 1990 1694 statu,

1248 1706 1298 1739 hic
1315 1706 1347 1738 in
1367 1706 1456 1739 curia
1480 1716 1588 1739 coram
1605 1705 1635 1739 S.
1653 1706 1688 1739 R.
1704 1706 1738 1739 E.
1757 1705 1969 1739 cardinalibus
1981 1732 1989 1746 ,

1247 1765 1300 1793 aut
1321 1770 1430 1793 eorum
1449 1759 1657 1801 auditoribus,
1674 1759 1805 1794 formari
1821 1764 1852 1793 et
1870 1758 1990 1793 institui

1247 1812 1395 1856 deinceps
1411 1813 1572 1857 perpetuis
1586 1813 1699 1847 suturis
1712 1813 1910 1858 temporibus
1919 1823 1990 1847 con-

1247 1866 1364 1910 tigerit,
1378 1867 1454 1911 ipsis
1470 1866 1684 1900 cardinalibus
1705 1877 1759 1900 seu
1781 1877 1891 1900 eorum
1905 1866 1991 1901 audi-

1247 1919 1369 1953 toribus
1390 1920 1546 1961 assisterc,
1564 1924 1594 1954 et
1610 1920 1737 1954 testium
1754 1919 1836 1954 dicta
1853 1926 1884 1954 ct
1897 1920 1990 1965 depo-

1247 1973 1375 2008 sitiones
1391 1973 1423 2006 in
1442 1974 1581 2018 seriptis,
1595 1984 1653 2018 per
1669 1974 1771 2016 se,vel
1784 1973 1989 2008 substitutum

1247 2026 1406 2068 idoneum,
1416 2026 1562 2070 redigere
1579 2031 1722 2070 teneatur
1738 2038 1774 2061 ac
1786 2027 1990 2072 (161)εᾶῑρΨο-

1246 2079 1356 2113 stolica
1381 2079 1585 2120 auctoritate,
1616 2084 1727 2113 tenore
1753 2081 1989 2124 praesentium,

1246 2133 1400 2176 erigimus
1416 2137 1446 2168 et
1462 2133 1671 2167 instituimus:

1290 2188 1305 2231 g
1325 2186 1354 2221 3.
1381 2187 1491 2231 Illique
1512 2188 1557 2221 sic
1577 2192 1683 2222 erecto
1707 2193 1738 2221 et>
1762 2187 1905 2222 instituto
1929 2198 1989 2233 pro

1246 2241 1313 2274 cius
1333 2242 1475 2284 congrua
1492 2240 1564 2274 dote
1585 2241 1692 2274 onmia
1708 2246 1739 2274 et
1761 2241 1885 2285 singula
1900 2251 1989 2276 emo-

1247 2295 1396 2335 lumenta,
1413 2294 1531 2338 regalia
1548 2299 1578 2328 et
1593 2295 1660 2328 iura
1673 2305 1731 2339 per
1746 2295 1825 2328 alios
1836 2295 1988 2337 notarios,

1246 2347 1300 2392 qui
1316 2354 1408 2381 antea
1425 2348 1455 2381 in
1473 2347 1647 2382 formandis
1665 2347 1845 2382 huiusmodi
1865 2358 1990 2393 proces-

1246 2402 1333 2436 sibus
1348 2402 1466 2436 eisdcm
1487 2402 1709 2444 cardinalibus,
1729 2412 1785 2435 seu
1810 2411 1920 2436 eorum
1939 2413 1990 2436 au-

1246 2455 1412 2497 ditoribus,
1421 2461 1456 2489 ut
1470 2456 1658 2500 praefertur,
1667 2455 1844 2496 astiterunt,
1857 2465 1894 2489 ac
1906 2455 1991 2490 dicta

1246 2514 1277 2543 et
1291 2509 1503 2554 depositiones
1519 2509 1646 2543 testium
1667 2508 1699 2542 in
1721 2508 1846 2553 scriptis
1861 2508 1990 2553 redege-

1247 2568 1338 2603 runt,
1369 2562 1490 2606 percipi
1518 2561 1609 2596 solita
1632 2566 1662 2594 et
1685 2567 1835 2595 consueta
1849 2588 1857 2603 ,
1881 2562 1990 2606 eisque

1246 2621 1414 2660 propterea
1428 2615 1544 2656 debita,
1569 2620 1725 2660 perpetuo
1741 2615 1937 2661 applicamus
1959 2619 1990 2651 et

1247 2668 1500 2714 appropriamus.

2001 266 2057 295 An.
2073 265 2103 296 C.
2117 265 2186 297 1021

2004 2198 2087 2250 li‘Botis
2095 2199 2191 2227 auim-
