2293 3231
102 256 150 284 An.
166 254 195 282 G.
214 254 283 282 1622

143 473 287 499 'transumptis

103 499 165 548 {gam
175 498 220 520 dari
228 505 285 521 man-

901 257 1077 282 Gnssoontus
1103 258 1144 282 XV
1169 258 1215 282 PP.

301 302 420 336 centius
450 302 667 345 Tagastensis,
693 303 836 336 Tiberius
861 304 1040 345 leunensis,

301 353 439 387 Isidorus
450 355 597 396 Astensis,
607 360 637 388 et
645 356 774 389 Carolus
787 357 898 389 Montis
908 358 1030 400 Regalis

301 407 451 451 episcopi.

346 461 361 503 g
386 459 436 492 218.
464 461 613 494 l'olumus
644 463 737 495 etiam
763 468 795 495 ut
829 464 1040 506 praesentium

301 513 518 557 transumptis,
544 515 637 547 etiam
662 516 841 559 impressis,
867 526 960 548 manu
986 517 1041 549 ali-

303 566 392 599 cuius
410 566 522 599 notarii
539 567 655 610 publici
677 568 873 612 subscriptis,
891 573 920 601 ct
938 569 1041 611 sigillo

302 618 434 651 alicuius
447 629 601 663 pcrsonac
620 620 650 652 in
666 621 816 664 dignitate
833 622 1040 654 ecclesiastica

303 671 489 704 constitutae
514 672 651 713 munitis,
676 674 785 706 cadem
810 685 940 717 prorsus
964 674 1041 707 fides

303 723 335 756 in
352 723 468 757 iudicio
488 729 517 757 ct
534 730 620 758 extra
646 726 722 758 illud
746 726 941 767 adhibeatur,
962 738 1040 770 quac

303 776 378 820 ipsis
411 778 628 821 praesentibus
659 779 862 813 adhiberetur
890 780 914 812 si
940 780 1042 814 forent

303 829 459 863 exhibitae
483 831 531 864 vel
554 836 705 865 ostensae.

347 884 460 917 Datum
485 885 618 926 Romae,
644 886 726 929 apud
751 890 888 920 sanctam
913 887 1040 919 Mariam

303 936 464 977 Maiorem,
488 937 546 970 sub
568 939 683 972 annulo
706 939 883 979 Piscator-is,
908 939 958 971 die
975 949 1040 972 xvu

304 991 428 1033 augusti
448 1001 589 1032 mncxxn,
599 992 799 1035 pontificatus
812 992 910 1024 nostri
920 1002 1001 1025 auno
1009 1003 1039 1025 n.

339 1052 396 1080 Dat.
414 1052 457 1080 die
478 1054 509 1080 17
525 1053 630 1089 augusti
652 1053 728 1088 1622,
749 1053 842 1089 pontif.
859 1062 899 1080 an.
916 1060 945 1080 u.

346 1143 408 1175 Die
433 1153 451 1175 v
475 1143 661 1186 septembris
684 1153 817 1176 arncxxu
836 1142 1043 1186 supradictae

305 1195 431 1229 litterae
451 1196 654 1240 apostolieae,
682 1197 718 1230 in
735 1198 839 1240 formu
856 1198 969 1229 Breuis
994 1207 1043 1229 eoc-

301 1249 451 1293 peclitae,
482 1250 646 1283 eoehibitae
679 1251 812 1293 fuerunt
845 1250 881 1282 in
916 1252 1042 1283 camerti

303 1304 478 1347 apostolici?
497 1331 506 1344 ,
541 1307 570 1336 et
602 1314 640 1336 ea:
677 1304 772 1337 illius
803 1304 925 1337 decreto
960 1315 1043 1337 com-

303 1357 420 1390 missae
441 1357 628 1401 perillustri
658 1361 686 1390 et
714 1359 884 1391 reverendo
912 1358 1042 1391 domino

304 1410 503 1454 Hieronymo
526 1410 647 1443 Viclono
665 1411 806 1443 eiusdem
819 1415 971 1444 'canterae
987 1413 1044 1445 ele—

304 1465 382 1504 rico,
402 1468 432 1497 et
452 1463 503 1497 die
530 1473 584 1497 xlx
611 1464 753 1497 eiusdem
781 1466 912 1503 mensis,
947 1466 1043 1498 citato

301 1517 398 1560 prius
415 1517 453 1550 R.
474 1517 513 1550 P.
534 1517 573 1550 D.
596 1517 741 1550 Antonio
766 1518 920 1552 Cicalotto
942 1529 1040 1562 prae-

305 1571 409 1604 dictae
428 1581 573 1603 eamerae
592 1571 738 1614 ⁸qenerali
757 1572 990 1611 commissario,
1007 1583 1044 1604 eas

305 1623 427 1656 decreto
440 1622 583 1656 eiusdem
598 1624 860 1656 reverendissimi
871 1624 909 1656 D.
928 1624 1044 1657 Vicloni

305 1676 441 1720 desuper
456 1677 539 1719 facto
553 1677 714 1710 admissae
723 1687 784 1720 pro
799 1677 926 1710 dicentis
940 1677 1041 1717 mille,

305 1737 342 1767 ut
354 1733 391 1766 in
407 1734 463 1774 eis,
482 1734 590 1777 quoad
606 1735 794 1777 facultatem
814 1735 966 1772 testandi,
981 1746 1044 1778 quo

305 1797 378 1820 vero
394 1787 437 1820 ad
452 1792 659 1831 praetensam
672 1789 904 1832 eoeemptionem
915 1799 975 1831 pro
991 1799 1045 1821 sese

306 1840 468 1883 veqetibus
489 1841 581 1881 vini,
610 1851 683 1873 cum
714 1841 862 1874 clausula
892 1846 1044 1884 quatenus

307 1893 382 1926 alias
406 1894 542 1926 habeant
571 1894 704 1927 similem
737 1894 990 1938 exemptionem,
1016 1900 1046 1927 et

307 1947 439 1979 existant
469 1947 500 1979 in
533 1948 615 1980 illius
647 1948 735 1991 quasi
765 1949 983 1992 possessione;
1017 1953 1045 1982 et.

307 2000 414 2043 quoad
426 2001 616 2044 facultatem
631 2002 826 2045 disponendi
842 2002 879 2035 cle
893 2003 982 2035 bonis
998 2004 1046 2035 iu-

307 2053 598 2095 risdictionehhus,
614 2055 684 2088 sine
701 2055 906 2099 praeiudicio
919 2056 1045 2088 iurium

308 2117 462 2147 camerae,
488 2111 516 2140 et
541 2109 748 2151 praecedente
780 2113 887 2141 tamen
913 2109 1044 2141 licentia

308 2160 399 2194 Sedis
414 2160 628 2204 Apostolicae,
653 2162 746 2194 iuxta
770 2163 907 2205 formam
927 2163 1045 2195 Buttae

308 2212 396 2246 Siaeti
419 2213 453 2253 V,
478 2218 506 2246 et
529 2213 673 2247 aliorum
697 2215 906 2248 Summarum
923 2215 1042 2248 Ponti-

307 2266 417 2308 ficum,
441 2270 470 2299 et
485 2277 551 2300 non
571 2267 680 2307 aliter,
701 2271 771 2307 etc„
794 2278 831 2300 ac
850 2268 935 2300 alitis
951 2269 1044 2301 iuxta

307 2319 447 2361 formam
464 2320 707 2362 protestationis
724 2319 804 2352 dicti
820 2320 947 2353 domim*
963 2332 1045 2353 eom-

307 2372 456 2405 missarii
483 2373 618 2416 desuper
640 2374 757 2416 factae,
782 2373 825 2406 acl
848 2384 958 2416 (litam,
975 2378 1041 2414 etc„

308 2428 338 2458 et
360 2426 552 2468 reqistratae
576 2426 612 2458 in
637 2426 730 2458 libris
767 2427 871 2470 ipsius
901 2437 1046 2460 camerae

304 2487 402 2521 penes
427 2489 477 2512 me
497 2478 591 2511 illius
622 2479 790 2511 notarium
821 2480 1041 2519 existentibus,

307 2541 421 2575 nempe
438 2532 520 2564 libro
540 2532 739 2565 diversorum
758 2532 813 2575 fol.
835 2543 894 2566 xcv
915 2537 943 2566 et
956 2544 1041 2577 seqq.

307 2584 349 2617 Et
367 2585 403 2618 in
426 2585 534 2628 fidem,
561 2590 616 2619 ete.

441 2639 577 2674 lomusss
601 2639 758 2674 Bipusm
783 2640 920 2682 Caunus,
943 2646 1000 2674 etc.

1715 249 1777 283 727
1824 259 1872 286 An.
1889 258 1917 286 c.
1939 259 2009 287 1622

1384 305 1508 338 LXXIV.

1033 384 1040 399 >
1079 376 1288 418 Confirmatio
1321 376 1570 419 privileqiorum
1604 375 1753 409 omnium
1784 381 1811 409 ct

1121 429 1336 470 indultorum,
1359 434 1424 462 tam
1440 440 1498 473 per
1513 430 1602 462 viam
1618 430 1813 463 extensionis

1118 492 1218 525 quam
1238 482 1323 514 alius
1339 492 1568 522 concessorum,
1585 493 1622 515 ae
1637 483 1814 515 commuui—

1119 535 1201 567 catio
1218 534 1427 577 sinqutarum
1444 536 1641 577 qratiarum,
1663 539 1729 567 tam
1748 536 1813 579 spi-

1118 587 1296 619 ritualium
1316 598 1418 630 quam
1438 588 1677 631 temporalium,
1694 588 1813 632 quibus

1122 641 1390 683 Conyreqationes
1409 641 1610 676 &cssinensis
1631 645 1659 673 ct
1679 641 1812 674 eanoni-

1118 703 1228 725 corum
1246 694 1450 736 regyularium
1467 694 1499 727 S.
1517 693 1696 727 Salvatoris
1712 694 1814 726 Bono-

1118 746 1240 778 niensis
1263 748 1424 788 }ruuntur
1448 750 1477 779 et
1499 746 1652 789 pandent,
1678 746 1814 790 Conqre-

1118 799 1245 842 qationi
1258 799 1474 831 Lateranensi
1482 799 1713 831 canonicorum
1725 809 1815 842 requ-

1121 851 1245 884 larium
1264 850 1398 884 Ordinis
1415 851 1446 884 S.
1467 852 1493 885 A
1502 852 1650 895 uyustini
1658 850 1678 884 ¹.

1279 930 1435 964 Gregorius
1456 931 1535 965 Papa
1555 931 1609 962 XV,

1204 974 1240 1001 ad
1256 978 1427 1008 perpetuam
1444 975 1488 1002 rei
1504 975 1685 1002 memoriam.

1119 1045 1252 1078 Iniuncti
1276 1046 1367 1078 nobis
1390 1046 1553 1089 apostolici
1577 1046 1717 1078 muneris
1734 1046 1814 1080 ratio

1076 1099 1223 1142 postulat,
1248 1103 1282 1131 ut
1306 1110 1466 1132 sacrarum
1491 1099 1683 1141 religionum
1708 1104 1814 1142 gratos

1076 1152 1208 1184 Domino
1233 1153 1353 1186 fructus
1376 1154 1500 1186 assidue
1523 1153 1749 1197 praestantium
1766 1164 1815 1197 pa-

1076 1211 1199 1239 ternam
1225 1218 1331 1239 curam
1358 1214 1512 1250 gerentes,
1537 1208 1712 1252 privilegia,
1737 1219 1812 1251 gra-

1077 1260 1135 1292 tias
1152 1265 1183 1293 et
1199 1260 1317 1292 indulta
1334 1260 1395 1293 illis
1411 1272 1428 1293 a
1445 1262 1592 1294 Romanis
1612 1262 1816 1294 Pontificibus

1076 1314 1372 1357 praedecessoribus
1384 1315 1500 1347 nostris
1514 1325 1672 1356 concessa,
1690 1326 1752 1359 quo
1769 1326 1817 1348 va-

1076 1368 1169 1400 lidius
1184 1372 1338 1411 perpctuo
1352 1368 1534 1409 subsistant,
1547 1369 1736 1412 apostolicae
1745 1380 1816 1402 con-

1077 1421 1264 1454 firmationis
1284 1421 1382 1453 robur
1401 1421 1535 1454 libenter
1555 1422 1815 1455 communiamus.

1121 1475 1136 1517 g
1160 1475 1190 1506 l.
1207 1474 1327 1518 Exponi
1345 1474 1500 1517 siquidem
1519 1475 1611 1508 nobis
1627 1486 1729 1519 nuper
1746 1476 1816 1510 fecit
1857 1487 1909 1521 Ημῑς
1926 1487 2014 1517 congrer-

1077 1527 1209 1560 dilectus
1233 1527 1316 1559 filius
1340 1527 1471 1560 Iacobus
1495 1538 1512 1559 a
1536 1528 1676 1561 Bononia
1700 1540 1815 1572 procu-
1831 1515 2015 1570 &iffa-{infigit

1078 1584 1164 1613 rator
1188 1580 1343 1622 generalis
1368 1581 1592 1613 canonicorum
1621 1582 1815 1624 regularium
1830 1567 2016 1617 ῗρῠμῖἲωῗοιιιὲὲἳὲὲἷ

1077 1633 1336 1676 Congregationis
1350 1634 1566 1667 Lateranensis
1579 1634 1704 1667 Ordinis
1720 1636 1817 1668 sancti
1832 1619 1921 1640 memm‘

1078 1687 1265 1729 Augustini,
1295 1687 1378 1730 quod
1406 1688 1557 1720 nonnulla
1589 1688 1817 1721 monachorum

1078 1740 1338 1783 Congregationis
1361 1740 1552 1773 Cassinensis
1572 1741 1697 1774 Ordinis
1721 1743 1818 1774 sancti

1079 1793 1248 1833 Benedicti,
1265 1797 1295 1826 ct
1318 1793 1378 1825 alia
1402 1793 1525 1826 diversa
1550 1794 1725 1837 privilegia,
1751 1805 1819 1838 gra-

1079 1846 1139 1879 tiae
1164 1850 1193 1879 et
1218 1846 1346 1886 indulta,
1371 1856 1388 1878 a
1412 1846 1544 1879 diversis
1568 1847 1716 1880 Romanis
1741 1848 1820 1881 Pon-

1079 1900 1217 1932 tificibus
1240 1900 1537 1944 praedecessoribus
1572 1901 1688 1934 nostris
1717 1901 1818 1935 eidem

1079 1953 1319 1996 Congregationi
1344 1953 1554 1994 Lateranensi,
1575 1959 1638 1986 tam
1658 1965 1716 1998 per
1735 1954 1818 1987 viam

1080 2007 1373 2040 communicationis
1383 2012 1413 2040 et
1422 2008 1610 2041 extensionis
1620 2019 1714 2052 quam
1731 2009 1816 2049 alias,

1080 2071 1226 2093 concessa
1244 2061 1378 2093 suerunt.

1124 2113 1138 2155 ξ,
1159 2112 1188 2144 2.
1206 2112 1281 2145 Cum
1306 2116 1420 2152 autem,
1434 2112 1514 2145 sicut
1538 2113 1646 2146 eadem
1664 2114 1816 2157 expositio
1943 2149 1946 2152 Δ

1080 2163 1301 2205 subiungebat„
1311 2163 1440 2196 lacobus
1454 2163 1633 2206 praedictus
1643 2164 1816 2207 plurimum
1831 2149 2016 2196 {ii'fffifilitassffti'ceo‘ss

1080 2215 1193 2259 cupiat,
1211 2215 1384 2258 privilegia,
1398 2216 1514 2258 gratias
1532 2221 1560 2248 et
1577 2216 1695 2248 indulta
1712 2217 1818 2249 huius-
1831 2208 2016 2258 ῗῖἓῗειῗέιῖῗέἕξῖἔ

1080 2268 1225 2308 iusmodi,
1251 2279 1309 2311 pro
1334 2279 1444 2301 eorum
1469 2268 1581 2301 maiori
1606 2269 1762 2302 validitate
1788 2275 1818 2302 et
1832 2260 1900 2302 &35³⁶
1937 2256 2016 2281 summ*

1079 2322 1292 2360 subsistentia,
1307 2322 1496 2365 apostolicae
1512 2328 1638 2355 nostrae
1654 2323 1818 2356 confirma-

1079 2375 1172 2407 tionis
1184 2376 1301 2408 robore
1317 2375 1515 2415 communiri,
1530 2381 1559 2408 et
1571 2376 1630 2408 alia
1643 2376 1817 2420 privilegia,

1079 2429 1180 2461 eidem
1200 2429 1441 2472 Congregationi
1458 2429 1632 2462 Cassinensi
1656 2430 1818 2473 hucusque

1079 2493 1236 2523 concessa,
1253 2483 1352 2516 dictae
1366 2483 1606 2526 Congregationi
1620 2483 1818 2518 Lateranensi

1856 1062 1977 1086 Exordium:

1870 2122 1911 2143 Pro
1927 2128 2015 2149 quorum

1116 2564 1125 2588 1
1150 2562 1186 2589 De
1208 2562 1415 2597 congregatione
1436 2563 1627 2590 canonicorum
1651 2564 1816 2599 regularium

1079 2607 1165 2633 sancti
1180 2607 1323 2634 Salvatoris
1338 2607 1397 2633 ride
1412 2607 1439 2633 in
1455 2607 1534 2643 Greg.
1550 2607 1595 2635 ΧΠ
1611 2613 1695 2636 const.
1712 2616 1742 2635 111
1757 2609 1817 2636 Ex-

1079 2652 1171 2685 citat„
1187 2656 1251 2680 tom.
1270 2659 1307 2687 ix,
1323 2660 1384 2688 pag.
1401 2652 1462 2681 651.
