<?xml version="1.0" encoding="UTF-8"?>
<!DOCTYPE html PUBLIC "-//W3C//DTD XHTML 1.0 Transitional//EN"
    "http://www.w3.org/TR/xhtml1/DTD/xhtml1-transitional.dtd">
<html xmlns="http://www.w3.org/1999/xhtml" xml:lang="en" lang="en">
 <head>
  <title>
</title>
<meta http-equiv="Content-Type" content="text/html;charset=utf-8" />
  <meta name='ocr-system' content='tesseract 3.04.00' />
  <meta name='ocr-capabilities' content='ocr_page ocr_carea ocr_par ocr_line ocrx_word'/>
</head>
<body>
  <div class='ocr_page' id='page_1' title='image "./bullarumdiplomat12cath_0729.png"; bbox 0 0 2293 3231; ppageno 0'>
   <div class='ocr_carea' id='block_1_1' title="bbox 0 0 50 3231">
    <p class='ocr_par' dir='ltr' id='par_1_1' title="bbox 0 0 50 3231">
     <span class='ocr_line' id='line_1_1' title="bbox 0 0 50 3231; baseline 0 0"><span class='ocrx_word' id='word_1_1' title='bbox 0 0 50 3231; x_wconf 95' lang='lat' dir='ltr'> </span> 
     </span>
    </p>
   </div>
   <div class='ocr_carea' id='block_1_2' title="bbox 100 279 283 309">
    <p class='ocr_par' dir='ltr' id='par_1_2' title="bbox 100 279 283 309">
     <span class='ocr_line' id='line_1_2' title="bbox 100 279 283 309; baseline -0.011 0"><span class='ocrx_word' id='word_1_2' title='bbox 100 282 148 309; x_wconf 75' lang='lat' dir='ltr'>An.</span> <span class='ocrx_word' id='word_1_3' title='bbox 165 280 194 308; x_wconf 89' lang='lat' dir='ltr'>C.</span> <span class='ocrx_word' id='word_1_4' title='bbox 216 279 283 308; x_wconf 72' lang='lat'>1622</span> 
     </span>
    </p>
   </div>
   <div class='ocr_carea' id='block_1_3' title="bbox 900 279 1213 304">
    <p class='ocr_par' dir='ltr' id='par_1_3' title="bbox 900 279 1213 304">
     <span class='ocr_line' id='line_1_3' title="bbox 900 279 1213 304; baseline -0.003 -1"><span class='ocrx_word' id='word_1_5' title='bbox 900 279 1075 304; x_wconf 52' lang='lat' dir='ltr'>GRECORHS</span> <span class='ocrx_word' id='word_1_6' title='bbox 1100 280 1141 303; x_wconf 70' lang='lat' dir='ltr'>XV</span> <span class='ocrx_word' id='word_1_7' title='bbox 1167 280 1213 304; x_wconf 61' lang='lat' dir='ltr'>Pe</span> 
     </span>
    </p>
   </div>
   <div class='ocr_carea' id='block_1_4' title="bbox 297 327 1807 372">
    <p class='ocr_par' dir='ltr' id='par_1_4' title="bbox 297 327 1807 372">
     <span class='ocr_line' id='line_1_4' title="bbox 297 327 1807 372; baseline -0.001 -12"><span class='ocrx_word' id='word_1_8' title='bbox 297 327 334 360; x_wconf 90' lang='lat' dir='ltr'>ad</span> <span class='ocrx_word' id='word_1_9' title='bbox 359 337 615 372; x_wconf 85' lang='lat' dir='ltr'>unumquemque</span> <span class='ocrx_word' id='word_1_10' title='bbox 644 327 889 361; x_wconf 86' lang='lat' dir='ltr'>christianorum</span> <span class='ocrx_word' id='word_1_11' title='bbox 921 329 1036 372; x_wconf 73' lang='lat' dir='ltr'>scripta</span> <span class='ocrx_word' id='word_1_12' title='bbox 1053 332 1054 350; x_wconf 73' lang='lat'><em>³</em></span> <span class='ocrx_word' id='word_1_13' title='bbox 1070 328 1259 361; x_wconf 66' lang='lat' dir='ltr'>calamitosis</span> <span class='ocrx_word' id='word_1_14' title='bbox 1286 327 1480 371; x_wconf 73' lang='lat' dir='ltr'>temporibus</span> <span class='ocrx_word' id='word_1_15' title='bbox 1504 327 1676 360; x_wconf 81' lang='lat' dir='ltr'>excreverit</span> <span class='ocrx_word' id='word_1_16' title='bbox 1700 338 1807 359; x_wconf 80' lang='lat' dir='ltr'>erran-</span> 
     </span>
    </p>
   </div>
   <div class='ocr_carea' id='block_1_5' title="bbox 296 380 1046 2622">
    <p class='ocr_par' dir='ltr' id='par_1_5' title="bbox 296 380 1046 2622">
     <span class='ocr_line' id='line_1_5' title="bbox 297 380 1036 424; baseline 0 -11"><span class='ocrx_word' id='word_1_17' title='bbox 297 385 387 421; x_wconf 88' lang='lat' dir='ltr'>sunt,</span> <span class='ocrx_word' id='word_1_18' title='bbox 410 386 527 424; x_wconf 86' lang='lat' dir='ltr'>quanto</span> <span class='ocrx_word' id='word_1_19' title='bbox 553 380 652 424; x_wconf 78' lang='lat' dir='ltr'>magis</span> <span class='ocrx_word' id='word_1_20' title='bbox 676 382 713 414; x_wconf 90' lang='lat' dir='ltr'>ad</span> <span class='ocrx_word' id='word_1_21' title='bbox 739 392 810 419; x_wconf 82' lang='lat' dir='ltr'>eos,</span> <span class='ocrx_word' id='word_1_22' title='bbox 836 381 888 424; x_wconf 84' lang='lat' dir='ltr'>qui</span> <span class='ocrx_word' id='word_1_23' title='bbox 914 382 944 413; x_wconf 92' lang='lat' dir='ltr'>in</span> <span class='ocrx_word' id='word_1_24' title='bbox 969 393 1036 415; x_wconf 78' lang='lat' dir='ltr'>sor-</span> 
     </span>
     <span class='ocr_line' id='line_1_6' title="bbox 296 435 1038 479; baseline 0.003 -12"><span class='ocrx_word' id='word_1_25' title='bbox 296 440 358 467; x_wconf 86' lang='lat' dir='ltr'>tem</span> <span class='ocrx_word' id='word_1_26' title='bbox 377 438 406 469; x_wconf 89' lang='lat' dir='ltr'>ct</span> <span class='ocrx_word' id='word_1_27' title='bbox 424 435 564 468; x_wconf 88' lang='lat' dir='ltr'>militiam</span> <span class='ocrx_word' id='word_1_28' title='bbox 589 435 702 468; x_wconf 81' lang='lat' dir='ltr'>Christi</span> <span class='ocrx_word' id='word_1_29' title='bbox 729 436 837 476; x_wconf 86' lang='lat' dir='ltr'>vocati,</span> <span class='ocrx_word' id='word_1_30' title='bbox 857 436 948 479; x_wconf 79' lang='lat' dir='ltr'>positi</span> <span class='ocrx_word' id='word_1_31' title='bbox 967 440 1038 469; x_wconf 78' lang='lat' dir='ltr'>sunt</span> 
     </span>
     <span class='ocr_line' id='line_1_7' title="bbox 297 489 1037 533; baseline 0 -12"><span class='ocrx_word' id='word_1_32' title='bbox 297 489 435 533; x_wconf 87' lang='lat' dir='ltr'>episcopi</span> <span class='ocrx_word' id='word_1_33' title='bbox 457 499 567 532; x_wconf 73' lang='lat' dir='ltr'>regere</span> <span class='ocrx_word' id='word_1_34' title='bbox 588 489 758 522; x_wconf 73' lang='lat' dir='ltr'>Ecclesiam</span> <span class='ocrx_word' id='word_1_35' title='bbox 784 490 898 522; x_wconf 74' lang='lat' dir='ltr'>suam‘?</span> <span class='ocrx_word' id='word_1_36' title='bbox 918 489 1037 528; x_wconf 86' lang='lat' dir='ltr'>Quibus</span> 
     </span>
     <span class='ocr_line' id='line_1_8' title="bbox 297 542 1038 586; baseline 0 -12"><span class='ocrx_word' id='word_1_37' title='bbox 297 552 390 586; x_wconf 82' lang='lat' dir='ltr'>saepe</span> <span class='ocrx_word' id='word_1_38' title='bbox 410 553 466 585; x_wconf 86' lang='lat' dir='ltr'>per</span> <span class='ocrx_word' id='word_1_39' title='bbox 486 542 655 586; x_wconf 85' lang='lat' dir='ltr'>prophetas</span> <span class='ocrx_word' id='word_1_40' title='bbox 673 554 745 575; x_wconf 77' lang='lat' dir='ltr'>suos</span> <span class='ocrx_word' id='word_1_41' title='bbox 770 542 918 585; x_wconf 74' lang='lat' dir='ltr'>gravibus</span> <span class='ocrx_word' id='word_1_42' title='bbox 936 542 1038 575; x_wconf 76' lang='lat' dir='ltr'>verbis</span> 
     </span>
     <span class='ocr_line' id='line_1_9' title="bbox 298 595 1039 639; baseline 0 -12"><span class='ocrx_word' id='word_1_43' title='bbox 298 595 518 635; x_wconf 77' lang='lat' dir='ltr'>comminatur,</span> <span class='ocrx_word' id='word_1_44' title='bbox 537 595 561 628; x_wconf 88' lang='lat' dir='ltr'>si</span> <span class='ocrx_word' id='word_1_45' title='bbox 583 601 743 639; x_wconf 78' lang='lat' dir='ltr'>pascentes</span> <span class='ocrx_word' id='word_1_46' title='bbox 767 595 953 639; x_wconf 84' lang='lat' dir='ltr'>semetipsos</span> <span class='ocrx_word' id='word_1_47' title='bbox 971 606 1039 638; x_wconf 73' lang='lat' dir='ltr'>grc-</span> 
     </span>
     <span class='ocr_line' id='line_1_10' title="bbox 298 650 1035 693; baseline 0 -12"><span class='ocrx_word' id='word_1_48' title='bbox 298 659 370 692; x_wconf 82' lang='lat' dir='ltr'>gem</span> <span class='ocrx_word' id='word_1_49' title='bbox 394 659 456 681; x_wconf 86' lang='lat' dir='ltr'>non</span> <span class='ocrx_word' id='word_1_50' title='bbox 482 654 631 692; x_wconf 80' lang='lat' dir='ltr'>pascunt,</span> <span class='ocrx_word' id='word_1_51' title='bbox 662 655 692 681; x_wconf 92' lang='lat' dir='ltr'>et</span> <span class='ocrx_word' id='word_1_52' title='bbox 715 650 799 693; x_wconf 86' lang='lat' dir='ltr'>quod</span> <span class='ocrx_word' id='word_1_53' title='bbox 827 660 966 682; x_wconf 81' lang='lat' dir='ltr'>erassum</span> <span class='ocrx_word' id='word_1_54' title='bbox 992 655 1035 682; x_wconf 77' lang='lat' dir='ltr'>est</span> 
     </span>
     <span class='ocr_line' id='line_1_11' title="bbox 298 702 1039 743; baseline 0 -8"><span class='ocrx_word' id='word_1_55' title='bbox 298 702 476 735; x_wconf 82' lang='lat' dir='ltr'>occidentes</span> <span class='ocrx_word' id='word_1_56' title='bbox 501 702 661 735; x_wconf 83' lang='lat' dir='ltr'>infirmum</span> <span class='ocrx_word' id='word_1_57' title='bbox 687 713 749 735; x_wconf 90' lang='lat' dir='ltr'>nou</span> <span class='ocrx_word' id='word_1_58' title='bbox 770 703 975 743; x_wconf 70' lang='lat' dir='ltr'>consolidant,</span> <span class='ocrx_word' id='word_1_59' title='bbox 991 714 1039 735; x_wconf 88' lang='lat' dir='ltr'>ae-</span> 
     </span>
     <span class='ocr_line' id='line_1_12' title="bbox 299 756 1039 798; baseline 0 -10"><span class='ocrx_word' id='word_1_60' title='bbox 299 758 425 798; x_wconf 66' lang='lat' dir='ltr'>grotum</span> <span class='ocrx_word' id='word_1_61' title='bbox 452 765 515 788; x_wconf 91' lang='lat' dir='ltr'>non</span> <span class='ocrx_word' id='word_1_62' title='bbox 541 761 659 795; x_wconf 85' lang='lat' dir='ltr'>sanant,</span> <span class='ocrx_word' id='word_1_63' title='bbox 677 756 871 789; x_wconf 75' lang='lat' dir='ltr'>confractum</span> <span class='ocrx_word' id='word_1_64' title='bbox 896 767 957 789; x_wconf 91' lang='lat' dir='ltr'>non</span> <span class='ocrx_word' id='word_1_65' title='bbox 975 757 1039 789; x_wconf 92' lang='lat' dir='ltr'>alli-</span> 
     </span>
     <span class='ocr_line' id='line_1_13' title="bbox 299 810 1036 854; baseline 0 -11"><span class='ocrx_word' id='word_1_66' title='bbox 299 815 389 853; x_wconf 67' lang='lat' dir='ltr'>gant,</span> <span class='ocrx_word' id='word_1_67' title='bbox 414 811 572 844; x_wconf 86' lang='lat' dir='ltr'>abiectum</span> <span class='ocrx_word' id='word_1_68' title='bbox 598 821 660 843; x_wconf 91' lang='lat' dir='ltr'>non</span> <span class='ocrx_word' id='word_1_69' title='bbox 685 810 854 851; x_wconf 87' lang='lat' dir='ltr'>reducunt,</span> <span class='ocrx_word' id='word_1_70' title='bbox 880 810 1036 854; x_wconf 89' lang='lat' dir='ltr'>perditum</span> 
     </span>
     <span class='ocr_line' id='line_1_14' title="bbox 299 864 1035 907; baseline 0 -11"><span class='ocrx_word' id='word_1_71' title='bbox 299 874 361 896; x_wconf 89' lang='lat' dir='ltr'>non</span> <span class='ocrx_word' id='word_1_72' title='bbox 386 869 549 907; x_wconf 81' lang='lat' dir='ltr'>quaerunt.</span> <span class='ocrx_word' id='word_1_73' title='bbox 581 866 665 903; x_wconf 86' lang='lat' dir='ltr'>Quae</span> <span class='ocrx_word' id='word_1_74' title='bbox 699 864 839 907; x_wconf 87' lang='lat' dir='ltr'>profecto</span> <span class='ocrx_word' id='word_1_75' title='bbox 872 874 980 902; x_wconf 80' lang='lat' dir='ltr'>voces,</span> <span class='ocrx_word' id='word_1_76' title='bbox 1006 869 1035 896; x_wconf 94' lang='lat' dir='ltr'>ut</span> 
     </span>
     <span class='ocr_line' id='line_1_15' title="bbox 300 917 1039 951; baseline 0 -2"><span class='ocrx_word' id='word_1_77' title='bbox 300 927 410 950; x_wconf 84' lang='lat' dir='ltr'>onmes</span> <span class='ocrx_word' id='word_1_78' title='bbox 434 918 637 950; x_wconf 87' lang='lat' dir='ltr'>ecclesiarum</span> <span class='ocrx_word' id='word_1_79' title='bbox 670 922 808 951; x_wconf 82' lang='lat' dir='ltr'>rectores</span> <span class='ocrx_word' id='word_1_80' title='bbox 834 917 932 949; x_wconf 81' lang='lat' dir='ltr'>valide</span> <span class='ocrx_word' id='word_1_81' title='bbox 957 917 1039 949; x_wconf 85' lang='lat' dir='ltr'>solli-</span> 
     </span>
     <span class='ocr_line' id='line_1_16' title="bbox 300 971 1040 1014; baseline -0.001 -11"><span class='ocrx_word' id='word_1_82' title='bbox 300 971 378 1003; x_wconf 68' lang='lat' dir='ltr'>citos</span> <span class='ocrx_word' id='word_1_83' title='bbox 397 971 515 1004; x_wconf 82' lang='lat' dir='ltr'>habere</span> <span class='ocrx_word' id='word_1_84' title='bbox 540 971 664 1011; x_wconf 83' lang='lat' dir='ltr'>debent,</span> <span class='ocrx_word' id='word_1_85' title='bbox 682 971 754 1004; x_wconf 82' lang='lat' dir='ltr'>licet</span> <span class='ocrx_word' id='word_1_86' title='bbox 772 971 802 1002; x_wconf 90' lang='lat' dir='ltr'>in</span> <span class='ocrx_word' id='word_1_87' title='bbox 817 976 938 1014; x_wconf 87' lang='lat' dir='ltr'>partem</span> <span class='ocrx_word' id='word_1_88' title='bbox 958 971 1040 1004; x_wconf 79' lang='lat' dir='ltr'>solli-</span> 
     </span>
     <span class='ocr_line' id='line_1_17' title="bbox 300 1025 1040 1066; baseline 0.001 -10"><span class='ocrx_word' id='word_1_89' title='bbox 300 1025 446 1058; x_wconf 68' lang='lat' dir='ltr'>citudinis</span> <span class='ocrx_word' id='word_1_90' title='bbox 456 1025 517 1058; x_wconf 85' lang='lat' dir='ltr'>sint</span> <span class='ocrx_word' id='word_1_91' title='bbox 528 1025 637 1066; x_wconf 83' lang='lat' dir='ltr'>vocati,</span> <span class='ocrx_word' id='word_1_92' title='bbox 651 1025 692 1058; x_wconf 91' lang='lat' dir='ltr'>ita</span> <span class='ocrx_word' id='word_1_93' title='bbox 709 1026 806 1058; x_wconf 86' lang='lat' dir='ltr'>multo</span> <span class='ocrx_word' id='word_1_94' title='bbox 824 1025 1040 1057; x_wconf 84' lang='lat' dir='ltr'>vehementius</span> 
     </span>
     <span class='ocr_line' id='line_1_18' title="bbox 300 1078 1039 1122; baseline -0.001 -12"><span class='ocrx_word' id='word_1_95' title='bbox 300 1089 356 1111; x_wconf 84' lang='lat' dir='ltr'>nos</span> <span class='ocrx_word' id='word_1_96' title='bbox 370 1084 493 1121; x_wconf 81' lang='lat' dir='ltr'>urgent,</span> <span class='ocrx_word' id='word_1_97' title='bbox 506 1079 558 1122; x_wconf 88' lang='lat' dir='ltr'>qui</span> <span class='ocrx_word' id='word_1_98' title='bbox 574 1079 603 1110; x_wconf 91' lang='lat' dir='ltr'>in</span> <span class='ocrx_word' id='word_1_99' title='bbox 619 1078 844 1122; x_wconf 69' lang='lat' dir='ltr'>plenitudinem</span> <span class='ocrx_word' id='word_1_100' title='bbox 859 1078 959 1117; x_wconf 86' lang='lat' dir='ltr'>electi,</span> <span class='ocrx_word' id='word_1_101' title='bbox 978 1088 1039 1111; x_wconf 88' lang='lat' dir='ltr'>non</span> 
     </span>
     <span class='ocr_line' id='line_1_19' title="bbox 300 1131 1040 1175; baseline 0 -12"><span class='ocrx_word' id='word_1_102' title='bbox 300 1133 399 1164; x_wconf 84' lang='lat' dir='ltr'>solum</span> <span class='ocrx_word' id='word_1_103' title='bbox 412 1132 559 1165; x_wconf 87' lang='lat' dir='ltr'>universo</span> <span class='ocrx_word' id='word_1_104' title='bbox 573 1133 672 1175; x_wconf 76' lang='lat' dir='ltr'>gregi,</span> <span class='ocrx_word' id='word_1_105' title='bbox 684 1132 736 1164; x_wconf 82' lang='lat' dir='ltr'>sed</span> <span class='ocrx_word' id='word_1_106' title='bbox 751 1132 843 1164; x_wconf 89' lang='lat' dir='ltr'>etiam</span> <span class='ocrx_word' id='word_1_107' title='bbox 863 1131 1040 1175; x_wconf 76' lang='lat' dir='ltr'>pastoribus</span> 
     </span>
     <span class='ocr_line' id='line_1_20' title="bbox 300 1185 1040 1229; baseline 0 -13"><span class='ocrx_word' id='word_1_108' title='bbox 300 1185 470 1229; x_wconf 76' lang='lat' dir='ltr'>praepositi</span> <span class='ocrx_word' id='word_1_109' title='bbox 487 1196 604 1218; x_wconf 81' lang='lat' dir='ltr'>sumus.</span> <span class='ocrx_word' id='word_1_110' title='bbox 618 1185 772 1224; x_wconf 76' lang='lat' dir='ltr'>Quocirca</span> <span class='ocrx_word' id='word_1_111' title='bbox 788 1185 872 1227; x_wconf 86' lang='lat' dir='ltr'>quod</span> <span class='ocrx_word' id='word_1_112' title='bbox 890 1185 1040 1228; x_wconf 82' lang='lat' dir='ltr'>apostolis</span> 
     </span>
     <span class='ocr_line' id='line_1_21' title="bbox 299 1238 1041 1281; baseline -0.001 -11"><span class='ocrx_word' id='word_1_113' title='bbox 299 1238 445 1271; x_wconf 85' lang='lat' dir='ltr'>omnibus</span> <span class='ocrx_word' id='word_1_114' title='bbox 467 1249 485 1270; x_wconf 90' lang='lat' dir='ltr'>a</span> <span class='ocrx_word' id='word_1_115' title='bbox 507 1238 640 1271; x_wconf 87' lang='lat' dir='ltr'>Domino</span> <span class='ocrx_word' id='word_1_116' title='bbox 665 1238 881 1277; x_wconf 89' lang='lat' dir='ltr'>mandabatur,</span> <span class='ocrx_word' id='word_1_117' title='bbox 898 1243 929 1269; x_wconf 89' lang='lat' dir='ltr'>ut</span> <span class='ocrx_word' id='word_1_118' title='bbox 954 1248 1041 1281; x_wconf 65' lang='lat' dir='ltr'>prae&lt;</span> 
     </span>
     <span class='ocr_line' id='line_1_22' title="bbox 299 1291 1042 1335; baseline 0 -12"><span class='ocrx_word' id='word_1_119' title='bbox 299 1292 439 1325; x_wconf 86' lang='lat' dir='ltr'>dicarent</span> <span class='ocrx_word' id='word_1_120' title='bbox 454 1292 650 1335; x_wconf 78' lang='lat' dir='ltr'>evangelium</span> <span class='ocrx_word' id='word_1_121' title='bbox 664 1292 750 1324; x_wconf 92' lang='lat' dir='ltr'>omni</span> <span class='ocrx_word' id='word_1_122' title='bbox 768 1296 940 1332; x_wconf 67' lang='lat' dir='ltr'>ci‘caturae,</span> <span class='ocrx_word' id='word_1_123' title='bbox 959 1291 1042 1334; x_wconf 87' lang='lat' dir='ltr'>prin—</span> 
     </span>
     <span class='ocr_line' id='line_1_23' title="bbox 299 1345 1040 1390; baseline 0 -13"><span class='ocrx_word' id='word_1_124' title='bbox 299 1346 444 1390; x_wconf 75' lang='lat' dir='ltr'>cipaliter</span> <span class='ocrx_word' id='word_1_125' title='bbox 468 1346 560 1378; x_wconf 84' lang='lat' dir='ltr'>Petro</span> <span class='ocrx_word' id='word_1_126' title='bbox 585 1345 798 1386; x_wconf 88' lang='lat' dir='ltr'>incumbebat,</span> <span class='ocrx_word' id='word_1_127' title='bbox 816 1345 868 1388; x_wconf 90' lang='lat' dir='ltr'>qui</span> <span class='ocrx_word' id='word_1_128' title='bbox 895 1345 1040 1378; x_wconf 80' lang='lat' dir='ltr'>omnibus</span> 
     </span>
     <span class='ocr_line' id='line_1_24' title="bbox 298 1399 1040 1444; baseline -0.001 -12"><span class='ocrx_word' id='word_1_129' title='bbox 298 1399 476 1444; x_wconf 77' lang='lat' dir='ltr'>praestabat</span> <span class='ocrx_word' id='word_1_130' title='bbox 491 1400 710 1443; x_wconf 74' lang='lat' dir='ltr'>praerogativa</span> <span class='ocrx_word' id='word_1_131' title='bbox 724 1399 926 1442; x_wconf 87' lang='lat' dir='ltr'>principatus,</span> <span class='ocrx_word' id='word_1_132' title='bbox 940 1404 970 1431; x_wconf 88' lang='lat' dir='ltr'>et</span> <span class='ocrx_word' id='word_1_133' title='bbox 990 1399 1040 1431; x_wconf 92' lang='lat' dir='ltr'>cui</span> 
     </span>
     <span class='ocr_line' id='line_1_25' title="bbox 300 1453 1042 1496; baseline -0.001 -10"><span class='ocrx_word' id='word_1_134' title='bbox 300 1454 357 1487; x_wconf 79' lang='lat' dir='ltr'>soli</span> <span class='ocrx_word' id='word_1_135' title='bbox 372 1453 544 1486; x_wconf 86' lang='lat' dir='ltr'>iniunctum</span> <span class='ocrx_word' id='word_1_136' title='bbox 560 1454 660 1486; x_wconf 86' lang='lat' dir='ltr'>suerat</span> <span class='ocrx_word' id='word_1_137' title='bbox 673 1464 690 1485; x_wconf 91' lang='lat' dir='ltr'>a</span> <span class='ocrx_word' id='word_1_138' title='bbox 700 1453 844 1492; x_wconf 83' lang='lat' dir='ltr'>Domino,</span> <span class='ocrx_word' id='word_1_139' title='bbox 854 1457 887 1484; x_wconf 57' lang='lat' dir='ltr'>ut,</span> <span class='ocrx_word' id='word_1_140' title='bbox 900 1456 1042 1496; x_wconf 78' lang='lat' dir='ltr'>pasceret</span> 
     </span>
     <span class='ocr_line' id='line_1_26' title="bbox 300 1507 1040 1551; baseline -0.003 -10"><span class='ocrx_word' id='word_1_141' title='bbox 300 1519 374 1541; x_wconf 82' lang='lat' dir='ltr'>oves</span> <span class='ocrx_word' id='word_1_142' title='bbox 398 1519 478 1541; x_wconf 81' lang='lat' dir='ltr'>suas.</span> <span class='ocrx_word' id='word_1_143' title='bbox 502 1507 700 1551; x_wconf 76' lang='lat' dir='ltr'>Quapropter</span> <span class='ocrx_word' id='word_1_144' title='bbox 728 1511 758 1540; x_wconf 64' lang='lat' dir='ltr'>vt</span> <span class='ocrx_word' id='word_1_145' title='bbox 787 1507 838 1538; x_wconf 89' lang='lat' dir='ltr'>uni</span> <span class='ocrx_word' id='word_1_146' title='bbox 873 1507 963 1539; x_wconf 75' lang='lat' dir='ltr'>Petro</span> <span class='ocrx_word' id='word_1_147' title='bbox 988 1517 1040 1539; x_wconf 84' lang='lat' dir='ltr'>vas</span> 
     </span>
     <span class='ocr_line' id='line_1_27' title="bbox 301 1560 1040 1604; baseline -0.003 -11"><span class='ocrx_word' id='word_1_148' title='bbox 301 1561 395 1601; x_wconf 88' lang='lat' dir='ltr'>illud,</span> <span class='ocrx_word' id='word_1_149' title='bbox 420 1561 508 1604; x_wconf 88' lang='lat' dir='ltr'>quasi</span> <span class='ocrx_word' id='word_1_150' title='bbox 533 1560 680 1601; x_wconf 84' lang='lat' dir='ltr'>linteum,</span> <span class='ocrx_word' id='word_1_151' title='bbox 706 1560 881 1592; x_wconf 69' lang='lat' dir='ltr'>ostenditur</span> <span class='ocrx_word' id='word_1_152' title='bbox 905 1565 1040 1602; x_wconf 80' lang='lat' dir='ltr'>quatuor</span> 
     </span>
     <span class='ocr_line' id='line_1_28' title="bbox 302 1613 1040 1656; baseline -0.003 -9"><span class='ocrx_word' id='word_1_153' title='bbox 302 1614 396 1647; x_wconf 86' lang='lat' dir='ltr'>initiis</span> <span class='ocrx_word' id='word_1_154' title='bbox 416 1614 454 1647; x_wconf 86' lang='lat' dir='ltr'>de</span> <span class='ocrx_word' id='word_1_155' title='bbox 471 1614 558 1647; x_wconf 89' lang='lat' dir='ltr'>caelo</span> <span class='ocrx_word' id='word_1_156' title='bbox 575 1613 715 1647; x_wconf 76' lang='lat' dir='ltr'>submitti</span> <span class='ocrx_word' id='word_1_157' title='bbox 733 1614 763 1645; x_wconf 92' lang='lat' dir='ltr'>in</span> <span class='ocrx_word' id='word_1_158' title='bbox 782 1619 909 1651; x_wconf 88' lang='lat' dir='ltr'>terram,</span> <span class='ocrx_word' id='word_1_159' title='bbox 931 1613 960 1645; x_wconf 88' lang='lat' dir='ltr'>in</span> <span class='ocrx_word' id='word_1_160' title='bbox 978 1624 1040 1656; x_wconf 91' lang='lat' dir='ltr'>quo</span> 
     </span>
     <span class='ocr_line' id='line_1_29' title="bbox 301 1667 1042 1711; baseline -0.001 -11"><span class='ocrx_word' id='word_1_161' title='bbox 301 1673 390 1701; x_wconf 86' lang='lat' dir='ltr'>erant</span> <span class='ocrx_word' id='word_1_162' title='bbox 405 1668 511 1700; x_wconf 90' lang='lat' dir='ltr'>omnia</span> <span class='ocrx_word' id='word_1_163' title='bbox 527 1667 743 1711; x_wconf 70' lang='lat' dir='ltr'>quadrupedia</span> <span class='ocrx_word' id='word_1_164' title='bbox 761 1672 791 1699; x_wconf 86' lang='lat' dir='ltr'>et</span> <span class='ocrx_word' id='word_1_165' title='bbox 807 1667 965 1710; x_wconf 72' lang='lat' dir='ltr'>serpentia</span> <span class='ocrx_word' id='word_1_166' title='bbox 984 1673 1042 1700; x_wconf 91' lang='lat' dir='ltr'>ter-</span> 
     </span>
     <span class='ocr_line' id='line_1_30' title="bbox 301 1720 1041 1764; baseline -0.001 -10"><span class='ocrx_word' id='word_1_167' title='bbox 301 1733 354 1754; x_wconf 85' lang='lat' dir='ltr'>rae</span> <span class='ocrx_word' id='word_1_168' title='bbox 371 1727 401 1755; x_wconf 91' lang='lat' dir='ltr'>et</span> <span class='ocrx_word' id='word_1_169' title='bbox 418 1722 554 1755; x_wconf 82' lang='lat' dir='ltr'>volatilia</span> <span class='ocrx_word' id='word_1_170' title='bbox 579 1721 666 1761; x_wconf 83' lang='lat' dir='ltr'>caeli,</span> <span class='ocrx_word' id='word_1_171' title='bbox 684 1720 832 1764; x_wconf 77' lang='lat' dir='ltr'>quodque</span> <span class='ocrx_word' id='word_1_172' title='bbox 854 1721 904 1752; x_wconf 89' lang='lat' dir='ltr'>illa</span> <span class='ocrx_word' id='word_1_173' title='bbox 922 1732 978 1753; x_wconf 62' lang='lat' dir='ltr'>vex</span> <span class='ocrx_word' id='word_1_174' title='bbox 998 1732 1041 1753; x_wconf 77' lang='lat' dir='ltr'>se-</span> 
     </span>
     <span class='ocr_line' id='line_1_31' title="bbox 300 1775 1037 1819; baseline -0.001 -11"><span class='ocrx_word' id='word_1_175' title='bbox 300 1780 397 1819; x_wconf 87' lang='lat' dir='ltr'>quuta</span> <span class='ocrx_word' id='word_1_176' title='bbox 410 1781 569 1819; x_wconf 74' lang='lat' dir='ltr'>est,sur9e</span> <span class='ocrx_word' id='word_1_177' title='bbox 579 1776 682 1815; x_wconf 69' lang='lat' dir='ltr'>Petra,</span> <span class='ocrx_word' id='word_1_178' title='bbox 697 1775 812 1813; x_wconf 77' lang='lat' dir='ltr'>occide,</span> <span class='ocrx_word' id='word_1_179' title='bbox 824 1779 852 1807; x_wconf 80' lang='lat' dir='ltr'>ct</span> <span class='ocrx_word' id='word_1_180' title='bbox 864 1775 1037 1812; x_wconf 75' lang='lat' dir='ltr'>manduca,</span> 
     </span>
     <span class='ocr_line' id='line_1_32' title="bbox 302 1829 1040 1873; baseline -0.003 -11"><span class='ocrx_word' id='word_1_181' title='bbox 302 1834 335 1861; x_wconf 86' lang='lat' dir='ltr'>ut.</span> <span class='ocrx_word' id='word_1_182' title='bbox 359 1829 631 1873; x_wconf 74' lang='lat' dir='ltr'>praefiguraretur</span> <span class='ocrx_word' id='word_1_183' title='bbox 661 1829 742 1861; x_wconf 84' lang='lat' dir='ltr'>Petri</span> <span class='ocrx_word' id='word_1_184' title='bbox 769 1832 798 1862; x_wconf 81' lang='lat' dir='ltr'>et</span> <span class='ocrx_word' id='word_1_185' title='bbox 823 1839 1040 1861; x_wconf 73' lang='lat' dir='ltr'>successorum</span> 
     </span>
     <span class='ocr_line' id='line_1_33' title="bbox 301 1882 1042 1927; baseline -0.001 -12"><span class='ocrx_word' id='word_1_186' title='bbox 301 1883 369 1915; x_wconf 85' lang='lat' dir='ltr'>eius</span> <span class='ocrx_word' id='word_1_187' title='bbox 393 1894 507 1916; x_wconf 85' lang='lat' dir='ltr'>munus</span> <span class='ocrx_word' id='word_1_188' title='bbox 531 1894 566 1916; x_wconf 83' lang='lat' dir='ltr'>ex</span> <span class='ocrx_word' id='word_1_189' title='bbox 591 1888 728 1927; x_wconf 86' lang='lat' dir='ltr'>quatuor</span> <span class='ocrx_word' id='word_1_190' title='bbox 761 1883 867 1915; x_wconf 88' lang='lat' dir='ltr'>mundi</span> <span class='ocrx_word' id='word_1_191' title='bbox 900 1882 1042 1926; x_wconf 86' lang='lat' dir='ltr'>partibus</span> 
     </span>
     <span class='ocr_line' id='line_1_34' title="bbox 303 1937 1042 1980; baseline -0.001 -12"><span class='ocrx_word' id='word_1_192' title='bbox 303 1937 446 1970; x_wconf 85' lang='lat' dir='ltr'>homines</span> <span class='ocrx_word' id='word_1_193' title='bbox 472 1937 557 1969; x_wconf 77' lang='lat' dir='ltr'>varia</span> <span class='ocrx_word' id='word_1_194' title='bbox 583 1937 740 1980; x_wconf 75' lang='lat' dir='ltr'>impietate</span> <span class='ocrx_word' id='word_1_195' title='bbox 766 1937 948 1979; x_wconf 77' lang='lat' dir='ltr'>insipientes</span> <span class='ocrx_word' id='word_1_196' title='bbox 972 1946 1042 1968; x_wconf 87' lang='lat' dir='ltr'>con-</span> 
     </span>
     <span class='ocr_line' id='line_1_35' title="bbox 303 1989 1042 2033; baseline 0 -12"><span class='ocrx_word' id='word_1_197' title='bbox 303 1989 453 2031; x_wconf 74' lang='lat' dir='ltr'>gregandi</span> <span class='ocrx_word' id='word_1_198' title='bbox 477 2000 540 2033; x_wconf 90' lang='lat' dir='ltr'>quo</span> <span class='ocrx_word' id='word_1_199' title='bbox 564 2000 618 2022; x_wconf 85' lang='lat' dir='ltr'>eos</span> <span class='ocrx_word' id='word_1_200' title='bbox 641 1989 731 2032; x_wconf 86' lang='lat' dir='ltr'>quasi</span> <span class='ocrx_word' id='word_1_201' title='bbox 756 1989 928 2022; x_wconf 84' lang='lat' dir='ltr'>occidendo</span> <span class='ocrx_word' id='word_1_202' title='bbox 943 2017 950 2029; x_wconf 86' lang='lat'><em>‚</em></span> <span class='ocrx_word' id='word_1_203' title='bbox 983 1990 1042 2021; x_wconf 88' lang='lat' dir='ltr'>hoc</span> 
     </span>
     <span class='ocr_line' id='line_1_36' title="bbox 304 2042 1043 2083; baseline 0 -10"><span class='ocrx_word' id='word_1_204' title='bbox 304 2046 360 2082; x_wconf 87' lang='lat' dir='ltr'>est,</span> <span class='ocrx_word' id='word_1_205' title='bbox 385 2043 482 2075; x_wconf 86' lang='lat' dir='ltr'>veteri</span> <span class='ocrx_word' id='word_1_206' title='bbox 505 2042 568 2074; x_wconf 76' lang='lat' dir='ltr'>vita</span> <span class='ocrx_word' id='word_1_207' title='bbox 593 2043 745 2083; x_wconf 80' lang='lat' dir='ltr'>exuendo,</span> <span class='ocrx_word' id='word_1_208' title='bbox 770 2047 799 2074; x_wconf 92' lang='lat' dir='ltr'>et</span> <span class='ocrx_word' id='word_1_209' title='bbox 824 2047 934 2075; x_wconf 82' lang='lat' dir='ltr'>exutos</span> <span class='ocrx_word' id='word_1_210' title='bbox 960 2052 1043 2074; x_wconf 89' lang='lat' dir='ltr'>man-</span> 
     </span>
     <span class='ocr_line' id='line_1_37' title="bbox 304 2095 1043 2139; baseline 0.001 -12"><span class='ocrx_word' id='word_1_211' title='bbox 304 2095 457 2136; x_wconf 87' lang='lat' dir='ltr'>ducando,</span> <span class='ocrx_word' id='word_1_212' title='bbox 472 2095 549 2128; x_wconf 85' lang='lat' dir='ltr'>idest</span> <span class='ocrx_word' id='word_1_213' title='bbox 566 2096 597 2128; x_wconf 90' lang='lat' dir='ltr'>in</span> <span class='ocrx_word' id='word_1_214' title='bbox 614 2107 670 2128; x_wconf 84' lang='lat' dir='ltr'>sua</span> <span class='ocrx_word' id='word_1_215' title='bbox 686 2096 838 2137; x_wconf 87' lang='lat' dir='ltr'>membra,</span> <span class='ocrx_word' id='word_1_216' title='bbox 855 2096 909 2139; x_wconf 90' lang='lat' dir='ltr'>qui</span> <span class='ocrx_word' id='word_1_217' title='bbox 920 2096 1043 2128; x_wconf 81' lang='lat' dir='ltr'>visibile</span> 
     </span>
     <span class='ocr_line' id='line_1_38' title="bbox 305 2150 1041 2193; baseline -0.001 -12"><span class='ocrx_word' id='word_1_218' title='bbox 305 2153 371 2183; x_wconf 74' lang='lat' dir='ltr'>erat</span> <span class='ocrx_word' id='word_1_219' title='bbox 394 2154 487 2193; x_wconf 84' lang='lat' dir='ltr'>caput</span> <span class='ocrx_word' id='word_1_220' title='bbox 506 2150 672 2190; x_wconf 81' lang='lat' dir='ltr'>Ecclesiae,</span> <span class='ocrx_word' id='word_1_221' title='bbox 697 2150 925 2190; x_wconf 77' lang='lat' dir='ltr'>convertendo,</span> <span class='ocrx_word' id='word_1_222' title='bbox 949 2150 1041 2181; x_wconf 88' lang='lat' dir='ltr'>etiam</span> 
     </span>
     <span class='ocr_line' id='line_1_39' title="bbox 306 2202 1042 2243; baseline 0 -9"><span class='ocrx_word' id='word_1_223' title='bbox 306 2203 447 2235; x_wconf 83' lang='lat' dir='ltr'>membra</span> <span class='ocrx_word' id='word_1_224' title='bbox 470 2203 582 2236; x_wconf 80' lang='lat' dir='ltr'>Christi</span> <span class='ocrx_word' id='word_1_225' title='bbox 609 2203 770 2243; x_wconf 83' lang='lat' dir='ltr'>redderet,</span> <span class='ocrx_word' id='word_1_226' title='bbox 798 2202 960 2234; x_wconf 83' lang='lat' dir='ltr'>invisibilis</span> <span class='ocrx_word' id='word_1_227' title='bbox 987 2202 1042 2234; x_wconf 78' lang='lat' dir='ltr'>Ec-</span> 
     </span>
     <span class='ocr_line' id='line_1_40' title="bbox 305 2256 1044 2300; baseline 0 -13"><span class='ocrx_word' id='word_1_228' title='bbox 305 2256 417 2288; x_wconf 71' lang='lat' dir='ltr'>clesiae</span> <span class='ocrx_word' id='word_1_229' title='bbox 448 2256 579 2300; x_wconf 69' lang='lat' dir='ltr'>capitis,</span> <span class='ocrx_word' id='word_1_230' title='bbox 605 2260 697 2299; x_wconf 89' lang='lat' dir='ltr'>atque</span> <span class='ocrx_word' id='word_1_231' title='bbox 729 2257 769 2289; x_wconf 91' lang='lat' dir='ltr'>ita</span> <span class='ocrx_word' id='word_1_232' title='bbox 793 2256 1044 2299; x_wconf 65' lang='lat' dir='ltr'>adipiscerentur</span> 
     </span>
     <span class='ocr_line' id='line_1_41' title="bbox 306 2309 1044 2353; baseline 0 -13"><span class='ocrx_word' id='word_1_233' title='bbox 306 2310 579 2353; x_wconf 82' lang='lat' dir='ltr'>participationem</span> <span class='ocrx_word' id='word_1_234' title='bbox 595 2309 805 2352; x_wconf 73' lang='lat' dir='ltr'>generationis</span> <span class='ocrx_word' id='word_1_235' title='bbox 825 2309 949 2349; x_wconf 75' lang='lat' dir='ltr'>Christi,</span> <span class='ocrx_word' id='word_1_236' title='bbox 964 2320 1044 2341; x_wconf 86' lang='lat' dir='ltr'>eam-</span> 
     </span>
     <span class='ocr_line' id='line_1_42' title="bbox 304 2363 1043 2408; baseline 0 -13"><span class='ocrx_word' id='word_1_237' title='bbox 304 2374 365 2406; x_wconf 85' lang='lat' dir='ltr'>que</span> <span class='ocrx_word' id='word_1_238' title='bbox 377 2363 492 2407; x_wconf 79' lang='lat' dir='ltr'>adepti,</span> <span class='ocrx_word' id='word_1_239' title='bbox 506 2374 587 2408; x_wconf 88' lang='lat' dir='ltr'>quae</span> <span class='ocrx_word' id='word_1_240' title='bbox 596 2363 708 2397; x_wconf 83' lang='lat' dir='ltr'>Christi</span> <span class='ocrx_word' id='word_1_241' title='bbox 719 2368 791 2395; x_wconf 78' lang='lat' dir='ltr'>sunt</span> <span class='ocrx_word' id='word_1_242' title='bbox 800 2368 1043 2406; x_wconf 85' lang='lat' dir='ltr'>saperent,quae</span> 
     </span>
     <span class='ocr_line' id='line_1_43' title="bbox 304 2416 1044 2460; baseline -0.003 -11"><span class='ocrx_word' id='word_1_243' title='bbox 304 2416 417 2450; x_wconf 81' lang='lat' dir='ltr'>Christi</span> <span class='ocrx_word' id='word_1_244' title='bbox 443 2422 515 2449; x_wconf 83' lang='lat' dir='ltr'>sunt</span> <span class='ocrx_word' id='word_1_245' title='bbox 539 2421 758 2460; x_wconf 81' lang='lat' dir='ltr'>operarentur,</span> <span class='ocrx_word' id='word_1_246' title='bbox 775 2427 810 2449; x_wconf 85' lang='lat' dir='ltr'>ac</span> <span class='ocrx_word' id='word_1_247' title='bbox 834 2416 961 2448; x_wconf 84' lang='lat' dir='ltr'>denium</span> <span class='ocrx_word' id='word_1_248' title='bbox 988 2426 1044 2458; x_wconf 81' lang='lat' dir='ltr'>per</span> 
     </span>
     <span class='ocr_line' id='line_1_44' title="bbox 305 2469 1045 2514; baseline -0.003 -12"><span class='ocrx_word' id='word_1_249' title='bbox 305 2470 436 2513; x_wconf 79' lang='lat' dir='ltr'>gratiam</span> <span class='ocrx_word' id='word_1_250' title='bbox 469 2470 604 2514; x_wconf 77' lang='lat' dir='ltr'>Spiritus</span> <span class='ocrx_word' id='word_1_251' title='bbox 636 2470 740 2503; x_wconf 83' lang='lat' dir='ltr'>Sancti</span> <span class='ocrx_word' id='word_1_252' title='bbox 773 2470 839 2502; x_wconf 88' lang='lat' dir='ltr'>cius</span> <span class='ocrx_word' id='word_1_253' title='bbox 864 2469 894 2501; x_wconf 89' lang='lat' dir='ltr'>in</span> <span class='ocrx_word' id='word_1_254' title='bbox 919 2474 1045 2501; x_wconf 83' lang='lat' dir='ltr'>aeterna</span> 
     </span>
     <span class='ocr_line' id='line_1_45' title="bbox 306 2522 1046 2567; baseline -0.003 -11"><span class='ocrx_word' id='word_1_255' title='bbox 306 2534 421 2566; x_wconf 85' lang='lat' dir='ltr'>pascua</span> <span class='ocrx_word' id='word_1_256' title='bbox 437 2524 659 2557; x_wconf 82' lang='lat' dir='ltr'>trasserrentur</span> <span class='ocrx_word' id='word_1_257' title='bbox 670 2524 690 2564; x_wconf 97' lang='lat'>¹,</span> <span class='ocrx_word' id='word_1_258' title='bbox 705 2523 830 2567; x_wconf 87' lang='lat' dir='ltr'>potandi</span> <span class='ocrx_word' id='word_1_259' title='bbox 851 2527 989 2555; x_wconf 85' lang='lat' dir='ltr'>torrente</span> <span class='ocrx_word' id='word_1_260' title='bbox 1004 2522 1046 2554; x_wconf 89' lang='lat' dir='ltr'>in—</span> 
     </span>
     <span class='ocr_line' id='line_1_46' title="bbox 306 2576 1045 2622; baseline -0.001 -13"><span class='ocrx_word' id='word_1_261' title='bbox 306 2578 456 2613; x_wconf 80' lang='lat' dir='ltr'>exhausto</span> <span class='ocrx_word' id='word_1_262' title='bbox 473 2579 641 2622; x_wconf 85' lang='lat' dir='ltr'>voluptatis</span> <span class='ocrx_word' id='word_1_263' title='bbox 654 2578 716 2611; x_wconf 91' lang='lat' dir='ltr'>Dei.</span> <span class='ocrx_word' id='word_1_264' title='bbox 731 2581 886 2617; x_wconf 85' lang='lat' dir='ltr'>Quantum</span> <span class='ocrx_word' id='word_1_265' title='bbox 906 2587 979 2609; x_wconf 89' lang='lat' dir='ltr'>vero</span> <span class='ocrx_word' id='word_1_266' title='bbox 998 2576 1045 2608; x_wconf 86' lang='lat' dir='ltr'>his</span> 
     </span>
    </p>
   </div>
   <div class='ocr_carea' id='block_1_6' title="bbox 344 2686 969 2722">
    <p class='ocr_par' dir='ltr' id='par_1_6' title="bbox 344 2686 969 2722">
     <span class='ocr_line' id='line_1_47' title="bbox 344 2686 969 2722; baseline -0.006 -8"><span class='ocrx_word' id='word_1_267' title='bbox 344 2688 354 2714; x_wconf 85' lang='lat'>1</span> <span class='ocrx_word' id='word_1_268' title='bbox 374 2686 443 2714; x_wconf 82' lang='lat' dir='ltr'>Edit.</span> <span class='ocrx_word' id='word_1_269' title='bbox 460 2686 538 2714; x_wconf 85' lang='lat' dir='ltr'>Main.</span> <span class='ocrx_word' id='word_1_270' title='bbox 555 2686 618 2722; x_wconf 83' lang='lat' dir='ltr'>legit</span> <span class='ocrx_word' id='word_1_271' title='bbox 638 2688 853 2720; x_wconf 71' lang='lat' dir='ltr'>transferentur</span> <span class='ocrx_word' id='word_1_272' title='bbox 866 2686 903 2719; x_wconf 81' lang='lat' dir='ltr'>(a.</span> <span class='ocrx_word' id='word_1_273' title='bbox 922 2686 969 2719; x_wconf 33' lang='lat' dir='ltr'>Tr).</span> 
     </span>
    </p>
   </div>
   <div class='ocr_carea' id='block_1_7' title="bbox 1052 358 1064 2362">
    <p class='ocr_par' dir='ltr' id='par_1_7' title="bbox 1052 358 1064 2362">
     <span class='ocr_line' id='line_1_48' title="bbox 1052 358 1064 2362; baseline 0 0"><span class='ocrx_word' id='word_1_274' title='bbox 1052 358 1064 2362; x_wconf 95' lang='lat' dir='ltr'> </span> 
     </span>
    </p>
   </div>
   <div class='ocr_carea' id='block_1_8' title="bbox 1713 270 1771 302">
    <p class='ocr_par' dir='ltr' id='par_1_8' title="bbox 1713 270 1771 302">
     <span class='ocr_line' id='line_1_49' title="bbox 1713 270 1771 302; baseline 0.034 -2"><span class='ocrx_word' id='word_1_275' title='bbox 1713 270 1771 302; x_wconf 74' lang='lat' dir='ltr'>tilll</span> 
     </span>
    </p>
   </div>
   <div class='ocr_carea' id='block_1_9' title="bbox 1070 381 1813 1119">
    <p class='ocr_par' dir='ltr' id='par_1_9' title="bbox 1070 381 1813 1119">
     <span class='ocr_line' id='line_1_50' title="bbox 1071 381 1806 424; baseline -0.003 -11"><span class='ocrx_word' id='word_1_276' title='bbox 1071 381 1146 414; x_wconf 92' lang='lat' dir='ltr'>tium</span> <span class='ocrx_word' id='word_1_277' title='bbox 1168 385 1195 413; x_wconf 77' lang='lat' dir='ltr'>et</span> <span class='ocrx_word' id='word_1_278' title='bbox 1215 381 1427 424; x_wconf 18' lang='lat' dir='ltr'>‹clispersarui&#39;n</span> <span class='ocrx_word' id='word_1_279' title='bbox 1452 381 1556 414; x_wconf 85' lang='lat' dir='ltr'>ovium</span> <span class='ocrx_word' id='word_1_280' title='bbox 1576 390 1736 419; x_wconf 47' lang='lat' dir='ltr'>numeru&amp;</span> <span class='ocrx_word' id='word_1_281' title='bbox 1754 381 1806 424; x_wconf 86' lang='lat' dir='ltr'>qui</span> 
     </span>
     <span class='ocr_line' id='line_1_51' title="bbox 1071 433 1807 474; baseline -0.001 -8"><span class='ocrx_word' id='word_1_282' title='bbox 1071 434 1239 467; x_wconf 58' lang='lat' dir='ltr'>{ecetesiam</span> <span class='ocrx_word' id='word_1_283' title='bbox 1255 439 1393 467; x_wconf 70' lang='lat' dir='ltr'>sanctam</span> <span class='ocrx_word' id='word_1_284' title='bbox 1409 434 1475 466; x_wconf 82' lang='lat' dir='ltr'>eius</span> <span class='ocrx_word' id='word_1_285' title='bbox 1489 434 1684 474; x_wconf 77' lang='lat' dir='ltr'>catholicam,</span> <span class='ocrx_word' id='word_1_286' title='bbox 1695 433 1807 466; x_wconf 80' lang='lat' dir='ltr'>Christi</span> 
     </span>
     <span class='ocr_line' id='line_1_52' title="bbox 1070 487 1806 530; baseline -0.004 -11"><span class='ocrx_word' id='word_1_287' title='bbox 1070 487 1160 527; x_wconf 83' lang='lat' dir='ltr'>ovile,</span> <span class='ocrx_word' id='word_1_288' title='bbox 1186 487 1231 519; x_wconf 89' lang='lat' dir='ltr'>vel</span> <span class='ocrx_word' id='word_1_289' title='bbox 1258 497 1418 530; x_wconf 88' lang='lat' dir='ltr'>nunquam</span> <span class='ocrx_word' id='word_1_290' title='bbox 1443 490 1668 529; x_wconf 71' lang='lat' dir='ltr'>cognoverunt,</span> <span class='ocrx_word' id='word_1_291' title='bbox 1690 487 1735 517; x_wconf 75' lang='lat' dir='ltr'>vel</span> <span class='ocrx_word' id='word_1_292' title='bbox 1755 495 1806 517; x_wconf 78' lang='lat' dir='ltr'>co-</span> 
     </span>
     <span class='ocr_line' id='line_1_53' title="bbox 1071 541 1810 583; baseline -0.001 -10"><span class='ocrx_word' id='word_1_293' title='bbox 1071 542 1189 583; x_wconf 71' lang='lat' dir='ltr'>gnitam</span> <span class='ocrx_word' id='word_1_294' title='bbox 1218 542 1347 574; x_wconf 75' lang='lat' dir='ltr'>Satanae</span> <span class='ocrx_word' id='word_1_295' title='bbox 1376 541 1456 574; x_wconf 84' lang='lat' dir='ltr'>dolis</span> <span class='ocrx_word' id='word_1_296' title='bbox 1486 541 1711 581; x_wconf 74' lang='lat' dir='ltr'>deseruerunt,</span> <span class='ocrx_word' id='word_1_297' title='bbox 1744 541 1810 572; x_wconf 84' lang='lat' dir='ltr'>sinc</span> 
     </span>
     <span class='ocr_line' id='line_1_54' title="bbox 1073 594 1808 639; baseline -0.001 -13"><span class='ocrx_word' id='word_1_298' title='bbox 1073 595 1217 639; x_wconf 55' lang='lat' dir='ltr'>lacrymis</span> <span class='ocrx_word' id='word_1_299' title='bbox 1258 595 1501 627; x_wconf 84' lang='lat' dir='ltr'>commemorari</span> <span class='ocrx_word' id='word_1_300' title='bbox 1543 605 1604 627; x_wconf 88' lang='lat' dir='ltr'>non</span> <span class='ocrx_word' id='word_1_301' title='bbox 1638 598 1748 638; x_wconf 70' lang='lat' dir='ltr'>potest.</span> <span class='ocrx_word' id='word_1_302' title='bbox 1780 594 1808 625; x_wconf 65' lang='lat' dir='ltr'>Si</span> 
     </span>
     <span class='ocr_line' id='line_1_55' title="bbox 1071 647 1810 680; baseline -0.001 -1"><span class='ocrx_word' id='word_1_303' title='bbox 1071 648 1154 679; x_wconf 76' lang='lat' dir='ltr'>enim</span> <span class='ocrx_word' id='word_1_304' title='bbox 1180 648 1293 680; x_wconf 80' lang='lat' dir='ltr'>mentis</span> <span class='ocrx_word' id='word_1_305' title='bbox 1318 653 1443 680; x_wconf 80' lang='lat' dir='ltr'>nostrae</span> <span class='ocrx_word' id='word_1_306' title='bbox 1473 648 1570 680; x_wconf 67' lang='lat' dir='ltr'>aciem</span> <span class='ocrx_word' id='word_1_307' title='bbox 1597 647 1810 680; x_wconf 66' lang='lat' dir='ltr'>convertimus</span> 
     </span>
     <span class='ocr_line' id='line_1_56' title="bbox 1071 701 1811 744; baseline -0.001 -11"><span class='ocrx_word' id='word_1_308' title='bbox 1071 701 1108 733; x_wconf 88' lang='lat' dir='ltr'>ad</span> <span class='ocrx_word' id='word_1_309' title='bbox 1135 701 1394 733; x_wconf 72' lang='lat' dir='ltr'>innumerabilem</span> <span class='ocrx_word' id='word_1_310' title='bbox 1427 702 1616 744; x_wconf 86' lang='lat' dir='ltr'>populorum</span> <span class='ocrx_word' id='word_1_311' title='bbox 1643 701 1811 733; x_wconf 88' lang='lat' dir='ltr'>multitudi-</span> 
     </span>
     <span class='ocr_line' id='line_1_57' title="bbox 1072 755 1812 797; baseline -0.001 -10"><span class='ocrx_word' id='word_1_312' title='bbox 1072 766 1154 795; x_wconf 86' lang='lat' dir='ltr'>nem,</span> <span class='ocrx_word' id='word_1_313' title='bbox 1180 755 1240 787; x_wconf 90' lang='lat' dir='ltr'>iam</span> <span class='ocrx_word' id='word_1_314' title='bbox 1268 760 1307 787; x_wconf 91' lang='lat' dir='ltr'>tot</span> <span class='ocrx_word' id='word_1_315' title='bbox 1335 755 1448 787; x_wconf 81' lang='lat' dir='ltr'>seculis</span> <span class='ocrx_word' id='word_1_316' title='bbox 1474 756 1689 797; x_wconf 73' lang='lat' dir='ltr'>Agarcnorum</span> <span class='ocrx_word' id='word_1_317' title='bbox 1716 755 1812 797; x_wconf 88' lang='lat' dir='ltr'>impu-</span> 
     </span>
     <span class='ocr_line' id='line_1_58' title="bbox 1073 806 1812 851; baseline -0.001 -11"><span class='ocrx_word' id='word_1_318' title='bbox 1073 809 1197 841; x_wconf 79' lang='lat' dir='ltr'>rissima</span> <span class='ocrx_word' id='word_1_319' title='bbox 1207 806 1361 841; x_wconf 69' lang='lat' dir='ltr'>dementia</span> <span class='ocrx_word' id='word_1_320' title='bbox 1372 813 1504 851; x_wconf 85' lang='lat' dir='ltr'>captam,</span> <span class='ocrx_word' id='word_1_321' title='bbox 1516 808 1676 851; x_wconf 80' lang='lat' dir='ltr'>insanique</span> <span class='ocrx_word' id='word_1_322' title='bbox 1694 809 1812 841; x_wconf 72' lang='lat' dir='ltr'>erroris</span> 
     </span>
     <span class='ocr_line' id='line_1_59' title="bbox 1072 861 1813 903; baseline -0.001 -9"><span class='ocrx_word' id='word_1_323' title='bbox 1072 872 1107 894; x_wconf 87' lang='lat' dir='ltr'>ac</span> <span class='ocrx_word' id='word_1_324' title='bbox 1129 861 1280 894; x_wconf 88' lang='lat' dir='ltr'>mendacii</span> <span class='ocrx_word' id='word_1_325' title='bbox 1298 861 1434 894; x_wconf 81' lang='lat' dir='ltr'>tenebris</span> <span class='ocrx_word' id='word_1_326' title='bbox 1458 862 1668 903; x_wconf 81' lang='lat' dir='ltr'>obcaecatam,</span> <span class='ocrx_word' id='word_1_327' title='bbox 1687 862 1813 893; x_wconf 69' lang='lat' dir='ltr'>misera-</span> 
     </span>
     <span class='ocr_line' id='line_1_60' title="bbox 1073 915 1813 954; baseline 0 -8"><span class='ocrx_word' id='word_1_328' title='bbox 1073 915 1155 948; x_wconf 87' lang='lat' dir='ltr'>tione</span> <span class='ocrx_word' id='word_1_329' title='bbox 1169 920 1409 947; x_wconf 74' lang='lat' dir='ltr'>commoventur</span> <span class='ocrx_word' id='word_1_330' title='bbox 1422 915 1540 947; x_wconf 78' lang='lat' dir='ltr'>viscera</span> <span class='ocrx_word' id='word_1_331' title='bbox 1554 920 1669 954; x_wconf 81' lang='lat' dir='ltr'>nostra,</span> <span class='ocrx_word' id='word_1_332' title='bbox 1686 925 1813 947; x_wconf 76' lang='lat' dir='ltr'>cerneu—</span> 
     </span>
     <span class='ocr_line' id='line_1_61' title="bbox 1074 968 1813 1009; baseline -0.003 -8"><span class='ocrx_word' id='word_1_333' title='bbox 1074 973 1128 1009; x_wconf 70' lang='lat' dir='ltr'>tes,</span> <span class='ocrx_word' id='word_1_334' title='bbox 1148 974 1208 1001; x_wconf 90' lang='lat' dir='ltr'>tam</span> <span class='ocrx_word' id='word_1_335' title='bbox 1231 969 1336 1001; x_wconf 78' lang='lat' dir='ltr'>multis</span> <span class='ocrx_word' id='word_1_336' title='bbox 1353 979 1388 1001; x_wconf 83' lang='lat' dir='ltr'>ac</span> <span class='ocrx_word' id='word_1_337' title='bbox 1409 969 1502 1001; x_wconf 81' lang='lat' dir='ltr'>variis</span> <span class='ocrx_word' id='word_1_338' title='bbox 1519 968 1704 1001; x_wconf 62' lang='lat' dir='ltr'>raetostilms</span> <span class='ocrx_word' id='word_1_339' title='bbox 1724 969 1813 1000; x_wconf 68' lang='lat' dir='ltr'>doni&lt;</span> 
     </span>
     <span class='ocr_line' id='line_1_62' title="bbox 1073 1021 1808 1065; baseline -0.003 -10"><span class='ocrx_word' id='word_1_340' title='bbox 1073 1022 1147 1055; x_wconf 91' lang='lat' dir='ltr'>olim</span> <span class='ocrx_word' id='word_1_341' title='bbox 1165 1023 1304 1055; x_wconf 82' lang='lat' dir='ltr'>celebres</span> <span class='ocrx_word' id='word_1_342' title='bbox 1322 1023 1463 1055; x_wconf 81' lang='lat' dir='ltr'>nationes</span> <span class='ocrx_word' id='word_1_343' title='bbox 1481 1033 1538 1065; x_wconf 88' lang='lat' dir='ltr'>per</span> <span class='ocrx_word' id='word_1_344' title='bbox 1562 1021 1755 1064; x_wconf 74' lang='lat' dir='ltr'>ignorantiae</span> <span class='ocrx_word' id='word_1_345' title='bbox 1780 1027 1808 1053; x_wconf 63' lang='lat' dir='ltr'>ot</span> 
     </span>
     <span class='ocr_line' id='line_1_63' title="bbox 1074 1075 1813 1119; baseline 0.001 -13"><span class='ocrx_word' id='word_1_346' title='bbox 1074 1076 1246 1119; x_wconf 80' lang='lat' dir='ltr'>pestilentis</span> <span class='ocrx_word' id='word_1_347' title='bbox 1263 1075 1474 1119; x_wconf 83' lang='lat' dir='ltr'>persuasionis</span> <span class='ocrx_word' id='word_1_348' title='bbox 1492 1080 1652 1118; x_wconf 79' lang='lat' dir='ltr'>stuporem</span> <span class='ocrx_word' id='word_1_349' title='bbox 1671 1075 1813 1107; x_wconf 90' lang='lat' dir='ltr'>humaui-</span> 
     </span>
    </p>
   </div>
   <div class='ocr_carea' id='block_1_10' title="bbox 1824 278 2007 305">
    <p class='ocr_par' dir='ltr' id='par_1_10' title="bbox 1824 278 2007 305">
     <span class='ocr_line' id='line_1_64' title="bbox 1824 278 2007 305; baseline 0 -1"><span class='ocrx_word' id='word_1_350' title='bbox 1824 279 1870 305; x_wconf 73' lang='lat' dir='ltr'>An.</span> <span class='ocrx_word' id='word_1_351' title='bbox 1889 278 1916 304; x_wconf 74' lang='grc' dir='ltr'>(ἶ,</span> <span class='ocrx_word' id='word_1_352' title='bbox 1938 278 2007 305; x_wconf 62' lang='grc'>1822</span> 
     </span>
    </p>
   </div>
   <div class='ocr_carea' id='block_1_11' title="bbox 1075 1129 1834 1165">
    <p class='ocr_par' dir='ltr' id='par_1_11' title="bbox 1075 1129 1834 1165">
     <span class='ocr_line' id='line_1_65' title="bbox 1075 1129 1834 1165; baseline 0.004 -5"><span class='ocrx_word' id='word_1_353' title='bbox 1075 1134 1167 1161; x_wconf 83' lang='lat' dir='ltr'>tatem</span> <span class='ocrx_word' id='word_1_354' title='bbox 1186 1129 1216 1161; x_wconf 89' lang='lat' dir='ltr'>in</span> <span class='ocrx_word' id='word_1_355' title='bbox 1234 1129 1404 1161; x_wconf 86' lang='lat' dir='ltr'>bestiarum</span> <span class='ocrx_word' id='word_1_356' title='bbox 1423 1134 1565 1161; x_wconf 89' lang='lat' dir='ltr'>naturam</span> <span class='ocrx_word' id='word_1_357' title='bbox 1586 1129 1648 1161; x_wconf 74' lang='lat' dir='ltr'>t&#39;cre</span> <span class='ocrx_word' id='word_1_358' title='bbox 1667 1134 1812 1165; x_wconf 69' lang='lat' dir='ltr'>mutasse,</span> <span class='ocrx_word' id='word_1_359' title='bbox 1829 1156 1834 1163; x_wconf 93' lang='lat'><em>.</em></span> 
     </span>
    </p>
   </div>
   <div class='ocr_carea' id='block_1_12' title="bbox 1073 1182 1819 2610">
    <p class='ocr_par' dir='ltr' id='par_1_12' title="bbox 1073 1182 1817 2027">
     <span class='ocr_line' id='line_1_66' title="bbox 1073 1182 1814 1225; baseline -0.001 -11"><span class='ocrx_word' id='word_1_360' title='bbox 1073 1187 1166 1225; x_wconf 90' lang='lat' dir='ltr'>atque</span> <span class='ocrx_word' id='word_1_361' title='bbox 1185 1182 1223 1214; x_wconf 89' lang='lat' dir='ltr'>ad</span> <span class='ocrx_word' id='word_1_362' title='bbox 1244 1188 1373 1215; x_wconf 85' lang='lat' dir='ltr'>aeterua</span> <span class='ocrx_word' id='word_1_363' title='bbox 1399 1182 1541 1215; x_wconf 88' lang='lat' dir='ltr'>incendia</span> <span class='ocrx_word' id='word_1_364' title='bbox 1565 1182 1692 1214; x_wconf 88' lang='lat' dir='ltr'>diabolo</span> <span class='ocrx_word' id='word_1_365' title='bbox 1713 1187 1741 1214; x_wconf 87' lang='lat' dir='ltr'>et</span> <span class='ocrx_word' id='word_1_366' title='bbox 1763 1193 1814 1214; x_wconf 90' lang='lat' dir='ltr'>au—</span> 
     </span>
     <span class='ocr_line' id='line_1_67' title="bbox 1074 1235 1810 1279; baseline -0.001 -12"><span class='ocrx_word' id='word_1_367' title='bbox 1074 1236 1152 1278; x_wconf 78' lang='lat' dir='ltr'>gelis</span> <span class='ocrx_word' id='word_1_368' title='bbox 1169 1236 1235 1268; x_wconf 84' lang='lat' dir='ltr'>eius</span> <span class='ocrx_word' id='word_1_369' title='bbox 1251 1241 1358 1278; x_wconf 87' lang='lat' dir='ltr'>parata</span> <span class='ocrx_word' id='word_1_370' title='bbox 1375 1236 1415 1268; x_wconf 90' lang='lat' dir='ltr'>ali</span> <span class='ocrx_word' id='word_1_371' title='bbox 1441 1246 1475 1268; x_wconf 72' lang='lat' dir='ltr'>ac</span> <span class='ocrx_word' id='word_1_372' title='bbox 1494 1235 1671 1279; x_wconf 76' lang='lat' dir='ltr'>propagari.</span> <span class='ocrx_word' id='word_1_373' title='bbox 1689 1235 1726 1267; x_wconf 83' lang='lat' dir='ltr'>Et</span> <span class='ocrx_word' id='word_1_374' title='bbox 1744 1235 1810 1266; x_wconf 74' lang='lat' dir='ltr'>licet</span> 
     </span>
     <span class='ocr_line' id='line_1_68' title="bbox 1075 1288 1815 1332; baseline -0.001 -12"><span class='ocrx_word' id='word_1_375' title='bbox 1075 1288 1156 1321; x_wconf 87' lang='lat' dir='ltr'>inter</span> <span class='ocrx_word' id='word_1_376' title='bbox 1180 1300 1232 1322; x_wconf 85' lang='lat' dir='ltr'>eas</span> <span class='ocrx_word' id='word_1_377' title='bbox 1256 1289 1377 1332; x_wconf 86' lang='lat' dir='ltr'>aliquae</span> <span class='ocrx_word' id='word_1_378' title='bbox 1402 1289 1461 1321; x_wconf 88' lang='lat' dir='ltr'>sint</span> <span class='ocrx_word' id='word_1_379' title='bbox 1488 1292 1606 1331; x_wconf 70' lang='lat' dir='ltr'>gentes,</span> <span class='ocrx_word' id='word_1_380' title='bbox 1628 1288 1657 1320; x_wconf 86' lang='lat' dir='ltr'>iu</span> <span class='ocrx_word' id='word_1_381' title='bbox 1676 1288 1815 1321; x_wconf 45' lang='lat' dir='ltr'>iustitis·</span> 
     </span>
     <span class='ocr_line' id='line_1_69' title="bbox 1074 1342 1813 1387; baseline 0 -12"><span class='ocrx_word' id='word_1_382' title='bbox 1074 1343 1232 1383; x_wconf 86' lang='lat' dir='ltr'>detentae,</span> <span class='ocrx_word' id='word_1_383' title='bbox 1261 1354 1341 1387; x_wconf 90' lang='lat' dir='ltr'>quae</span> <span class='ocrx_word' id='word_1_384' title='bbox 1365 1343 1478 1376; x_wconf 88' lang='lat' dir='ltr'>Christi</span> <span class='ocrx_word' id='word_1_385' title='bbox 1512 1352 1627 1375; x_wconf 85' lang='lat' dir='ltr'>nomeu</span> <span class='ocrx_word' id='word_1_386' title='bbox 1653 1342 1813 1375; x_wconf 74' lang='lat' dir='ltr'>invocant:</span> 
     </span>
     <span class='ocr_line' id='line_1_70' title="bbox 1075 1397 1815 1440; baseline -0.005 -11"><span class='ocrx_word' id='word_1_387' title='bbox 1075 1402 1177 1429; x_wconf 84' lang='lat' dir='ltr'>tamen</span> <span class='ocrx_word' id='word_1_388' title='bbox 1203 1397 1242 1429; x_wconf 90' lang='lat' dir='ltr'>ita</span> <span class='ocrx_word' id='word_1_389' title='bbox 1272 1397 1472 1440; x_wconf 87' lang='lat' dir='ltr'>antiquarum</span> <span class='ocrx_word' id='word_1_390' title='bbox 1504 1397 1669 1429; x_wconf 72' lang='lat' dir='ltr'>haeresum</span> <span class='ocrx_word' id='word_1_391' title='bbox 1698 1406 1815 1429; x_wconf 77' lang='lat' dir='ltr'>veneno</span> 
     </span>
     <span class='ocr_line' id='line_1_71' title="bbox 1075 1447 1814 1491; baseline 0 -12"><span class='ocrx_word' id='word_1_392' title='bbox 1075 1452 1145 1481; x_wconf 89' lang='lat' dir='ltr'>sunt</span> <span class='ocrx_word' id='word_1_393' title='bbox 1170 1448 1310 1487; x_wconf 77' lang='lat' dir='ltr'>infectae,</span> <span class='ocrx_word' id='word_1_394' title='bbox 1328 1453 1361 1480; x_wconf 89' lang='lat' dir='ltr'>ut</span> <span class='ocrx_word' id='word_1_395' title='bbox 1380 1448 1534 1480; x_wconf 85' lang='lat' dir='ltr'>sinceram</span> <span class='ocrx_word' id='word_1_396' title='bbox 1559 1447 1720 1480; x_wconf 86' lang='lat' dir='ltr'>veritatem</span> <span class='ocrx_word' id='word_1_397' title='bbox 1740 1458 1814 1491; x_wconf 62' lang='lat' dir='ltr'>pair</span> 
     </span>
     <span class='ocr_line' id='line_1_72' title="bbox 1075 1501 1816 1543; baseline -0.001 -10"><span class='ocrx_word' id='word_1_398' title='bbox 1075 1501 1218 1533; x_wconf 75' lang='lat' dir='ltr'>cissimae</span> <span class='ocrx_word' id='word_1_399' title='bbox 1234 1506 1415 1543; x_wconf 69' lang='lat' dir='ltr'>agnoscant,</span> <span class='ocrx_word' id='word_1_400' title='bbox 1430 1511 1465 1533; x_wconf 88' lang='lat' dir='ltr'>ac</span> <span class='ocrx_word' id='word_1_401' title='bbox 1483 1502 1544 1533; x_wconf 62' lang='lat' dir='ltr'>tifre</span> <span class='ocrx_word' id='word_1_402' title='bbox 1559 1511 1680 1540; x_wconf 82' lang='lat' dir='ltr'>omnes,</span> <span class='ocrx_word' id='word_1_403' title='bbox 1694 1501 1724 1532; x_wconf 89' lang='lat' dir='ltr'>iu</span> <span class='ocrx_word' id='word_1_404' title='bbox 1740 1501 1816 1533; x_wconf 90' lang='lat' dir='ltr'>mul-</span> 
     </span>
     <span class='ocr_line' id='line_1_73' title="bbox 1076 1554 1812 1597; baseline -0.001 -11"><span class='ocrx_word' id='word_1_405' title='bbox 1076 1554 1113 1587; x_wconf 82' lang='lat' dir='ltr'>tis</span> <span class='ocrx_word' id='word_1_406' title='bbox 1138 1555 1252 1587; x_wconf 89' lang='lat' dir='ltr'>nedum</span> <span class='ocrx_word' id='word_1_407' title='bbox 1279 1554 1308 1586; x_wconf 92' lang='lat' dir='ltr'>in</span> <span class='ocrx_word' id='word_1_408' title='bbox 1334 1565 1397 1587; x_wconf 90' lang='lat' dir='ltr'>uno</span> <span class='ocrx_word' id='word_1_409' title='bbox 1422 1559 1605 1597; x_wconf 81' lang='lat' dir='ltr'>peccantes,</span> <span class='ocrx_word' id='word_1_410' title='bbox 1635 1554 1731 1586; x_wconf 73' lang='lat' dir='ltr'>tactae</span> <span class='ocrx_word' id='word_1_411' title='bbox 1755 1554 1812 1586; x_wconf 84' lang='lat' dir='ltr'>sint</span> 
     </span>
     <span class='ocr_line' id='line_1_74' title="bbox 1074 1606 1815 1650; baseline -0.001 -10"><span class='ocrx_word' id='word_1_412' title='bbox 1074 1608 1214 1641; x_wconf 90' lang='lat' dir='ltr'>omnium</span> <span class='ocrx_word' id='word_1_413' title='bbox 1241 1617 1320 1640; x_wconf 89' lang='lat' dir='ltr'>reae.</span> <span class='ocrx_word' id='word_1_414' title='bbox 1347 1607 1403 1639; x_wconf 90' lang='lat' dir='ltr'>Ubi</span> <span class='ocrx_word' id='word_1_415' title='bbox 1431 1618 1515 1647; x_wconf 78' lang='lat' dir='ltr'>vcro,</span> <span class='ocrx_word' id='word_1_416' title='bbox 1541 1606 1676 1650; x_wconf 81' lang='lat' dir='ltr'>peccatis</span> <span class='ocrx_word' id='word_1_417' title='bbox 1700 1607 1815 1639; x_wconf 76' lang='lat' dir='ltr'>nostris</span> 
     </span>
     <span class='ocr_line' id='line_1_75' title="bbox 1075 1660 1814 1704; baseline -0.003 -11"><span class='ocrx_word' id='word_1_418' title='bbox 1075 1661 1268 1701; x_wconf 79' lang='lat' dir='ltr'>facientibus,</span> <span class='ocrx_word' id='word_1_419' title='bbox 1294 1661 1439 1693; x_wconf 79' lang='lat' dir='ltr'>inimicus</span> <span class='ocrx_word' id='word_1_420' title='bbox 1464 1661 1559 1693; x_wconf 89' lang='lat' dir='ltr'>homo</span> <span class='ocrx_word' id='word_1_421' title='bbox 1586 1660 1814 1704; x_wconf 82' lang='lat' dir='ltr'>superbonum</span> 
     </span>
     <span class='ocr_line' id='line_1_76' title="bbox 1075 1713 1817 1758; baseline -0.003 -11"><span class='ocrx_word' id='word_1_422' title='bbox 1075 1726 1180 1747; x_wconf 64' lang='lat' dir='ltr'>semen</span> <span class='ocrx_word' id='word_1_423' title='bbox 1198 1716 1228 1747; x_wconf 89' lang='lat' dir='ltr'>iu</span> <span class='ocrx_word' id='word_1_424' title='bbox 1243 1714 1552 1758; x_wconf 83' lang='lat' dir='ltr'>septemtrionalilnis</span> <span class='ocrx_word' id='word_1_425' title='bbox 1569 1713 1712 1757; x_wconf 85' lang='lat' dir='ltr'>partibus</span> <span class='ocrx_word' id='word_1_426' title='bbox 1728 1714 1817 1745; x_wconf 82' lang='lat' dir='ltr'>semi-</span> 
     </span>
     <span class='ocr_line' id='line_1_77' title="bbox 1075 1766 1813 1808; baseline -0.005 -8"><span class='ocrx_word' id='word_1_427' title='bbox 1075 1768 1159 1800; x_wconf 82' lang='lat' dir='ltr'>navit</span> <span class='ocrx_word' id='word_1_428' title='bbox 1182 1769 1346 1800; x_wconf 77' lang='lat' dir='ltr'>haeresum</span> <span class='ocrx_word' id='word_1_429' title='bbox 1374 1767 1499 1804; x_wconf 71' lang='lat' dir='ltr'>zizania,</span> <span class='ocrx_word' id='word_1_430' title='bbox 1522 1767 1562 1798; x_wconf 88' lang='lat' dir='ltr'>ita</span> <span class='ocrx_word' id='word_1_431' title='bbox 1579 1766 1646 1798; x_wconf 89' lang='lat' dir='ltr'>dira</span> <span class='ocrx_word' id='word_1_432' title='bbox 1671 1766 1813 1808; x_wconf 74' lang='lat' dir='ltr'>contagia</span> 
     </span>
     <span class='ocr_line' id='line_1_78' title="bbox 1075 1819 1816 1864; baseline -0.005 -10"><span class='ocrx_word' id='word_1_433' title='bbox 1075 1826 1214 1864; x_wconf 70' lang='lat' dir='ltr'>grassata</span> <span class='ocrx_word' id='word_1_434' title='bbox 1245 1826 1335 1860; x_wconf 81' lang='lat' dir='ltr'>sunt,</span> <span class='ocrx_word' id='word_1_435' title='bbox 1359 1826 1390 1853; x_wconf 86' lang='lat' dir='ltr'>ut</span> <span class='ocrx_word' id='word_1_436' title='bbox 1420 1821 1539 1852; x_wconf 78' lang='lat' dir='ltr'>animas</span> <span class='ocrx_word' id='word_1_437' title='bbox 1572 1819 1816 1852; x_wconf 78' lang='lat' dir='ltr'>innumerabiles</span> 
     </span>
     <span class='ocr_line' id='line_1_79' title="bbox 1077 1873 1814 1918; baseline -0.004 -11"><span class='ocrx_word' id='word_1_438' title='bbox 1077 1875 1191 1907; x_wconf 91' lang='lat' dir='ltr'>iamdiu</span> <span class='ocrx_word' id='word_1_439' title='bbox 1210 1875 1391 1918; x_wconf 76' lang='lat' dir='ltr'>perdiderit,</span> <span class='ocrx_word' id='word_1_440' title='bbox 1409 1884 1444 1907; x_wconf 90' lang='lat' dir='ltr'>ac</span> <span class='ocrx_word' id='word_1_441' title='bbox 1460 1873 1649 1917; x_wconf 74' lang='lat' dir='ltr'>provincias,</span> <span class='ocrx_word' id='word_1_442' title='bbox 1670 1879 1697 1905; x_wconf 87' lang='lat' dir='ltr'>et</span> <span class='ocrx_word' id='word_1_443' title='bbox 1719 1883 1814 1915; x_wconf 74' lang='lat' dir='ltr'>regua</span> 
     </span>
     <span class='ocr_line' id='line_1_80' title="bbox 1075 1928 1814 1972; baseline -0.007 -10"><span class='ocrx_word' id='word_1_444' title='bbox 1075 1930 1198 1962; x_wconf 83' lang='lat' dir='ltr'>Christo</span> <span class='ocrx_word' id='word_1_445' title='bbox 1212 1939 1269 1972; x_wconf 86' lang='lat' dir='ltr'>per</span> <span class='ocrx_word' id='word_1_446' title='bbox 1282 1939 1435 1961; x_wconf 88' lang='lat' dir='ltr'>summam</span> <span class='ocrx_word' id='word_1_447' title='bbox 1452 1928 1597 1960; x_wconf 90' lang='lat' dir='ltr'>iniuriam</span> <span class='ocrx_word' id='word_1_448' title='bbox 1613 1932 1729 1971; x_wconf 85' lang='lat' dir='ltr'>erepta,</span> <span class='ocrx_word' id='word_1_449' title='bbox 1742 1938 1814 1959; x_wconf 69' lang='lat' dir='ltr'>sum¹</span> 
     </span>
     <span class='ocr_line' id='line_1_81' title="bbox 1077 1983 1488 2027; baseline -0.002 -12"><span class='ocrx_word' id='word_1_450' title='bbox 1077 1983 1229 2027; x_wconf 52' lang='lat' dir='ltr'>tyrannidi</span> <span class='ocrx_word' id='word_1_451' title='bbox 1256 1983 1488 2026; x_wconf 75' lang='lat' dir='ltr'>mancipaverit.</span> 
     </span>
    </p>

    <p class='ocr_par' dir='ltr' id='par_1_13' title="bbox 1077 2035 1819 2610">
     <span class='ocr_line' id='line_1_82' title="bbox 1121 2035 1815 2079; baseline -0.003 -10"><span class='ocrx_word' id='word_1_452' title='bbox 1121 2038 1135 2079; x_wconf 61' lang='grc' dir='ltr'><strong>ξ</strong></span> <span class='ocrx_word' id='word_1_453' title='bbox 1156 2037 1184 2069; x_wconf 73' lang='lat' dir='ltr'>l.</span> <span class='ocrx_word' id='word_1_454' title='bbox 1209 2036 1431 2075; x_wconf 84' lang='lat' dir='ltr'>Quamobrem,</span> <span class='ocrx_word' id='word_1_455' title='bbox 1449 2036 1504 2068; x_wconf 84' lang='lat' dir='ltr'>etsi</span> <span class='ocrx_word' id='word_1_456' title='bbox 1523 2046 1539 2068; x_wconf 90' lang='lat' dir='ltr'>a</span> <span class='ocrx_word' id='word_1_457' title='bbox 1556 2036 1653 2068; x_wconf 76' lang='lat' dir='ltr'>felicis</span> <span class='ocrx_word' id='word_1_458' title='bbox 1671 2035 1815 2068; x_wconf 88' lang='lat' dir='ltr'>recorda-</span> 
     </span>
     <span class='ocr_line' id='line_1_83' title="bbox 1077 2089 1815 2132; baseline -0.005 -10"><span class='ocrx_word' id='word_1_459' title='bbox 1077 2090 1169 2122; x_wconf 74' lang='lat' dir='ltr'>tionis</span> <span class='ocrx_word' id='word_1_460' title='bbox 1194 2090 1341 2123; x_wconf 81' lang='lat' dir='ltr'>Romanis</span> <span class='ocrx_word' id='word_1_461' title='bbox 1366 2089 1568 2122; x_wconf 81' lang='lat' dir='ltr'>Pontificibus</span> <span class='ocrx_word' id='word_1_462' title='bbox 1597 2089 1815 2132; x_wconf 71' lang='lat' dir='ltr'>praedecesso-</span> 
     </span>
     <span class='ocr_line' id='line_1_84' title="bbox 1077 2142 1815 2186; baseline 0.001 -11"><span class='ocrx_word' id='word_1_463' title='bbox 1077 2144 1164 2175; x_wconf 84' lang='lat' dir='ltr'>ribus</span> <span class='ocrx_word' id='word_1_464' title='bbox 1197 2143 1328 2182; x_wconf 84' lang='lat' dir='ltr'>nostris,</span> <span class='ocrx_word' id='word_1_465' title='bbox 1354 2142 1501 2186; x_wconf 86' lang='lat' dir='ltr'>pastorali</span> <span class='ocrx_word' id='word_1_466' title='bbox 1536 2142 1714 2184; x_wconf 78' lang='lat' dir='ltr'>vigilantia,</span> <span class='ocrx_word' id='word_1_467' title='bbox 1740 2152 1815 2184; x_wconf 58' lang='lat' dir='ltr'>ope,</span> 
     </span>
     <span class='ocr_line' id='line_1_85' title="bbox 1077 2194 1816 2232; baseline -0.003 -5"><span class='ocrx_word' id='word_1_468' title='bbox 1077 2196 1179 2228; x_wconf 82' lang='lat' dir='ltr'>studio</span> <span class='ocrx_word' id='word_1_469' title='bbox 1204 2201 1234 2228; x_wconf 87' lang='lat' dir='ltr'>et</span> <span class='ocrx_word' id='word_1_470' title='bbox 1259 2195 1411 2227; x_wconf 77' lang='lat' dir='ltr'>industria</span> <span class='ocrx_word' id='word_1_471' title='bbox 1437 2195 1629 2227; x_wconf 87' lang='lat' dir='ltr'>elaboratum</span> <span class='ocrx_word' id='word_1_472' title='bbox 1656 2194 1760 2232; x_wconf 85' lang='lat' dir='ltr'>suerit,</span> <span class='ocrx_word' id='word_1_473' title='bbox 1780 2204 1816 2225; x_wconf 76' lang='lat' dir='ltr'>ue</span> 
     </span>
     <span class='ocr_line' id='line_1_86' title="bbox 1078 2247 1813 2290; baseline -0.005 -9"><span class='ocrx_word' id='word_1_474' title='bbox 1078 2254 1138 2281; x_wconf 92' lang='lat' dir='ltr'>tam</span> <span class='ocrx_word' id='word_1_475' title='bbox 1165 2249 1279 2281; x_wconf 88' lang='lat' dir='ltr'>nmltae</span> <span class='ocrx_word' id='word_1_476' title='bbox 1312 2248 1405 2280; x_wconf 81' lang='lat' dir='ltr'>messi</span> <span class='ocrx_word' id='word_1_477' title='bbox 1434 2248 1576 2280; x_wconf 80' lang='lat' dir='ltr'>deessent</span> <span class='ocrx_word' id='word_1_478' title='bbox 1607 2247 1762 2290; x_wconf 87' lang='lat' dir='ltr'>operarii,</span> <span class='ocrx_word' id='word_1_479' title='bbox 1788 2252 1813 2277; x_wconf 63' lang='lat' dir='ltr'>vt</span> 
     </span>
     <span class='ocr_line' id='line_1_87' title="bbox 1078 2300 1815 2345; baseline -0.004 -11"><span class='ocrx_word' id='word_1_480' title='bbox 1078 2302 1253 2345; x_wconf 76' lang='lat' dir='ltr'>negociatio</span> <span class='ocrx_word' id='word_1_481' title='bbox 1278 2302 1354 2333; x_wconf 75' lang='lat' dir='ltr'>haec</span> <span class='ocrx_word' id='word_1_482' title='bbox 1375 2306 1480 2333; x_wconf 85' lang='lat' dir='ltr'>sancta</span> <span class='ocrx_word' id='word_1_483' title='bbox 1505 2311 1567 2332; x_wconf 89' lang='lat' dir='ltr'>non</span> <span class='ocrx_word' id='word_1_484' title='bbox 1591 2300 1815 2342; x_wconf 56' lang='lat' dir='ltr'>negliget-cun:</span> 
     </span>
     <span class='ocr_line' id='line_1_88' title="bbox 1077 2352 1817 2395; baseline -0.005 -8"><span class='ocrx_word' id='word_1_485' title='bbox 1077 2355 1281 2387; x_wconf 85' lang='lat' dir='ltr'>nihilominus</span> <span class='ocrx_word' id='word_1_486' title='bbox 1294 2364 1361 2395; x_wconf 84' lang='lat' dir='ltr'>nos,</span> <span class='ocrx_word' id='word_1_487' title='bbox 1378 2359 1412 2386; x_wconf 92' lang='lat' dir='ltr'>ut</span> <span class='ocrx_word' id='word_1_488' title='bbox 1428 2354 1538 2386; x_wconf 88' lang='lat' dir='ltr'>maiori</span> <span class='ocrx_word' id='word_1_489' title='bbox 1559 2364 1630 2385; x_wconf 90' lang='lat' dir='ltr'>cum</span> <span class='ocrx_word' id='word_1_490' title='bbox 1648 2352 1817 2395; x_wconf 74' lang='lat' dir='ltr'>vigilantia,</span> 
     </span>
     <span class='ocr_line' id='line_1_89' title="bbox 1078 2406 1817 2450; baseline -0.004 -10"><span class='ocrx_word' id='word_1_491' title='bbox 1078 2410 1153 2440; x_wconf 80' lang='lat' dir='ltr'>cura</span> <span class='ocrx_word' id='word_1_492' title='bbox 1179 2413 1209 2441; x_wconf 86' lang='lat' dir='ltr'>et</span> <span class='ocrx_word' id='word_1_493' title='bbox 1229 2409 1351 2441; x_wconf 77' lang='lat' dir='ltr'>fervore</span> <span class='ocrx_word' id='word_1_494' title='bbox 1376 2418 1454 2450; x_wconf 87' lang='lat' dir='ltr'>opus</span> <span class='ocrx_word' id='word_1_495' title='bbox 1478 2406 1625 2450; x_wconf 80' lang='lat' dir='ltr'>prosequi</span> <span class='ocrx_word' id='word_1_496' title='bbox 1650 2406 1817 2449; x_wconf 71' lang='lat' dir='ltr'>possimus,</span> 
     </span>
     <span class='ocr_line' id='line_1_90' title="bbox 1078 2459 1818 2504; baseline -0.005 -11"><span class='ocrx_word' id='word_1_497' title='bbox 1078 2466 1108 2493; x_wconf 85' lang='lat' dir='ltr'>et</span> <span class='ocrx_word' id='word_1_498' title='bbox 1126 2461 1155 2493; x_wconf 92' lang='lat' dir='ltr'>in</span> <span class='ocrx_word' id='word_1_499' title='bbox 1173 2466 1332 2504; x_wconf 75' lang='lat' dir='ltr'>posterum</span> <span class='ocrx_word' id='word_1_500' title='bbox 1352 2470 1549 2493; x_wconf 83' lang='lat' dir='ltr'>successores</span> <span class='ocrx_word' id='word_1_501' title='bbox 1569 2459 1666 2491; x_wconf 87' lang='lat' dir='ltr'>nostri</span> <span class='ocrx_word' id='word_1_502' title='bbox 1687 2459 1818 2502; x_wconf 71' lang='lat' dir='ltr'>possint,</span> 
     </span>
     <span class='ocr_line' id='line_1_91' title="bbox 1079 2514 1819 2547; baseline -0.004 0"><span class='ocrx_word' id='word_1_503' title='bbox 1079 2515 1301 2547; x_wconf 86' lang='lat' dir='ltr'>nonnullorum</span> <span class='ocrx_word' id='word_1_504' title='bbox 1315 2514 1540 2547; x_wconf 75' lang='lat' dir='ltr'>venerabilium</span> <span class='ocrx_word' id='word_1_505' title='bbox 1554 2514 1609 2546; x_wconf 83' lang='lat' dir='ltr'>frat</span> <span class='ocrx_word' id='word_1_506' title='bbox 1617 2524 1686 2545; x_wconf 90' lang='lat' dir='ltr'>rum</span> <span class='ocrx_word' id='word_1_507' title='bbox 1699 2518 1819 2545; x_wconf 60' lang='lat' dir='ltr'>nostro&gt;</span> 
     </span>
     <span class='ocr_line' id='line_1_92' title="bbox 1079 2567 1819 2610; baseline -0.004 -9"><span class='ocrx_word' id='word_1_508' title='bbox 1079 2580 1148 2601; x_wconf 89' lang='lat' dir='ltr'>rum</span> <span class='ocrx_word' id='word_1_509' title='bbox 1164 2569 1192 2601; x_wconf 84' lang='lat' dir='ltr'>S.</span> <span class='ocrx_word' id='word_1_510' title='bbox 1212 2569 1244 2601; x_wconf 79' lang='lat' dir='ltr'>lt.</span> <span class='ocrx_word' id='word_1_511' title='bbox 1266 2569 1296 2600; x_wconf 76' lang='grc' dir='ltr'>Ε.</span> <span class='ocrx_word' id='word_1_512' title='bbox 1315 2568 1520 2601; x_wconf 88' lang='lat' dir='ltr'>cardinalium</span> <span class='ocrx_word' id='word_1_513' title='bbox 1539 2567 1690 2610; x_wconf 85' lang='lat' dir='ltr'>peculiari</span> <span class='ocrx_word' id='word_1_514' title='bbox 1708 2567 1819 2599; x_wconf 69' lang='lat' dir='ltr'>sollici-</span> 
     </span>
    </p>
   </div>
   <div class='ocr_carea' id='block_1_13' title="bbox 1113 2682 1732 2719">
    <p class='ocr_par' dir='ltr' id='par_1_14' title="bbox 1113 2682 1732 2719">
     <span class='ocr_line' id='line_1_93' title="bbox 1113 2682 1732 2719; baseline -0.006 -7"><span class='ocrx_word' id='word_1_515' title='bbox 1113 2685 1129 2711; x_wconf 71' lang='lat'>⁵2</span> <span class='ocrx_word' id='word_1_516' title='bbox 1145 2685 1244 2712; x_wconf 84' lang='lat' dir='ltr'>Forsan</span> <span class='ocrx_word' id='word_1_517' title='bbox 1259 2683 1402 2719; x_wconf 82' lang='lat' dir='ltr'>legendum</span> <span class='ocrx_word' id='word_1_518' title='bbox 1419 2684 1449 2709; x_wconf 82' lang='lat' dir='ltr'>in</span> <span class='ocrx_word' id='word_1_519' title='bbox 1467 2682 1614 2710; x_wconf 74' lang='lat' dir='ltr'>iniustitia</span> <span class='ocrx_word' id='word_1_520' title='bbox 1628 2682 1666 2716; x_wconf 78' lang='lat' dir='ltr'>(n.</span> <span class='ocrx_word' id='word_1_521' title='bbox 1685 2683 1732 2716; x_wconf 66' lang='lat' dir='ltr'>r).</span> 
     </span>
    </p>
   </div>
   <div class='ocr_carea' id='block_1_14' title="bbox 1831 2042 2014 2120">
    <p class='ocr_par' dir='ltr' id='par_1_15' title="bbox 1831 2042 2014 2120">
     <span class='ocr_line' id='line_1_94' title="bbox 1904 2042 2014 2067; baseline 0.009 -7"><span class='ocrx_word' id='word_1_522' title='bbox 1904 2042 2014 2067; x_wconf 53' lang='lat' dir='ltr'>Giwgnruix</span> 
     </span>
     <span class='ocr_line' id='line_1_95' title="bbox 1831 2069 2014 2092; baseline 0.005 -5"><span class='ocrx_word' id='word_1_523' title='bbox 1831 2072 1891 2092; x_wconf 51' lang='lat' dir='ltr'>emnil</span> <span class='ocrx_word' id='word_1_524' title='bbox 1925 2069 2014 2088; x_wconf 59' lang='lat' dir='ltr'>‹Loium-z-</span> 
     </span>
     <span class='ocr_line' id='line_1_96' title="bbox 1831 2099 2009 2120; baseline 0.006 -7"><span class='ocrx_word' id='word_1_525' title='bbox 1831 2099 1937 2120; x_wconf 34' lang='lat' dir='ltr'>glsinumu</span> <span class='ocrx_word' id='word_1_526' title='bbox 1962 2102 2009 2115; x_wconf 67' lang='lat' dir='ltr'>uon-</span> 
     </span>
    </p>
   </div>
   <div class='ocr_carea' id='block_1_15' title="bbox 1831 2123 2014 2168">
    <p class='ocr_par' dir='ltr' id='par_1_16' title="bbox 1831 2123 2014 2168">
     <span class='ocr_line' id='line_1_97' title="bbox 1831 2123 2014 2141; baseline -0.005 0"><span class='ocrx_word' id='word_1_527' title='bbox 1831 2123 1931 2141; x_wconf 65' lang='lat' dir='ltr'>nattum-1·</span> <span class='ocrx_word' id='word_1_528' title='bbox 1946 2123 2014 2141; x_wconf 61' lang='lat' dir='ltr'>vai-li-</span> 
     </span>
     <span class='ocr_line' id='line_1_98' title="bbox 1832 2149 1916 2168; baseline 0 -1"><span class='ocrx_word' id='word_1_529' title='bbox 1832 2149 1916 2168; x_wconf 79' lang='lat' dir='ltr'>nalulm.</span> 
     </span>
    </p>
   </div>
  </div>
 </body>
</html>
