2293 3231
278 259 329 286 An.
349 257 379 286 c.
398 257 464 286 ¹6¹2
515 247 574 281 146

480 305 607 350 ipsimet
631 304 713 349 parti
737 301 905 346 deponenti
924 301 954 333 iu
971 299 1065 333 causa
1083 310 1225 333 succum-

479 358 614 397 henfiae,
631 356 776 390 cessione
792 355 865 394 litis,
879 359 931 386 aut
945 353 1006 386 alio
1023 363 1225 397 quocumque

481 421 556 444 casu
580 410 611 443 in
636 419 699 453 quo
723 407 901 451 depositum
926 415 990 439 non
1014 405 1125 438 habeat
1151 405 1225 438 effe-

480 469 566 497 ctum
582 490 589 503 ‚
621 462 786 505 exigantur
817 459 975 492 bononem
1003 458 1225 503 quadraginta-

481 517 630 562 quinque,
649 520 676 548 et
695 524 757 547 non
777 513 869 546 ultra.

526 570 577 604 62.
604 570 663 602 Pro
695 567 839 611 deposito
870 566 1028 600 bonorum
1060 565 1225 600 mobilium

482 624 709 665 cuiuscumque
721 630 874 661 summae,
892 620 939 653 vel
955 619 1108 664 pecuniae
1127 629 1227 663 usque

482 676 521 709 ad
538 685 696 709 summam
709 679 873 707 scutorum
887 673 1027 717 quinque
1038 672 1070 705 in
1083 671 1228 705 manibus

482 728 607 769 notarii,
627 726 715 760 nihil.

528 780 579 814 63.
606 781 666 814 Pro
691 779 890 814 restitutione
914 778 1048 823 depositi
1065 787 1165 822 usque
1189 777 1228 810 ad

483 844 641 868 summam
667 839 832 866 scutorum
858 832 1014 876 quinque,
1041 832 1227 865 bononenus

483 899 565 923 unus
582 898 641 933 pro
657 886 798 932 quolibet
814 891 913 919 scuto.

528 941 580 975 64.
607 940 667 974 Pro
685 939 884 973 restitutione
902 949 975 972 vero
997 938 1162 971 mobilium
1179 949 1229 983 pe-

482 1006 539 1030 nes
559 1006 632 1029 eum
649 994 877 1039 depositorum,
902 993 1004 1036 exigat
1021 998 1053 1025 ut
1072 1003 1167 1036 supra
1186 993 1230 1025 di-

483 1056 568 1085 ctum
585 1055 632 1083 est
650 1060 708 1093 pro
728 1048 925 1082 restitutione
939 1047 1069 1080 cedulae
1084 1047 1227 1091 depositi.

528 1104 580 1137 65.
606 1103 667 1137 Pro
691 1102 830 1146 quolibet
857 1106 928 1134 actu
953 1110 1061 1134 coram
1087 1100 1231 1133 illustris-

483 1157 565 1190 simo
590 1155 719 1190 domino
739 1154 916 1188 camerario
932 1158 1064 1194 tantum,
1082 1153 1169 1186 nihil.

529 1208 581 1244 66.
607 1209 668 1242 Pro
693 1208 836 1241 examine
867 1207 994 1242 testium
1024 1217 1130 1240 eoram
1163 1207 1231 1239 illu-

484 1263 642 1298 strissimo
658 1262 786 1296 domino
803 1261 990 1302 camerario,
1003 1272 1076 1294 cum
1089 1261 1230 1295 articulis

485 1322 517 1351 et
536 1315 800 1360 interrogatoriis,
824 1314 983 1348 bononeni
1010 1314 1231 1358 trigintaquin-

486 1381 548 1416 que
564 1381 622 1416 pro
643 1370 781 1414 quolibet
800 1374 887 1402 teste.

529 1424 581 1458 67.
612 1425 714 1468 Super
746 1423 886 1456 materiis
917 1433 992 1456 vcro
1020 1422 1052 1455 in
1082 1422 1229 1456 citatione

485 1478 653 1523 expressis,
670 1477 765 1511 iulius
782 1487 873 1510 unus.

529 1530 581 1566 68.
605 1531 664 1564 Pro
690 1530 839 1564 mandato
870 1529 909 1563 de
940 1530 1080 1574 parendo
1106 1533 1230 1565 ‘senten-

486 1585 558 1626 tiae,
574 1585 620 1618 vel
639 1585 767 1618 decreto
784 1583 956 1624 definitivo,
973 1583 1039 1616 iulii
1058 1588 1131 1616 tres.

530 1638 582 1672 69.
608 1639 669 1672 Pro
693 1648 759 1671 non
783 1641 937 1682 qravelur
957 1643 1065 1670 coram
1087 1637 1230 1670 illustris-

486 1692 567 1725 simo
593 1691 722 1725 domino
754 1690 930 1724 camerario
960 1694 1103 1731 tantum,
1134 1690 1230 1724 iulius

486 1756 578 1779 unus.

532 1799 582 1834 70.
601 1799 767 1832 Extractus
777 1803 881 1831 autem
892 1798 981 1831 faciat
992 1797 1134 1831 notarius
1145 1798 1230 1831 iuxta

487 1854 621 1888 formam
647 1852 881 1886 reformationis
898 1852 1092 1886 Sanctissimi
1107 1852 1230 1886 Domini

487 1907 603 1948 Nostri,
625 1907 665 1940 ita
679 1911 712 1939 ut
729 1911 798 1939 acta
812 1906 842 1939 in
859 1916 897 1939 eo
910 1906 1129 1939 describantur
1138 1911 1233 1950 prout

489 1962 589 1994 iacent
612 1961 643 1994 in
668 1960 817 2001 manuali,
838 1970 896 1993 nec
920 1964 1104 2004 repetantur
1121 1960 1152 1992 in
1169 1971 1234 1993 om-

488 2015 540 2048 nia
563 2014 753 2057 dignitates,
788 2019 842 2046 aut
875 2013 954 2048 tituli
987 2013 1149 2054 iudicum,
1178 2025 1232 2046 seu

488 2069 626 2114 partium
659 2067 849 2110 litigantium
872 2094 879 2107 ‚
904 2071 958 2100 aut
990 2072 1232 2110 procuratorum

489 2121 751 2166 comparentium,
765 2121 813 2153 vel
830 2120 958 2160 similia;
973 2126 1004 2153 et
1020 2120 1144 2163 singula
1160 2121 1232 2154 folia

490 2175 669 2210 contineant
700 2175 731 2207 in
756 2174 895 2218 qualibet
919 2184 1030 2208 eorum
1054 2174 1170 2218 pagina
1194 2175 1232 2207 ad

490 2229 596 2262 minus
619 2228 717 2262 lineas
741 2227 999 2271 vigintiquatuor,
1025 2232 1054 2260 et
1078 2238 1233 2272 unaquae-

491 2293 552 2326 que
578 2282 658 2315 linea
683 2282 721 2314 ad
738 2282 843 2314 minus
860 2281 992 2326 syllabas
1011 2282 1189 2322 duodecim,
1203 2288 1230 2315 et

491 2336 669 2369 scribantur
693 2335 796 2368 littera
821 2335 904 2368 bona
927 2340 958 2368 et
982 2335 1180 2378 intelligibili,
1203 2341 1231 2368 et

491 2390 669 2422 nullatenus
693 2388 724 2421 in
748 2391 834 2422 carta
851 2388 978 2429 bibula,
998 2394 1025 2422 et
1050 2389 1127 2421 alias
1148 2389 1233 2421 iuxta

491 2444 625 2476 formam
643 2442 744 2476 dictae
755 2442 997 2483 reformationis,
1011 2442 1149 2486 alioquin
1165 2453 1234 2486 par-

493 2499 538 2529 les
562 2495 599 2527 ad
624 2506 733 2528 earnm
758 2496 946 2529 solutionem
971 2505 1034 2528 non
1054 2501 1232 2533 teneantur;

493 2554 523 2582 et
539 2553 658 2582 servata
678 2550 778 2582 forma
795 2550 953 2593 praedicta
968 2550 1078 2582 habeat
1093 2551 1234 2583 notarius

492 2612 550 2646 pro
574 2602 706 2644 singulis
720 2603 801 2636 foliis
817 2603 1000 2636 bononenos
1024 2609 1143 2647 septem
1161 2615 1232 2638 eum

493 2655 633 2688 dimidio.

1065 252 1243 277 mmmmm
1268 250 1422 276 ROMAM’M

1303 298 1353 332 7vt.
1380 299 1441 332 Pro
1465 299 1556 343 eopia
1569 298 1704 344 simplici
1720 298 1800 332 bene
1813 297 1933 343 scripta
1948 297 1999 331 ad-

1258 353 1357 386 instar
1380 352 1455 385 honi
1481 352 1654 396 originalis,
1677 362 1735 397 pro
1759 351 1901 396 quolibet
1924 351 2000 385 folio

1258 406 1442 442 bononenos
1466 416 1529 439 sex.

1304 459 1354 492 72.
1380 459 1442 493 Pro
1466 458 1658 492 extu-actibus
1690 463 1717 491 et
1747 458 2000 502 quibuscumque

1259 512 1328 545 aliis
1352 511 1534 556 scripturis,
1559 516 1589 544 et
1613 510 1691 544 actis
1709 510 1923 552 conficiendis,
1941 520 2000 555 pro

1259 566 1364 599 officio
1380 565 1469 606 nihil,
1485 575 1543 599 nec
1563 565 1656 598 etiam
1673 574 1732 609 pro
1750 564 1862 607 sigillo.

1306 619 1356 653 73.
1383 619 1443 653 Pro
1459 619 1600 653 cessione
1613 618 1686 659 litis,
1705 618 1797 651 iulios
1815 622 1889 651 tres.

1307 673 1356 707 74.
1384 673 1417 706 In
1445 672 1574 716 reliquis
1603 671 1745 705 notarius
1774 674 1877 705 servet
1899 675 2002 704 taxam

1262 726 1466 759 novissimam
1504 725 1636 759 notariis
1671 724 1777 758 curiae
1810 723 2002 768 Capitolinae

1262 779 1502 824 praescriptam,
1520 788 1614 822 quam
1633 778 1664 810 in
1681 777 1748 810 eius
1765 776 1870 811 officio
1886 776 1918 810 in
1932 786 2004 821 pro-

1262 832 1369 876 patulo
1384 841 1555 876 appensam
1572 831 1665 864 simul
1683 840 1756 864 cum
1773 830 1832 863 ista
1847 833 2002 874 perpetuo

1262 886 1398 919 retinere
1421 885 1543 918 debeat.

1307 939 1357 973 75.
1385 939 1471 973 Ultra
1501 939 1676 983 praemissa
1699 948 1763 972 non
1787 937 1892 981 exigat
1914 942 2002 971 nota-

1262 993 1339 1030 rius,
1358 1003 1414 1026 nec
1435 993 1502 1025 eius
1526 992 1714 1025 substitutus
1729 990 1858 1035 aliquid,
1875 990 1969 1024 etiam
1985 999 2002 1023 a

1263 1052 1375 1091 sponte
1392 1047 1550 1087 dantibus,
1567 1047 1625 1079 sul)
1642 1047 1744 1090 poena
1760 1044 1945 1089 privationis
1961 1044 2005 1078 of-

1264 1101 1336 1142 ficii,
1362 1106 1388 1133 et
1415 1101 1484 1133 aliis
1508 1100 1629 1145 poenis,
1654 1100 1692 1133 dc
1717 1099 1833 1144 quihus
1858 1099 1888 1132 in
1913 1108 2006 1142 gene-

1264 1154 1320 1187 rali
1346 1154 1571 1188 reformatione
1595 1153 1790 1188 Sanc-tissimi
1806 1151 1932 1186 Domini
1948 1151 2006 1186 No-

1264 1209 1330 1242 stri.

1590 1280 1605 1324 §
1629 1280 1677 1314 lx.

1268 1353 1358 1386 Taoea
1374 1352 1500 1385 notarii
1524 1355 1553 1385 et
1577 1351 1723 1385 aliorum
1741 1350 1937 1395 officialium
1952 1350 2007 1385 Ri-

1305 1416 1384 1449 pac,
1416 1404 1577 1438 servanda
1596 1405 1696 1438 etiam
1724 1415 1834 1438 coram
1856 1404 2006 1449 praeside

1307 1460 1344 1492 in
1371 1469 1578 1503 quacumque
1602 1457 1797 1492 instantiffl.

1306 1531 1335 1564 ¹l.
1354 1531 1414 1564 Per
1434 1530 1641 1577 qualsivoglia
1658 1529 1813 1575 petizione
1829 1541 1848 1564 o
1864 1534 1939 1572 atto,
1955 1529 2007 1564 ba—

1262 1585 1350 1618 ioevo
1374 1594 1447 1617 uno.

1306 1638 1336 1671 2.
1362 1630 1654 1681 Por'quatsivogtia
1682 1636 1821 1677 decreto,
1854 1636 1912 1670 che
1942 1646 2005 1671 non

1262 1691 1370 1724 tinisca
1395 1691 1425 1724 la
1448 1701 1552 1729 causa,
1577 1689 1707 1723 haioceo
1732 1700 1805 1723 uno.
2026 1680 2034 1688 ’

1306 1745 1336 1778 3.
1354 1745 1414 1778 Per
1427 1754 1533 1778 esame
1546 1743 1621 1777 d'un
1635 1743 1829 1785 testimonio,
1846 1743 1926 1778 dove
1942 1753 2006 1779 non

1263 1799 1351 1832 siano
1375 1798 1510 1839 articoli‚
1534 1797 1678 1831 haioeclii
1703 1803 1760 1831 tre.

1308 1852 1337 1885 4.
1353 1852 1412 1885 Per
1425 1861 1530 1885 esame
1543 1851 1618 1884 d'un
1635 1851 1816 1885 testimonio
1829 1850 1910 1885 dove
1919 1851 2008 1886 siano

1264 1905 1386 1939 articoli
1411 1905 1449 1938 ed
1474 1904 1736 1949 interrog-azioni,
1760 1904 1905 1938 baiocchi
1929 1909 2007 1938 sette

1265 1970 1282 1993 e
1307 1970 1422 1993 mezzo.

1311 2012 1339 2045 5.
1364 2013 1423 2045 Per
1439 2012 1467 2044 la
1484 2011 1679 2056 produzionc
1695 2011 1726 2044 di
1742 2011 1950 2056 qualsivoglia
1965 2010 2009 2045 in-

1266 2071 1442 2100 strumento
1466 2076 1485 2099 o
1509 2065 1637 2109 polizza,
1662 2065 1806 2098 baiocclii
1829 2065 1899 2099 due.

1310 2120 1339 2153 6.
1365 2120 1424 2153 Per
1447 2119 1654 2163 qualsivoglia
1679 2119 1807 2153 decreto
1835 2119 2006 2160 definitivo,

1265 2175 1345 2208 dore
1368 2184 1430 2207 non
1455 2173 1628 2207 interviene
1652 2173 1762 2207 cedula
1786 2172 1817 2206 di
1843 2178 2006 2215 semema,

1265 2228 1407 2262 baiocchi
1433 2233 1489 2261 tre.

1310 2283 1337 2316 7.
1363 2282 1421 2314 Per
1445 2281 1549 2325 rogito
1573 2281 1604 2314 di
1629 2280 1838 2325 qualsivoglia
1860 2285 2007 2315 semenza

1264 2336 1335 2369 data
1359 2325 1400 2369 iii
1419 2336 1551 2379 scriptis
1572 2335 1602 2368 in
1627 2344 1721 2369 causa
1744 2333 1845 2375 civile,
1863 2334 2007 2369 baioechi

1265 2395 1343 2423 sette
1367 2401 1384 2423 e
1408 2400 1523 2423 mezzo.

1310 2443 1338 2475 8.
1358 2443 1416 2476 Per
1432 2442 1637 2487 qualsivoglia
1655 2446 1799 2475 sentenza
1818 2441 2006 2476 assolutoria

1265 2497 1296 2529 in
1320 2507 1413 2529 causa
1438 2496 1601 2529 criminale
1625 2495 1696 2528 data
1720 2495 1757 2528 in
1780 2496 1930 2540 scriptis,
1955 2495 2008 2529 ba-

1266 2551 1367 2584 iocelii
1390 2555 1468 2583 sette
1491 2560 1508 2582 e
1533 2559 1646 2582 mezzo.

1307 2627 1312 2646 i
1339 2621 1500 2648 Resormatio
1521 2619 1611 2647 curiae
1629 2619 1709 2656 Ripae
1729 2624 1769 2647 est
1789 2628 1872 2656 supra
1891 2620 1918 2648 in
1937 2620 2006 2649 Con-

1266 2667 1406 2694 stitutione
1422 2674 1510 2702 praec.
1528 2665 1542 2701 ς
1557 2673 1592 2693 11.

2010 250 2064 278 An.
2081 249 2111 278 c.
2127 247 2247 282 1⁸¹2v

2047 1539 2116 1561 Tusa
2149 1544 2172 1561 ei·
2189 1537 2205 1561 ti

2019 1566 2089 1588 notari
2103 1566 2126 1588 di
