2293 3231
222 281 271 306 Λη.
292 278 320 304 C.
346 278 411 305 toll

255 974 335 994 munao
346 979 370 993 ea
382 978 413 993 re-

230 1008 240 1020 ιι
253 1001 328 1020 ιηιμῐι.

265 1991 348 2012 ΗΜΛ..
361 2007 366 2014 ,

457 268 520 303 -242

423 331 450 358 et
470 324 708 357 annullaiimus.
723 333 756 354 ac
775 322 891 353 nullius
908 320 1031 353 roboris
1050 324 1079 353 ct
1101 329 1164 353 mo—

424 377 519 410 menti
541 387 608 408 csse
640 382 666 407 et
697 377 772 410 sor-f,
803 374 991 416 irritumque
1019 379 1045 405 et
1074 372 1164 405 inane

423 429 574 474 quidquid
590 439 679 459 <ecus
693 438 786 470 super
807 427 855 458 liis
872 437 889 458 a
905 436 1076 469 quoquam,
1093 436 1166 469 qua-

426 495 436 514 x
446 483 469 514 is
479 482 673 515 auctoritate„
684 480 818 511 scienter
829 479 875 510 x'el
890 479 1082 520 ignoranter,
1095 488 1166 511 con-

427 534 528 577 tigerit
554 533 708 567 attentari.
730 532 927 564 (lecrevimus
945 536 971 563 et
999 531 1166 564 declaravi-

425 599 505 623 mus,
519 594 545 618 vi
565 586 640 618 :ilias
656 590 745 629 prout
763 586 792 617 in
809 585 882 618 dicti
895 584 1064 617 Clementis
1081 595 1167 628 prae-

425 639 600 672 decessoris
625 638 682 671 sub
707 638 758 670 die
785 648 862 670 xxtn
881 638 1060 670 decembris
1078 647 1139 671 mic.
1158 637 1165 654 ¹

425 698 453 724 vt
472 692 587 725 nostris
606 691 662 723 sul·
679 691 729 723 die
753 701 806 724 xxi
825 691 897 723 maii
917 701 1013 724 nncxt
1032 691 1167 734 desuper

427 746 456 777 in
483 743 663 777 huiusmodi
691 746 790 776 t'orina
816 744 922 776 Brevis
946 743 1098 787 expeditis
1124 744 1168 777 lil-

427 799 516 834 teris,
545 808 679 841 quarum
714 803 839 831 tenores
867 797 1085 841 praesentibus
1110 808 1167 841 pro

426 851 583 894 expressis
608 851 716 883 baberi
743 851 897 887 volumus,
926 851 1048 893 plenius
1073 850 1169 883 conti-

426 910 526 936 netur.

472 957 534 999 3¹3.
560 957 636 990 Cum
662 962 778 995 autem,
799 957 876 988 sicut
903 966 965 989 non
990 956 1056 989 sine
1081 957 1169 999 gravi

428 1011 522 1044 animi
549 1010 648 1043 nostri
675 1010 816 1043 molestia
849 1010 943 1042 ctiam
969 1010 1169 1053 accepinms,

428 1065 569 1098 nonnulli
601 1069 708 1097 contra
739 1063 970 1107 praedictarmn
1003 1063 1171 1095 Clementis

428 1117 681 1162 praedecessoris
716 1122 743 1148 et
782 1121 961 1149 nostrarum
995 1116 1170 1148 litterarum

428 1171 667 1216 prohibitiones,
687 1170 841 1209 mandata,
866 1170 1002 1205 decreta.
1020 1175 1047 1202 et
1073 1170 1171 1202 decla-

430 1226 580 1264 rationes,
607 1230 632 1257 et
649 1224 736 1264 ‚alias
761 1224 791 1256 in
822 1234 918 1267 grave
942 1223 1170 1267 praeiudicium

431 1278 546 1310 iurium
583 1283 611 1309 et
647 1277 843 1310 auctoritatis
879 1277 1108 1310 ecclesiasticae
1136 1288 1171 1309 ae

430 1331 512 1364 sedis
529 1337 556 1363 ct
576 1331 726 1364 ecclesiae
743 1330 975 1374 praedictarum
993 1331 1053 1362 alia
1077 1326 1173 1363 atten-

431 1386 561 1418 taverint
587 1389 615 1418 et
642 1385 880 1424 innovat-erint,
905 1394 973 1424 nos,
998 1384 1051 1427 qui
1077 1395 1172 1427 super

430 1439 592 1472 universas
617 1438 766 1471 ecclesias
790 1449 807 1470 a
832 1438 975 1478 Domino,
992 1438 1086 1470 nullis
1103 1448 1172 1471 nos-

430 1493 487 1525 tris
508 1491 638 1531 meritis
656 1491 815 1524 constituti
841 1501 960 1531 sumus,
978 1490 1111 1523 sollicite
1128 1491 1172 1523 la-

430 1545 589 1585 borantes,
607 1555 644 1578 ne
669 1544 835 1588 pastoralis
848 1544 942 1577 officii
957 1544 1171 1588 praetermissi

431 1599 520 1638 ratio,
539 1599 568 1631 in
589 1598 733 1632 districto
750 1598 803 1631 Dei
829 1598 955 1638 iudicio,
972 1608 989 1630 a
1006 1598 1096 1631 nobis
1113 1598 1174 1631 exi-

431 1657 540 1694 gatur,
569 1662 627 1695 pro
652 1651 862 1685 incumbentis
887 1651 977 1684 nobis
1001 1651 1096 1684 officii
1121 1652 1174 1684 liu-

432 1704 567 1738 iusmodi
585 1705 690 1738 debito
705 1704 776 1745 (sub
791 1704 931 1736 ciusdem
949 1704 1173 1748 omnipotentis

432 1759 485 1791 Dei
508 1764 535 1791 et
559 1758 682 1791 Domini
707 1757 807 1790 nostri
832 1757 930 1790 nostri
956 1757 1024 1790 lesu
1048 1757 1173 1798 Christi,

433 1812 486 1856 qui
512 1816 661 1845 venturus
685 1817 730 1844 est
756 1811 895 1844 iudicare
924 1811 1010 1844 vivos
1034 1816 1062 1844 et
1089 1822 1174 1845 mor-

434 1870 514 1905 tuos,
539 1876 574 1898 ac
598 1865 764 1898 beatorum
796 1865 1012 1909 apostolorum
1038 1865 1120 1897 Petri
1145 1870 1174 1897 et

436 1919 520 1952 Pauli
539 1924 568 1952 et
593 1925 718 1952 nostrae
747 1919 971 1962 indignationis
988 1929 1110 1952 necnon
1127 1929 1177 1951 ex-

436 1973 728 2006 communicationis
764 1973 832 2016 ipso
866 1973 948 2006 sacto
976 1971 1176 2005 incurrendis

435 2025 555 2068 poenis,
581 2036 596 2057 a
622 2025 737 2069 quibus
762 2025 886 2058 nonnisi
911 2036 927 2057 a
945 2025 1034 2058 nobis
1052 2029 1080 2057 et
1097 2024 1176 2058 Sede

436 2078 606 2122 praedicta,
624 2084 845 2122 praeterquam
867 2078 897 2110 in
915 2078 1026 2111 mortis
1043 2078 1176 2111 articulo

437 2132 635 2171 constitutus,
653 2132 820 2176 quisquam
840 2131 958 2164 absolvi
984 2131 1091 2175 possit,
1108 2142 1176 2164 orn-

438 2183 528 2216 nibus
553 2188 581 2217 et
606 2185 739 2227 singulis
762 2185 907 2228 personis
932 2185 961 2217 in
987 2184 1099 2218 litteris
1115 2185 1179 2218 Cle-

437 2238 551 2271 mentis
564 2238 815 2282 praedecessoris
829 2243 855 2271 et
881 2239 997 2272 nostris
1010 2238 1178 2282 praedictis

438 2292 671 2335 quomodolibet
697 2292 944 2336 comprehensis,
968 2297 1076 2325 tenore
1093 2303 1179 2336 prae-

438 2345 572 2377 sentium
591 2371 598 2385 ,
632 2345 744 2377 iterum
781 2345 921 2378 districte
947 2345 1179 2389 lpraeeipiendo

440 2398 632 2439 mandantes,
658 2408 695 2431 ne
719 2409 830 2432 eorum
855 2399 1023 2443 quisquam
1048 2409 1104 2442 per
1129 2410 1178 2439 se,

441 2452 486 2483 vel
512 2451 617 2492 alium,
635 2462 690 2485 seu
706 2452 783 2485 alios
800 2452 858 2485 sub
875 2463 1076 2496 quocumque
1093 2462 1180 2496 prae-

442 2507 536 2542 textu,
565 2511 614 2537 aut
645 2506 761 2546 colore,
790 2506 907 2538 directe
933 2507 979 2539 vel
1006 2505 1179 2546 indirecte,

443 2562 492 2588 aut
511 2558 585 2590 alias
601 2559 898 2603 quomodocumque
919 2563 1026 2593 contra
1043 2559 1181 2593 Clemen-

482 2629 490 2654 t
507 2628 589 2655 Clem.
602 2629 656 2656 t'tlt
668 2630 770 2658 litteras
782 2629 866 2658 habes
877 2631 903 2658 in
913 2634 978 2658 tom.
991 2637 1036 2664 ΧΧ,
1049 2631 1180 2667 pag.633‚;

445 2671 510 2700 allas
527 2672 599 2700 Pauli
616 2673 634 2699 V
651 2674 675 2699 in
692 2678 754 2702 tom.
773 2681 810 2710 xi,
827 2683 887 2711 pag.
904 2675 957 2703 670
971 2676 1009 2709 (n.
1025 2676 1073 2708 τ.).

1001 272 1179 298 BtLLAva
1203 271 1357 298 nomnen

1198 320 1236 352 tis
1261 319 1512 363 praedecessoris
1544 326 1573 353 et
1602 327 1783 354 nostrarum
1821 321 1938 354 littera-

1199 383 1267 405 rum
1294 372 1476 405 huiusmodi
1493 373 1681 416 apostolicas
1700 373 1938 418 prohibitiones.

1200 425 1353 465 mandata,
1371 425 1496 459 decreta
1522 431 1551 458 et
1568 425 1806 467 declarationes,
1822 431 1875 459 aut
1893 436 1941 459 ea-

1199 478 1343 511 rumdem
1375 477 1552 511 litterarum
1586 483 1750 520 tenorem,
1775 489 1829 512 seu
1865 478 1940 511 alias

1199 531 1417 564 auctoritatem
1432 531 1686 572 ecelesiasticam,
1699 542 1736 565 ae
1749 531 1836 566 Sedis
1848 533 1941 576 Apos-

1200 584 1311 617 tolicae
1340 590 1367 617 et
1394 584 1546 617 ecclesiae
1571 584 1750 619 Cenetensis
1775 585 1843 618 iura
1868 595 1942 628 quo-

1200 637 1368 671 modolibet
1408 637 1438 670 in
1477 637 1672 670 auctoritatis
1703 637 1880 681 praedictae
1913 643 1939 671 et

1201 691 1384 723 carumdem
1410 690 1491 723 sedis
1523 695 1551 724 et
1577 690 1727 724 ecclesiae
1763 691 1942 724 Genetensis

1201 744 1317 776 iurium
1336 743 1564 786 praeiudicium
1590 743 1761 786 quidquam
1779 748 1942 778 attentare.

1201 801 1251 828 aut
1268 796 1428 833 innovare,
1442 806 1497 828 seu
1507 795 1817 839 quomodocumque,
1831 799 1859 830 et
1872 806 1944 840 qua-

1203 849 1410 893 litercumque
1437 850 1538 882 t'aeere
1563 850 1767 893 praesumat),
1791 848 1944 894 quidquid

1203 903 1364 939 hactenus.
1390 908 1454 935 tam
1479 907 1548 946 post
1573 902 1741 935 Clementis
1765 902 1946 946 praedeces-

1203 955 1302 996 soris,
1333 966 1427 999 quam
1458 961 1582 988 nostras
1615 955 1734 988 litteras
1759 955 1944 999 praedictas,

1204 1013 1312 1043 contra
1337 1009 1477 1042 eiusdem
1502 1010 1669 1043 Clementis
1704 1015 1732 1042 et
1769 1009 1944 1043 litterarum

1205 1068 1385 1095 nostrarum
1411 1063 1591 1096 huiusmodi
1622 1063 1811 1107 apostolicas
1842 1063 1947 1107 prohi—

1205 1116 1349 1155 bitiones,
1364 1117 1520 1158 mandata,
1529 1117 1656 1150 decreta
1668 1121 1697 1151 et
1708 1117 1946 1153 declarationes.

1205 1175 1257 1203 aut
1293 1170 1476 1203 earumdem
1509 1170 1685 1203 litterarum
1723 1174 1865 1211 tenores,
1892 1181 1946 1204 seu

1205 1223 1280 1255 alias
1306 1229 1415 1256 contra
1447 1223 1665 1258 auctoritatem
1691 1223 1947 1264 ecclesiasticam,

1205 1281 1233 1311 et
1259 1277 1346 1311 Sedis
1363 1277 1571 1321 Apostolicao,
1589 1282 1616 1310 et
1636 1277 1786 1310 ecclesiae.
1802 1277 1948 1311 Ceneten-

1206 1331 1247 1363 sis
1261 1330 1442 1364 huiusmodi
1457 1330 1524 1363 iura
1539 1334 1735 1371 attentatum,
1753 1331 1947 1371 innovatum,

1205 1389 1256 1417 aut
1282 1384 1519 1427 quomodolibet
1545 1385 1660 1417 sacttnn
1685 1389 1742 1424 est,
1759 1388 1812 1418 aut
1834 1384 1949 1428 impos-

1207 1443 1309 1471 terum
1334 1437 1548 1478 attentabitur,
1573 1443 1625 1470 aut
1651 1438 1872 1479 innovabitur,
1896 1443 1948 1472 aut

1206 1492 1269 1532 liet,
1293 1491 1412 1524 directe
1438 1492 1485 1524 vel
1510 1492 1673 1533 indirecte,
1697 1491 1775 1525 illud
1791 1502 1827 1525 ac
1844 1492 1950 1526 omnia

1207 1550 1234 1577 et
1262 1545 1385 1587 singula
1403 1544 1474 1578 inde
1498 1550 1630 1588 sequuta
1655 1550 1685 1579 et
1709 1551 1893 1589 sequutura,
1912 1545 1950 1579 de

1207 1598 1396 1642 apostolicae
1413 1598 1575 1642 potestatis
1594 1598 1799 1642 plenitudine,
1813 1598 1902 1632 irrita
1921 1604 1951 1632 et

1208 1651 1321 1692 inania,
1338 1662 1372 1685 ac
1387 1651 1504 1684 nullius
1525 1652 1650 1685 roboris
1667 1657 1695 1685 et
1713 1652 1864 1686 momenti
1881 1662 1950 1686 esse

1208 1709 1238 1739 et
1261 1706 1344 1744 t'ore;

1253 1761 1268 1799 ς’
1292 1757 1321 1789 4.
1346 1756 1461 1800 Sicque
1492 1767 1548 1801 per
1583 1767 1801 1800 quoscumque
1831 1756 1950 1790 iudices

1208 1811 1386 1844 ordinarios
1410 1814 1439 1843 et
1463 1810 1639 1853 delegatos,
1664 1810 1758 1844 etiam
1783 1821 1950 1844 causarum

1209 1865 1314 1909 palatii
1347 1864 1511 1908 apostolici
1542 1864 1723 1903 auditores,
1748 1869 1779 1897 et
1802 1864 1831 1897 S.
1857 1865 1891 1897 R.
1917 1864 1950 1898 E.

1210 1918 1384 1951 cardinales
1401 1917 1537 1959 (sublata
1561 1917 1606 1950 eis
1631 1922 1789 1950 eteorum
1813 1917 1952 1955 cuilibet,

1211 1971 1321 2015 quavis
1350 1971 1440 2003 aliter
1472 1970 1628 2003 iudicandi
1666 1975 1694 2003 et
1728 1970 1952 2014 interpretandi

1212 2024 1358 2057 facultate
1383 2029 1413 2056 et
1437 2023 1645 2067 auctoritate)
1663 2023 1795 2056 iudicari
1823 2029 1851 2056 et
1877 2023 1954 2057 diffi-

1212 2079 1271 2111 niri
1297 2077 1470 2118 dehere‚ac
1489 2077 1613 2111 irritum
1638 2083 1665 2110 et
1693 2078 1785 2111 inane
1801 2077 1954 2122 quidquid

1212 2143 1302 2165 secus
1325 2142 1420 2176 super
1438 2132 1486 2165 liis
1503 2144 1519 2164 a
1536 2142 1706 2176 quoquam,
1723 2131 1833 2175 quavis
1850 2136 1955 2165 aucto-

1212 2187 1314 2227 ritate,
1339 2186 1474 2219 scienter
1491 2186 1538 2219 vel
1565 2186 1758 2229 ignoranter,
1786 2184 1954 2228 contigerit

1213 2239 1368 2279 attentari,
1393 2239 1511 2283 pariter
1531 2238 1732 2272 decernimus
1758 2243 1787 2271 et
1818 2238 1954 2271 declara-

1214 2303 1294 2331 mus,
1323 2293 1492 2326 contrariis
1516 2302 1578 2325 non
1607 2291 1803 2326 obstantibus
1823 2291 1952 2335 quibus—

1213 2356 1357 2389 eumque.

1258 2400 1273 2441 g*
1297 2397 1325 2431 5.
1353 2396 1502 2432 volumus
1526 2402 1641 2437 autern,
1658 2402 1685 2429 et
1704 2396 1875 2440 apostolica
1902 2406 1953 2429 au-

1213 2452 1357 2486 ctoritate
1380 2451 1594 2491 decernimus,
1619 2455 1650 2482 ut
1674 2453 1855 2493 praesentes
1874 2449 1954 2483 litte-

1213 2515 1277 2542 rae,
1295 2515 1349 2537 seu
1375 2504 1499 2537 illarum
1525 2503 1668 2546 exempla
1687 2502 1719 2534 in
1738 2502 1819 2535 Urbe
1839 2502 1876 2534 ad
1895 2503 1954 2535 val-

1214 2568 1267 2591 vas
1291 2557 1436 2590 basilicae
1462 2555 1614 2599 Principis
1640 2555 1876 2599 apostolorum,
1906 2555 1952 2587 vel

1214 2612 1245 2645 in
1266 2611 1389 2643 civitate
1413 2609 1586 2645 Foru-ariae,
1603 2619 1657 2641 seu
1675 2608 1713 2641 ad
1731 2609 1833 2640 valvas
1853 2609 1953 2642 «lictae

1215 2665 1364 2698 ecclesias·
1385 2663 1564 2695 tlenctcusis
1588 2664 1689 2699 affixa,
1708 2662 1745 2696 ita
1774 2672 1884 2695 omnes
1907 2673 1954 2695 ar-

1949 274 2000 300 An.
2015 274 2046 300 C.
2068 273 2135 302 ¹6ss

1991 1771 2112 1793 clausulae.

2008 2406 2152 2428 Prae-entium

1968 2434 2065 2464 facienda
2081 2433 2153 2460 publi-

1967 2463 2032 2482 catio.
