<?xml version="1.0" encoding="UTF-8"?>
<!DOCTYPE html PUBLIC "-//W3C//DTD XHTML 1.0 Transitional//EN"
    "http://www.w3.org/TR/xhtml1/DTD/xhtml1-transitional.dtd">
<html xmlns="http://www.w3.org/1999/xhtml" xml:lang="en" lang="en">
 <head>
  <title>
</title>
<meta http-equiv="Content-Type" content="text/html;charset=utf-8" />
  <meta name='ocr-system' content='tesseract 3.04.00' />
  <meta name='ocr-capabilities' content='ocr_page ocr_carea ocr_par ocr_line ocrx_word'/>
</head>
<body>
  <div class='ocr_page' id='page_1' title='image "./bullarumdiplomat12cath_0632.png"; bbox 0 0 2293 3231; ppageno 0'>
   <div class='ocr_carea' id='block_1_1' title="bbox 269 268 1988 475">
    <p class='ocr_par' dir='ltr' id='par_1_1' title="bbox 269 268 1977 420">
     <span class='ocr_line' id='line_1_1' title="bbox 270 268 1408 305; baseline -0.006 0"><span class='ocrx_word' id='word_1_1' title='bbox 270 280 321 305; x_wconf 81' lang='grc' dir='ltr'>Λη.</span> <span class='ocrx_word' id='word_1_2' title='bbox 333 278 361 304; x_wconf 90' lang='lat' dir='ltr'>C</span> <span class='ocrx_word' id='word_1_3' title='bbox 385 277 447 305; x_wconf 67' lang='grc'>1621</span> <span class='ocrx_word' id='word_1_4' title='bbox 498 268 564 302; x_wconf 82' lang='grc'>594</span> <span class='ocrx_word' id='word_1_5' title='bbox 1052 275 1229 298; x_wconf 56' lang='lat' dir='ltr'>nuru-sium</span> <span class='ocrx_word' id='word_1_6' title='bbox 1256 274 1408 298; x_wconf 55' lang='lat' dir='ltr'>Romaiu</span> 
     </span>
     <span class='ocr_line' id='line_1_2' title="bbox 269 321 1988 370; baseline -0.002 -8"><span class='ocrx_word' id='word_1_7' title='bbox 269 341 339 361; x_wconf 58' lang='lat' dir='ltr'>‚iam</span> <span class='ocrx_word' id='word_1_8' title='bbox 355 341 453 362; x_wconf 53' lang='lat' dir='ltr'>conenit</span> <span class='ocrx_word' id='word_1_9' title='bbox 468 325 607 361; x_wconf 85' lang='lat' dir='ltr'>cellario</span> <span class='ocrx_word' id='word_1_10' title='bbox 628 324 809 362; x_wconf 84' lang='lat' dir='ltr'>lectoribus</span> <span class='ocrx_word' id='word_1_11' title='bbox 827 323 1021 362; x_wconf 84' lang='lat' dir='ltr'>doctoribus,</span> <span class='ocrx_word' id='word_1_12' title='bbox 1039 322 1228 366; x_wconf 79' lang='lat' dir='ltr'>graduatis‚</span> <span class='ocrx_word' id='word_1_13' title='bbox 1226 353 1229 370; x_wconf 53' lang='grc' dir='ltr'>Ι</span> <span class='ocrx_word' id='word_1_14' title='bbox 1244 321 1429 366; x_wconf 79' lang='lat' dir='ltr'>praemissis</span> <span class='ocrx_word' id='word_1_15' title='bbox 1452 327 1631 366; x_wconf 77' lang='lat' dir='ltr'>opportune</span> <span class='ocrx_word' id='word_1_16' title='bbox 1655 323 1822 366; x_wconf 87' lang='lat' dir='ltr'>providere</span> <span class='ocrx_word' id='word_1_17' title='bbox 1841 323 1880 358; x_wconf 90' lang='lat' dir='ltr'>de</span> <span class='ocrx_word' id='word_1_18' title='bbox 1903 323 1988 358; x_wconf 89' lang='lat' dir='ltr'>beni-</span> 
     </span>
     <span class='ocr_line' id='line_1_3' title="bbox 269 368 1798 424; baseline -0.003 -10"><span class='ocrx_word' id='word_1_19' title='bbox 269 368 389 394; x_wconf 72' lang='lat'>⁹‘&#39;&#39;¹&#39;⁰⁸&#39;³</span> <span class='ocrx_word' id='word_1_20' title='bbox 469 378 682 415; x_wconf 79' lang='lat' dir='ltr'><strong>scholaribus</strong></span> <span class='ocrx_word' id='word_1_21' title='bbox 708 376 878 415; x_wconf 83' lang='lat' dir='ltr'>ministris,</span> <span class='ocrx_word' id='word_1_22' title='bbox 903 381 933 409; x_wconf 88' lang='lat' dir='ltr'>et</span> <span class='ocrx_word' id='word_1_23' title='bbox 957 375 1026 409; x_wconf 89' lang='lat' dir='ltr'>aliis</span> <span class='ocrx_word' id='word_1_24' title='bbox 1049 375 1229 424; x_wconf 88' lang='lat' dir='ltr'>personis</span> <span class='ocrx_word' id='word_1_25' title='bbox 1245 375 1363 418; x_wconf 78' lang='lat' dir='ltr'>gnitate</span> <span class='ocrx_word' id='word_1_26' title='bbox 1387 375 1559 419; x_wconf 75' lang='lat' dir='ltr'>apostolica</span> <span class='ocrx_word' id='word_1_27' title='bbox 1583 375 1798 418; x_wconf 85' lang='lat' dir='ltr'>dignaremur.</span> 
     </span>
    </p>

    <p class='ocr_par' dir='ltr' id='par_1_2' title="bbox 469 425 1988 475">
     <span class='ocr_line' id='line_1_4' title="bbox 469 425 1988 475; baseline -0.002 -9"><span class='ocrx_word' id='word_1_28' title='bbox 469 433 575 466; x_wconf 87' lang='lat' dir='ltr'>omnia</span> <span class='ocrx_word' id='word_1_29' title='bbox 599 430 773 475; x_wconf 76' lang='lat' dir='ltr'>privilegia,</span> <span class='ocrx_word' id='word_1_30' title='bbox 798 429 958 464; x_wconf 71' lang='lat' dir='ltr'>libertates</span> <span class='ocrx_word' id='word_1_31' title='bbox 982 435 1012 463; x_wconf 88' lang='lat' dir='ltr'>et</span> <span class='ocrx_word' id='word_1_32' title='bbox 1031 429 1229 474; x_wconf 78' lang='lat' dir='ltr'>exemptio·</span> <span class='ocrx_word' id='word_1_33' title='bbox 1228 425 1229 430; x_wconf 70' lang='grc'>’</span> <span class='ocrx_word' id='word_1_34' title='bbox 1290 427 1339 471; x_wconf 63' lang='grc' dir='ltr'>ξ’·</span> <span class='ocrx_word' id='word_1_35' title='bbox 1325 436 1349 461; x_wconf 77' lang='lat'>1.</span> <span class='ocrx_word' id='word_1_36' title='bbox 1364 428 1427 461; x_wconf 81' lang='lat' dir='ltr'>Nos</span> <span class='ocrx_word' id='word_1_37' title='bbox 1444 428 1551 471; x_wconf 79' lang='lat' dir='ltr'>igitur,</span> <span class='ocrx_word' id='word_1_38' title='bbox 1561 428 1676 471; x_wconf 78' lang='lat' dir='ltr'>quibus</span> <span class='ocrx_word' id='word_1_39' title='bbox 1688 427 1766 461; x_wconf 88' lang='lat' dir='ltr'>nihil</span> <span class='ocrx_word' id='word_1_40' title='bbox 1784 429 1886 472; x_wconf 82' lang='lat' dir='ltr'>magis</span> <span class='ocrx_word' id='word_1_41' title='bbox 1899 429 1988 463; x_wconf 93' lang='lat' dir='ltr'>cordi</span> 
     </span>
    </p>
   </div>
   <div class='ocr_carea' id='block_1_2' title="bbox 2002 275 2183 306">
    <p class='ocr_par' dir='ltr' id='par_1_3' title="bbox 2002 275 2183 306">
     <span class='ocr_line' id='line_1_5' title="bbox 2002 275 2183 306; baseline 0.011 -2"><span class='ocrx_word' id='word_1_42' title='bbox 2002 278 2052 304; x_wconf 76' lang='lat' dir='ltr'>An.</span> <span class='ocrx_word' id='word_1_43' title='bbox 2064 276 2095 305; x_wconf 87' lang='lat' dir='ltr'>C.</span> <span class='ocrx_word' id='word_1_44' title='bbox 2118 275 2183 306; x_wconf 78' lang='lat'>¹62¹</span> 
     </span>
    </p>
   </div>
   <div class='ocr_carea' id='block_1_3' title="bbox 2056 443 2188 465">
    <p class='ocr_par' dir='ltr' id='par_1_4' title="bbox 2056 443 2188 465">
     <span class='ocr_line' id='line_1_6' title="bbox 2056 443 2188 465; baseline -0.008 0"><span class='ocrx_word' id='word_1_45' title='bbox 2056 445 2133 465; x_wconf 72' lang='lat' dir='ltr'>lterum</span> <span class='ocrx_word' id='word_1_46' title='bbox 2147 443 2188 464; x_wconf 77' lang='lat' dir='ltr'>eri-</span> 
     </span>
    </p>
   </div>
   <div class='ocr_carea' id='block_1_4' title="bbox 469 471 2189 526">
    <p class='ocr_par' dir='ltr' id='par_1_5' title="bbox 469 471 2189 526">
     <span class='ocr_line' id='line_1_7' title="bbox 469 471 2189 526; baseline 0.004 -13"><span class='ocrx_word' id='word_1_47' title='bbox 469 496 534 526; x_wconf 72' lang='lat' dir='ltr'>nes</span> <span class='ocrx_word' id='word_1_48' title='bbox 560 483 773 516; x_wconf 85' lang='lat' dir='ltr'>immunitates</span> <span class='ocrx_word' id='word_1_49' title='bbox 797 488 826 515; x_wconf 89' lang='lat' dir='ltr'>et</span> <span class='ocrx_word' id='word_1_50' title='bbox 852 483 986 526; x_wconf 70' lang='lat' dir='ltr'>gratias,</span> <span class='ocrx_word' id='word_1_51' title='bbox 1012 483 1229 526; x_wconf 87' lang='lat' dir='ltr'>quibuscum·</span> <span class='ocrx_word' id='word_1_52' title='bbox 1246 486 1302 520; x_wconf 90' lang='lat' dir='ltr'>est,</span> <span class='ocrx_word' id='word_1_53' title='bbox 1327 491 1432 524; x_wconf 87' lang='lat' dir='ltr'>quam</span> <span class='ocrx_word' id='word_1_54' title='bbox 1453 486 1486 513; x_wconf 92' lang='lat' dir='ltr'>ut</span> <span class='ocrx_word' id='word_1_55' title='bbox 1511 481 1708 525; x_wconf 72' lang='lat' dir='ltr'>temporibus</span> <span class='ocrx_word' id='word_1_56' title='bbox 1733 481 1849 515; x_wconf 91' lang='lat' dir='ltr'>nostris</span> <span class='ocrx_word' id='word_1_57' title='bbox 1873 482 1990 515; x_wconf 70' lang='lat' dir='ltr'>littera·</span> <span class='ocrx_word' id='word_1_58' title='bbox 2003 471 2189 523; x_wconf 48' lang='lat' dir='ltr'>theffesur‘sui‘</span> 
     </span>
    </p>
   </div>
   <div class='ocr_carea' id='block_1_5' title="bbox 469 534 1993 1008">
    <p class='ocr_par' dir='ltr' id='par_1_6' title="bbox 469 534 1993 1008">
     <span class='ocr_line' id='line_1_8' title="bbox 469 534 1990 581; baseline -0.001 -11"><span class='ocrx_word' id='word_1_59' title='bbox 469 547 530 581; x_wconf 83' lang='lat' dir='ltr'>que</span> <span class='ocrx_word' id='word_1_60' title='bbox 548 546 657 569; x_wconf 70' lang='grc'>11111101</span> <span class='ocrx_word' id='word_1_61' title='bbox 661 535 804 567; x_wconf 83' lang='lat' dir='ltr'>sitatibus</span> <span class='ocrx_word' id='word_1_62' title='bbox 820 535 997 568; x_wconf 82' lang='lat' dir='ltr'>studioium</span> <span class='ocrx_word' id='word_1_63' title='bbox 1016 535 1211 578; x_wconf 78' lang='lat' dir='ltr'>generalium</span> <span class='ocrx_word' id='word_1_64' title='bbox 1246 544 1316 567; x_wconf 84' lang='lat' dir='ltr'>rum</span> <span class='ocrx_word' id='word_1_65' title='bbox 1338 534 1441 567; x_wconf 88' lang='lat' dir='ltr'>studia</span> <span class='ocrx_word' id='word_1_66' title='bbox 1460 534 1638 574; x_wconf 64' lang='lat' dir='ltr'>florescant,</span> <span class='ocrx_word' id='word_1_67' title='bbox 1656 534 1852 578; x_wconf 85' lang='lat' dir='ltr'>praedictum</span> <span class='ocrx_word' id='word_1_68' title='bbox 1873 535 1990 580; x_wconf 85' lang='lat' dir='ltr'>Philip—</span> 
     </span>
     <span class='ocr_line' id='line_1_9' title="bbox 471 587 1989 633; baseline -0.001 -10"><span class='ocrx_word' id='word_1_69' title='bbox 471 588 836 633; x_wconf 65' lang='grc' dir='ltr'>ι’·ος1101111111115ρήηίῑιθ,</span> <span class='ocrx_word' id='word_1_70' title='bbox 851 594 983 633; x_wconf 87' lang='lat' dir='ltr'>tamper</span> <span class='ocrx_word' id='word_1_71' title='bbox 997 589 1099 632; x_wconf 89' lang='lat' dir='ltr'>ipsum</span> <span class='ocrx_word' id='word_1_72' title='bbox 1117 598 1230 632; x_wconf 89' lang='lat' dir='ltr'>quam</span> <span class='ocrx_word' id='word_1_73' title='bbox 1247 598 1321 631; x_wconf 91' lang='lat' dir='ltr'>pum</span> <span class='ocrx_word' id='word_1_74' title='bbox 1348 587 1384 620; x_wconf 88' lang='lat' dir='ltr'>lV</span> <span class='ocrx_word' id='word_1_75' title='bbox 1410 597 1529 630; x_wconf 80' lang='lat' dir='ltr'>regem,</span> <span class='ocrx_word' id='word_1_76' title='bbox 1549 593 1580 620; x_wconf 88' lang='lat' dir='ltr'>ct</span> <span class='ocrx_word' id='word_1_77' title='bbox 1603 587 1761 620; x_wconf 89' lang='lat' dir='ltr'>dictorum</span> <span class='ocrx_word' id='word_1_78' title='bbox 1787 588 1989 632; x_wconf 77' lang='lat' dir='ltr'>syndicotum</span> 
     </span>
     <span class='ocr_line' id='line_1_10' title="bbox 469 640 1991 687; baseline 0 -12"><span class='ocrx_word' id='word_1_79' title='bbox 469 653 527 687; x_wconf 87' lang='lat' dir='ltr'>per</span> <span class='ocrx_word' id='word_1_80' title='bbox 554 643 622 675; x_wconf 87' lang='lat' dir='ltr'>eius</span> <span class='ocrx_word' id='word_1_81' title='bbox 647 641 907 686; x_wconf 66' lang='lat' dir='ltr'>praedecessores</span> <span class='ocrx_word' id='word_1_82' title='bbox 931 652 1022 684; x_wconf 80' lang='lat' dir='ltr'>reges</span> <span class='ocrx_word' id='word_1_83' title='bbox 1047 651 1212 681; x_wconf 82' lang='lat' dir='ltr'>concessa,</span> <span class='ocrx_word' id='word_1_84' title='bbox 1247 646 1276 673; x_wconf 92' lang='lat' dir='ltr'>et</span> <span class='ocrx_word' id='word_1_85' title='bbox 1290 640 1512 685; x_wconf 68' lang='lat' dir='ltr'>deputatorum</span> <span class='ocrx_word' id='word_1_86' title='bbox 1529 641 1705 684; x_wconf 78' lang='lat' dir='ltr'>singulares</span> <span class='ocrx_word' id='word_1_87' title='bbox 1719 641 1991 685; x_wconf 44' lang='grc' dir='ltr'>[1015011353ηυί-</span> 
     </span>
     <span class='ocr_line' id='line_1_11' title="bbox 470 694 1991 739; baseline 0 -11"><span class='ocrx_word' id='word_1_88' title='bbox 470 696 622 736; x_wconf 87' lang='lat' dir='ltr'>attribuit‚</span> <span class='ocrx_word' id='word_1_89' title='bbox 639 705 711 728; x_wconf 90' lang='lat' dir='ltr'>cum</span> <span class='ocrx_word' id='word_1_90' title='bbox 737 695 797 728; x_wconf 89' lang='lat' dir='ltr'>hoc</span> <span class='ocrx_word' id='word_1_91' title='bbox 822 700 926 727; x_wconf 88' lang='lat' dir='ltr'>tamen</span> <span class='ocrx_word' id='word_1_92' title='bbox 951 695 1035 739; x_wconf 87' lang='lat' dir='ltr'>quod</span> <span class='ocrx_word' id='word_1_93' title='bbox 1058 694 1213 734; x_wconf 86' lang='lat' dir='ltr'>doctores,</span> <span class='ocrx_word' id='word_1_94' title='bbox 1229 706 1231 731; x_wconf 68' lang='lat'>1</span> <span class='ocrx_word' id='word_1_95' title='bbox 1247 694 1353 727; x_wconf 80' lang='lat' dir='ltr'>busvis</span> <span class='ocrx_word' id='word_1_96' title='bbox 1370 694 1716 732; x_wconf 60' lang='lat' dir='ltr'>excommunicationis</span> <span class='ocrx_word' id='word_1_97' title='bbox 1730 695 1944 738; x_wconf 81' lang='lat' dir='ltr'>suspensionis</span> <span class='ocrx_word' id='word_1_98' title='bbox 1961 699 1991 728; x_wconf 85' lang='lat' dir='ltr'>et</span> 
     </span>
     <span class='ocr_line' id='line_1_12' title="bbox 471 739 1990 792; baseline 0 -11"><span class='ocrx_word' id='word_1_99' title='bbox 471 750 616 790; x_wconf 85' lang='lat' dir='ltr'>lectores,</span> <span class='ocrx_word' id='word_1_100' title='bbox 640 748 795 792; x_wconf 74' lang='lat' dir='ltr'>graduali,</span> <span class='ocrx_word' id='word_1_101' title='bbox 818 749 987 788; x_wconf 78' lang='lat' dir='ltr'>scholares,</span> <span class='ocrx_word' id='word_1_102' title='bbox 1012 748 1159 788; x_wconf 86' lang='lat' dir='ltr'>ministri,</span> <span class='ocrx_word' id='word_1_103' title='bbox 1185 754 1211 782; x_wconf 82' lang='lat' dir='ltr'>ct</span> <span class='ocrx_word' id='word_1_104' title='bbox 1230 739 1232 773; x_wconf 64' lang='grc' dir='ltr'><strong><em>ἶ</em></strong></span> <span class='ocrx_word' id='word_1_105' title='bbox 1249 747 1415 786; x_wconf 80' lang='lat' dir='ltr'>interdicti,</span> <span class='ocrx_word' id='word_1_106' title='bbox 1433 748 1566 792; x_wconf 77' lang='lat' dir='ltr'>aliisque</span> <span class='ocrx_word' id='word_1_107' title='bbox 1583 747 1802 781; x_wconf 85' lang='lat' dir='ltr'>ecclesiasticis</span> <span class='ocrx_word' id='word_1_108' title='bbox 1819 748 1990 789; x_wconf 72' lang='lat' dir='ltr'>sententiis,</span> 
     </span>
     <span class='ocr_line' id='line_1_13' title="bbox 471 788 1991 846; baseline 0 -11"><span class='ocrx_word' id='word_1_109' title='bbox 471 803 550 836; x_wconf 86' lang='lat' dir='ltr'>aliae</span> <span class='ocrx_word' id='word_1_110' title='bbox 574 802 674 836; x_wconf 89' lang='lat' dir='ltr'>dictae</span> <span class='ocrx_word' id='word_1_111' title='bbox 705 802 916 835; x_wconf 88' lang='lat' dir='ltr'>universitatis</span> <span class='ocrx_word' id='word_1_112' title='bbox 944 812 1097 845; x_wconf 74' lang='lat' dir='ltr'>personae</span> <span class='ocrx_word' id='word_1_113' title='bbox 1123 812 1214 846; x_wconf 90' lang='lat' dir='ltr'>prae·</span> <span class='ocrx_word' id='word_1_114' title='bbox 1230 788 1231 806; x_wconf 53' lang='lat'>¹</span> <span class='ocrx_word' id='word_1_115' title='bbox 1249 801 1392 834; x_wconf 75' lang='lat' dir='ltr'>censuris</span> <span class='ocrx_word' id='word_1_116' title='bbox 1416 806 1445 833; x_wconf 85' lang='lat' dir='ltr'>et</span> <span class='ocrx_word' id='word_1_117' title='bbox 1469 800 1590 844; x_wconf 86' lang='lat' dir='ltr'>poenis,</span> <span class='ocrx_word' id='word_1_118' title='bbox 1608 811 1624 833; x_wconf 88' lang='lat' dir='ltr'>a</span> <span class='ocrx_word' id='word_1_119' title='bbox 1642 801 1710 834; x_wconf 86' lang='lat' dir='ltr'>iure</span> <span class='ocrx_word' id='word_1_120' title='bbox 1727 801 1774 834; x_wconf 80' lang='lat' dir='ltr'>vel</span> <span class='ocrx_word' id='word_1_121' title='bbox 1796 800 1835 833; x_wconf 87' lang='lat' dir='ltr'>ab</span> <span class='ocrx_word' id='word_1_122' title='bbox 1855 801 1991 842; x_wconf 86' lang='lat' dir='ltr'>homine,</span> 
     </span>
     <span class='ocr_line' id='line_1_14' title="bbox 471 854 1993 901; baseline 0 -12"><span class='ocrx_word' id='word_1_123' title='bbox 471 862 559 890; x_wconf 83' lang='lat' dir='ltr'>textu</span> <span class='ocrx_word' id='word_1_124' title='bbox 582 856 821 901; x_wconf 85' lang='lat' dir='ltr'>privilegiorum</span> <span class='ocrx_word' id='word_1_125' title='bbox 847 855 1038 896; x_wconf 81' lang='lat' dir='ltr'>huiusmodi,</span> <span class='ocrx_word' id='word_1_126' title='bbox 1063 865 1118 888; x_wconf 91' lang='lat' dir='ltr'>scu</span> <span class='ocrx_word' id='word_1_127' title='bbox 1142 855 1215 899; x_wconf 89' lang='lat' dir='ltr'>quia</span> <span class='ocrx_word' id='word_1_128' title='bbox 1249 854 1359 898; x_wconf 76' lang='lat' dir='ltr'>quavis</span> <span class='ocrx_word' id='word_1_129' title='bbox 1376 854 1541 888; x_wconf 84' lang='lat' dir='ltr'>occasione</span> <span class='ocrx_word' id='word_1_130' title='bbox 1558 855 1605 887; x_wconf 92' lang='lat' dir='ltr'>vel</span> <span class='ocrx_word' id='word_1_131' title='bbox 1627 856 1718 888; x_wconf 80' lang='lat' dir='ltr'>causa</span> <span class='ocrx_word' id='word_1_132' title='bbox 1736 854 1816 894; x_wconf 87' lang='lat' dir='ltr'>latis,</span> <span class='ocrx_word' id='word_1_133' title='bbox 1832 854 1857 888; x_wconf 89' lang='lat' dir='ltr'>si</span> <span class='ocrx_word' id='word_1_134' title='bbox 1879 854 1993 898; x_wconf 86' lang='lat' dir='ltr'>quibus</span> 
     </span>
     <span class='ocr_line' id='line_1_15' title="bbox 472 907 1992 959; baseline -0.001 -16"><span class='ocrx_word' id='word_1_135' title='bbox 472 911 503 943; x_wconf 92' lang='lat' dir='ltr'>in</span> <span class='ocrx_word' id='word_1_136' title='bbox 533 910 601 954; x_wconf 78' lang='lat' dir='ltr'>ipsa</span> <span class='ocrx_word' id='word_1_137' title='bbox 632 909 836 943; x_wconf 77' lang='lat' dir='ltr'>univ-eisitate</span> <span class='ocrx_word' id='word_1_138' title='bbox 866 909 1056 942; x_wconf 85' lang='lat' dir='ltr'>matiiculati</span> <span class='ocrx_word' id='word_1_139' title='bbox 1089 908 1487 959; x_wconf 62' lang='lat' dir='ltr'>essent,lquornod0libet</span> <span class='ocrx_word' id='word_1_140' title='bbox 1511 908 1649 942; x_wconf 81' lang='lat' dir='ltr'>innodati</span> <span class='ocrx_word' id='word_1_141' title='bbox 1675 909 1820 949; x_wconf 83' lang='lat' dir='ltr'>existunt,</span> <span class='ocrx_word' id='word_1_142' title='bbox 1841 908 1881 942; x_wconf 85' lang='lat' dir='ltr'>ad</span> <span class='ocrx_word' id='word_1_143' title='bbox 1898 907 1992 942; x_wconf 78' lang='lat' dir='ltr'>effec-</span> 
     </span>
     <span class='ocr_line' id='line_1_16' title="bbox 470 961 1992 1008; baseline -0.001 -11"><span class='ocrx_word' id='word_1_144' title='bbox 470 963 637 1008; x_wconf 89' lang='lat' dir='ltr'>proprium</span> <span class='ocrx_word' id='word_1_145' title='bbox 658 963 760 996; x_wconf 89' lang='lat' dir='ltr'>sorum</span> <span class='ocrx_word' id='word_1_146' title='bbox 779 962 826 996; x_wconf 86' lang='lat' dir='ltr'>et&#39;</span> <span class='ocrx_word' id='word_1_147' title='bbox 845 973 956 996; x_wconf 90' lang='lat' dir='ltr'>eorum</span> <span class='ocrx_word' id='word_1_148' title='bbox 974 962 1113 995; x_wconf 89' lang='lat' dir='ltr'>iudicum</span> <span class='ocrx_word' id='word_1_149' title='bbox 1132 973 1233 998; x_wconf 91' lang='lat' dir='ltr'>com·</span> <span class='ocrx_word' id='word_1_150' title='bbox 1232 966 1315 995; x_wconf 89' lang='lat' dir='ltr'>tum</span> <span class='ocrx_word' id='word_1_151' title='bbox 1325 961 1539 1006; x_wconf 74' lang='lat' dir='ltr'>praesentium</span> <span class='ocrx_word' id='word_1_152' title='bbox 1554 961 1715 995; x_wconf 63' lang='lat' dir='ltr'>dumtaxat</span> <span class='ocrx_word' id='word_1_153' title='bbox 1724 961 1992 1006; x_wconf 74' lang='lat' dir='ltr'>consequendum</span> 
     </span>
    </p>
   </div>
   <div class='ocr_carea' id='block_1_6' title="bbox 470 1000 1992 1062">
    <p class='ocr_par' dir='ltr' id='par_1_7' title="bbox 470 1000 1992 1062">
     <span class='ocr_line' id='line_1_17' title="bbox 470 1000 1992 1062; baseline 0 -12"><span class='ocrx_word' id='word_1_154' title='bbox 470 1016 646 1062; x_wconf 88' lang='lat' dir='ltr'>petentium</span> <span class='ocrx_word' id='word_1_155' title='bbox 679 1015 929 1050; x_wconf 76' lang='lat' dir='ltr'>iuiisdictionem</span> <span class='ocrx_word' id='word_1_156' title='bbox 954 1016 1122 1049; x_wconf 74' lang='lat' dir='ltr'>declinare</span> <span class='ocrx_word' id='word_1_157' title='bbox 1152 1026 1234 1057; x_wconf 92' lang='lat' dir='ltr'>non</span> <span class='ocrx_word' id='word_1_158' title='bbox 1232 1000 1362 1048; x_wconf 79' lang='lat' dir='ltr'>hatum</span> <span class='ocrx_word' id='word_1_159' title='bbox 1380 1025 1431 1048; x_wconf 80' lang='lat' dir='ltr'>sei</span> <span class='ocrx_word' id='word_1_160' title='bbox 1434 1025 1461 1048; x_wconf 87' lang='lat' dir='ltr'>ie</span> <span class='ocrx_word' id='word_1_161' title='bbox 1478 1015 1685 1055; x_wconf 77' lang='lat' dir='ltr'>absolventes,</span> <span class='ocrx_word' id='word_1_162' title='bbox 1702 1021 1731 1048; x_wconf 92' lang='lat' dir='ltr'>et</span> <span class='ocrx_word' id='word_1_163' title='bbox 1749 1015 1909 1048; x_wconf 81' lang='lat' dir='ltr'>absolutos</span> <span class='ocrx_word' id='word_1_164' title='bbox 1926 1015 1992 1050; x_wconf 82' lang='lat' dir='ltr'>sore</span> 
     </span>
    </p>
   </div>
   <div class='ocr_carea' id='block_1_7' title="bbox 277 1403 463 1530">
    <p class='ocr_par' dir='ltr' id='par_1_8' title="bbox 277 1403 463 1530">
     <span class='ocr_line' id='line_1_18' title="bbox 309 1403 460 1429; baseline 0 -6"><span class='ocrx_word' id='word_1_165' title='bbox 309 1404 419 1429; x_wconf 71' lang='lat' dir='ltr'>Philippus</span> <span class='ocrx_word' id='word_1_166' title='bbox 434 1403 460 1423; x_wconf 71' lang='grc' dir='ltr'>ΙΥ</span> 
     </span>
     <span class='ocr_line' id='line_1_19' title="bbox 277 1430 463 1455; baseline -0.016 -4"><span class='ocrx_word' id='word_1_167' title='bbox 277 1430 386 1455; x_wconf 73' lang='lat' dir='ltr'>praedicta</span> <span class='ocrx_word' id='word_1_168' title='bbox 394 1435 463 1450; x_wconf 64' lang='lat' dir='ltr'>&lt;inuita</span> 
     </span>
     <span class='ocr_line' id='line_1_20' title="bbox 277 1458 462 1482; baseline -0.011 -5"><span class='ocrx_word' id='word_1_169' title='bbox 277 1458 403 1477; x_wconf 75' lang='lat' dir='ltr'>auctoritate</span> <span class='ocrx_word' id='word_1_170' title='bbox 412 1462 462 1482; x_wconf 81' lang='lat' dir='ltr'>apo-</span> 
     </span>
     <span class='ocr_line' id='line_1_21' title="bbox 279 1484 352 1503; baseline 0.014 -1"><span class='ocrx_word' id='word_1_171' title='bbox 279 1484 352 1503; x_wconf 60' lang='grc' dir='ltr'>,ει-,1104</span> 
     </span>
     <span class='ocr_line' id='line_1_22' title="bbox 278 1510 403 1530; baseline -0.008 0"><span class='ocrx_word' id='word_1_172' title='bbox 278 1510 403 1530; x_wconf 64' lang='grc'>001111101311.</span> 
     </span>
    </p>
   </div>
   <div class='ocr_carea' id='block_1_8' title="bbox 411 1483 463 1508">
    <p class='ocr_par' dir='ltr' id='par_1_9' title="bbox 411 1483 463 1508">
     <span class='ocr_line' id='line_1_23' title="bbox 411 1483 463 1508; baseline -0.019 -5"><span class='ocrx_word' id='word_1_173' title='bbox 411 1483 463 1508; x_wconf 70' lang='lat' dir='ltr'>pent</span> 
     </span>
    </p>
   </div>
   <div class='ocr_carea' id='block_1_9' title="bbox 471 1069 1218 1265">
    <p class='ocr_par' dir='ltr' id='par_1_10' title="bbox 471 1069 1218 1265">
     <span class='ocr_line' id='line_1_24' title="bbox 471 1069 1216 1116; baseline -0.004 -11"><span class='ocrx_word' id='word_1_174' title='bbox 471 1075 632 1116; x_wconf 79' lang='lat' dir='ltr'>poterunt,</span> <span class='ocrx_word' id='word_1_175' title='bbox 657 1070 721 1109; x_wconf 89' lang='lat' dir='ltr'>sed</span> <span class='ocrx_word' id='word_1_176' title='bbox 748 1069 809 1102; x_wconf 86' lang='lat' dir='ltr'>illis</span> <span class='ocrx_word' id='word_1_177' title='bbox 832 1079 894 1102; x_wconf 91' lang='lat' dir='ltr'>non</span> <span class='ocrx_word' id='word_1_178' title='bbox 920 1069 1127 1110; x_wconf 71' lang='lat' dir='ltr'>obstantibus,</span> <span class='ocrx_word' id='word_1_179' title='bbox 1152 1069 1216 1103; x_wconf 87' lang='lat' dir='ltr'>suis</span> 
     </span>
     <span class='ocr_line' id='line_1_25' title="bbox 472 1123 1218 1168; baseline -0.004 -10"><span class='ocrx_word' id='word_1_180' title='bbox 472 1124 622 1168; x_wconf 84' lang='lat' dir='ltr'>legitimis</span> <span class='ocrx_word' id='word_1_181' title='bbox 646 1123 866 1167; x_wconf 87' lang='lat' dir='ltr'>superioribus</span> <span class='ocrx_word' id='word_1_182' title='bbox 891 1123 996 1156; x_wconf 87' lang='lat' dir='ltr'>clerici</span> <span class='ocrx_word' id='word_1_183' title='bbox 1014 1129 1045 1156; x_wconf 88' lang='lat' dir='ltr'>ct</span> <span class='ocrx_word' id='word_1_184' title='bbox 1061 1123 1218 1167; x_wconf 74' lang='lat' dir='ltr'>presbyte-</span> 
     </span>
     <span class='ocr_line' id='line_1_26' title="bbox 473 1176 1217 1222; baseline -0.003 -11"><span class='ocrx_word' id='word_1_185' title='bbox 473 1178 511 1219; x_wconf 88' lang='lat' dir='ltr'>ri,</span> <span class='ocrx_word' id='word_1_186' title='bbox 529 1187 643 1222; x_wconf 85' lang='lat' dir='ltr'>nempe</span> <span class='ocrx_word' id='word_1_187' title='bbox 667 1176 834 1211; x_wconf 87' lang='lat' dir='ltr'>Ordinario</span> <span class='ocrx_word' id='word_1_188' title='bbox 855 1176 915 1209; x_wconf 87' lang='lat' dir='ltr'>loci</span> <span class='ocrx_word' id='word_1_189' title='bbox 940 1182 970 1209; x_wconf 90' lang='lat' dir='ltr'>et</span> <span class='ocrx_word' id='word_1_190' title='bbox 987 1176 1217 1216; x_wconf 81' lang='lat' dir='ltr'>ecclesiasticis,</span> 
     </span>
     <span class='ocr_line' id='line_1_27' title="bbox 474 1230 1218 1265; baseline -0.001 0"><span class='ocrx_word' id='word_1_191' title='bbox 474 1231 546 1265; x_wconf 87' lang='lat' dir='ltr'>laici</span> <span class='ocrx_word' id='word_1_192' title='bbox 562 1230 573 1248; x_wconf 70' lang='lat'><em>³</em></span> <span class='ocrx_word' id='word_1_193' title='bbox 593 1241 668 1264; x_wconf 82' lang='lat' dir='ltr'>vero</span> <span class='ocrx_word' id='word_1_194' title='bbox 693 1230 888 1263; x_wconf 87' lang='lat' dir='ltr'>secularibus</span> <span class='ocrx_word' id='word_1_195' title='bbox 905 1236 934 1263; x_wconf 85' lang='lat' dir='ltr'>et</span> <span class='ocrx_word' id='word_1_196' title='bbox 955 1230 1043 1263; x_wconf 87' lang='lat' dir='ltr'>laicis</span> <span class='ocrx_word' id='word_1_197' title='bbox 1063 1230 1218 1264; x_wconf 87' lang='lat' dir='ltr'>iudicibus</span> 
     </span>
    </p>
   </div>
   <div class='ocr_carea' id='block_1_10' title="bbox 477 1389 1219 1542">
    <p class='ocr_par' dir='ltr' id='par_1_11' title="bbox 477 1389 1219 1542">
     <span class='ocr_line' id='line_1_28' title="bbox 521 1389 1219 1435; baseline -0.004 -11"><span class='ocrx_word' id='word_1_198' title='bbox 521 1391 536 1435; x_wconf 66' lang='grc' dir='ltr'><strong>ἓ</strong></span> <span class='ocrx_word' id='word_1_199' title='bbox 560 1389 589 1424; x_wconf 85' lang='grc'>6.</span> <span class='ocrx_word' id='word_1_200' title='bbox 615 1390 690 1424; x_wconf 89' lang='lat' dir='ltr'>Cum</span> <span class='ocrx_word' id='word_1_201' title='bbox 709 1395 825 1429; x_wconf 88' lang='lat' dir='ltr'>autem,</span> <span class='ocrx_word' id='word_1_202' title='bbox 843 1389 923 1422; x_wconf 89' lang='lat' dir='ltr'>sicut</span> <span class='ocrx_word' id='word_1_203' title='bbox 940 1389 1048 1422; x_wconf 84' lang='lat' dir='ltr'>eadem</span> <span class='ocrx_word' id='word_1_204' title='bbox 1065 1389 1219 1432; x_wconf 77' lang='lat' dir='ltr'>expositio</span> 
     </span>
     <span class='ocr_line' id='line_1_29' title="bbox 478 1443 1219 1488; baseline -0.004 -10"><span class='ocrx_word' id='word_1_205' title='bbox 478 1444 697 1488; x_wconf 80' lang='lat' dir='ltr'>subiungebat,</span> <span class='ocrx_word' id='word_1_206' title='bbox 714 1443 817 1477; x_wconf 84' lang='lat' dir='ltr'>dictus</span> <span class='ocrx_word' id='word_1_207' title='bbox 842 1443 1005 1487; x_wconf 81' lang='lat' dir='ltr'>Philippus</span> <span class='ocrx_word' id='word_1_208' title='bbox 1023 1443 1059 1475; x_wconf 79' lang='lat' dir='ltr'>lv</span> <span class='ocrx_word' id='word_1_209' title='bbox 1078 1454 1129 1476; x_wconf 79' lang='lat' dir='ltr'>rex</span> <span class='ocrx_word' id='word_1_210' title='bbox 1150 1443 1219 1487; x_wconf 88' lang='lat' dir='ltr'>(cui</span> 
     </span>
     <span class='ocr_line' id='line_1_30' title="bbox 477 1497 1218 1542; baseline -0.003 -11"><span class='ocrx_word' id='word_1_211' title='bbox 477 1498 576 1542; x_wconf 87' lang='lat' dir='ltr'>probe</span> <span class='ocrx_word' id='word_1_212' title='bbox 602 1497 776 1538; x_wconf 80' lang='lat' dir='ltr'>innotescit,</span> <span class='ocrx_word' id='word_1_213' title='bbox 801 1497 885 1541; x_wconf 83' lang='lat' dir='ltr'>quod</span> <span class='ocrx_word' id='word_1_214' title='bbox 914 1497 1076 1540; x_wconf 85' lang='lat' dir='ltr'>Philippus</span> <span class='ocrx_word' id='word_1_215' title='bbox 1101 1497 1139 1529; x_wconf 90' lang='lat' dir='ltr'>lll</span> <span class='ocrx_word' id='word_1_216' title='bbox 1165 1507 1218 1530; x_wconf 80' lang='lat' dir='ltr'>rex</span> 
     </span>
    </p>
   </div>
   <div class='ocr_carea' id='block_1_11' title="bbox 477 1710 1238 2021">
    <p class='ocr_par' dir='ltr' id='par_1_12' title="bbox 477 1710 1220 2021">
     <span class='ocr_line' id='line_1_31' title="bbox 478 1710 1217 1754; baseline 0 -11"><span class='ocrx_word' id='word_1_217' title='bbox 478 1710 652 1750; x_wconf 74' lang='lat' dir='ltr'>sidet-nbat,</span> <span class='ocrx_word' id='word_1_218' title='bbox 678 1710 803 1754; x_wconf 88' lang='lat' dir='ltr'>iamque</span> <span class='ocrx_word' id='word_1_219' title='bbox 829 1710 966 1754; x_wconf 85' lang='lat' dir='ltr'>desuper</span> <span class='ocrx_word' id='word_1_220' title='bbox 991 1710 1089 1743; x_wconf 85' lang='lat' dir='ltr'>felicis</span> <span class='ocrx_word' id='word_1_221' title='bbox 1116 1721 1217 1744; x_wconf 89' lang='lat' dir='ltr'>recor-</span> 
     </span>
     <span class='ocr_line' id='line_1_32' title="bbox 477 1763 1221 1808; baseline 0 -11"><span class='ocrx_word' id='word_1_222' title='bbox 477 1763 612 1798; x_wconf 83' lang='lat' dir='ltr'>dationis</span> <span class='ocrx_word' id='word_1_223' title='bbox 637 1764 732 1797; x_wconf 86' lang='lat' dir='ltr'>Paulo</span> <span class='ocrx_word' id='word_1_224' title='bbox 751 1764 851 1808; x_wconf 81' lang='lat' dir='ltr'>Papae</span> <span class='ocrx_word' id='word_1_225' title='bbox 869 1764 891 1795; x_wconf 82' lang='lat' dir='ltr'>V</span> <span class='ocrx_word' id='word_1_226' title='bbox 911 1763 1147 1807; x_wconf 72' lang='lat' dir='ltr'>praedecessori</span> <span class='ocrx_word' id='word_1_227' title='bbox 1168 1773 1221 1797; x_wconf 89' lang='lat' dir='ltr'>no-</span> 
     </span>
     <span class='ocr_line' id='line_1_33' title="bbox 478 1817 1218 1861; baseline -0.001 -10.999"><span class='ocrx_word' id='word_1_228' title='bbox 478 1822 544 1851; x_wconf 89' lang='lat' dir='ltr'>stro</span> <span class='ocrx_word' id='word_1_229' title='bbox 575 1817 778 1861; x_wconf 67' lang='lat' dir='ltr'>scripserat),</span> <span class='ocrx_word' id='word_1_230' title='bbox 803 1817 934 1850; x_wconf 90' lang='lat' dir='ltr'>huiusce</span> <span class='ocrx_word' id='word_1_231' title='bbox 967 1817 1145 1850; x_wconf 84' lang='lat' dir='ltr'>chaiissimi</span> <span class='ocrx_word' id='word_1_232' title='bbox 1171 1817 1218 1849; x_wconf 90' lang='lat' dir='ltr'>sui</span> 
     </span>
     <span class='ocr_line' id='line_1_34' title="bbox 478 1869 1220 1914; baseline 0 -11"><span class='ocrx_word' id='word_1_233' title='bbox 478 1871 603 1913; x_wconf 74' lang='lat' dir='ltr'>genitor</span> <span class='ocrx_word' id='word_1_234' title='bbox 606 1870 640 1911; x_wconf 88' lang='lat' dir='ltr'>is,</span> <span class='ocrx_word' id='word_1_235' title='bbox 655 1870 709 1913; x_wconf 87' lang='lat' dir='ltr'>qui</span> <span class='ocrx_word' id='word_1_236' title='bbox 724 1876 752 1903; x_wconf 87' lang='lat' dir='ltr'>et</span> <span class='ocrx_word' id='word_1_237' title='bbox 768 1870 930 1914; x_wconf 73' lang='lat' dir='ltr'>praedicto</span> <span class='ocrx_word' id='word_1_238' title='bbox 944 1869 1114 1913; x_wconf 86' lang='lat' dir='ltr'>diplomate</span> <span class='ocrx_word' id='word_1_239' title='bbox 1132 1870 1220 1913; x_wconf 77' lang='lat' dir='ltr'>regio</span> 
     </span>
     <span class='ocr_line' id='line_1_35' title="bbox 478 1923 1238 1968; baseline -0.003 -10"><span class='ocrx_word' id='word_1_240' title='bbox 478 1928 508 1958; x_wconf 82' lang='lat' dir='ltr'>et</span> <span class='ocrx_word' id='word_1_241' title='bbox 524 1924 584 1968; x_wconf 89' lang='lat' dir='ltr'>ipsi</span> <span class='ocrx_word' id='word_1_242' title='bbox 603 1924 669 1957; x_wconf 88' lang='lat' dir='ltr'>eius</span> <span class='ocrx_word' id='word_1_243' title='bbox 687 1923 752 1957; x_wconf 86' lang='lat' dir='ltr'>filio</span> <span class='ocrx_word' id='word_1_244' title='bbox 769 1923 963 1968; x_wconf 84' lang='lat' dir='ltr'>praedictam</span> <span class='ocrx_word' id='word_1_245' title='bbox 983 1934 1057 1956; x_wconf 77' lang='lat' dir='ltr'>unu</span> <span class='ocrx_word' id='word_1_246' title='bbox 1060 1934 1094 1956; x_wconf 82' lang='lat' dir='ltr'>ei</span> <span class='ocrx_word' id='word_1_247' title='bbox 1097 1929 1238 1957; x_wconf 72' lang='lat' dir='ltr'>sitalem</span> 
     </span>
     <span class='ocr_line' id='line_1_36' title="bbox 478 1976 1220 2021; baseline -0.001 -10"><span class='ocrx_word' id='word_1_248' title='bbox 478 1976 720 2017; x_wconf 87' lang='lat' dir='ltr'>commendavit,</span> <span class='ocrx_word' id='word_1_249' title='bbox 738 1977 920 2010; x_wconf 88' lang='lat' dir='ltr'>intentionis</span> <span class='ocrx_word' id='word_1_250' title='bbox 943 1977 1099 2017; x_wconf 79' lang='lat' dir='ltr'>conscius,</span> <span class='ocrx_word' id='word_1_251' title='bbox 1117 1981 1148 2010; x_wconf 81' lang='lat' dir='ltr'>et</span> <span class='ocrx_word' id='word_1_252' title='bbox 1164 1987 1220 2021; x_wconf 88' lang='lat' dir='ltr'>per</span> 
     </span>
    </p>
   </div>
   <div class='ocr_carea' id='block_1_12' title="bbox 478 2137 1221 2290">
    <p class='ocr_par' dir='ltr' id='par_1_13' title="bbox 478 2137 1221 2290">
     <span class='ocr_line' id='line_1_37' title="bbox 478 2137 1220 2182; baseline 0.001 -12"><span class='ocrx_word' id='word_1_253' title='bbox 478 2143 589 2172; x_wconf 84' lang='lat' dir='ltr'>ventus</span> <span class='ocrx_word' id='word_1_254' title='bbox 606 2143 749 2182; x_wconf 87' lang='lat' dir='ltr'>tempore</span> <span class='ocrx_word' id='word_1_255' title='bbox 765 2137 888 2180; x_wconf 86' lang='lat' dir='ltr'>assequi</span> <span class='ocrx_word' id='word_1_256' title='bbox 905 2147 967 2170; x_wconf 89' lang='lat' dir='ltr'>non</span> <span class='ocrx_word' id='word_1_257' title='bbox 983 2143 1138 2181; x_wconf 88' lang='lat' dir='ltr'>potuerat,</span> <span class='ocrx_word' id='word_1_258' title='bbox 1153 2138 1220 2182; x_wconf 85' lang='lat' dir='ltr'>ipso</span> 
     </span>
     <span class='ocr_line' id='line_1_38' title="bbox 479 2191 1221 2236; baseline -0.003 -10"><span class='ocrx_word' id='word_1_259' title='bbox 479 2193 546 2226; x_wconf 87' lang='lat' dir='ltr'>eius</span> <span class='ocrx_word' id='word_1_260' title='bbox 570 2192 635 2226; x_wconf 87' lang='lat' dir='ltr'>silio</span> <span class='ocrx_word' id='word_1_261' title='bbox 660 2192 747 2236; x_wconf 82' lang='lat' dir='ltr'>quasi</span> <span class='ocrx_word' id='word_1_262' title='bbox 770 2192 801 2224; x_wconf 93' lang='lat' dir='ltr'>in</span> <span class='ocrx_word' id='word_1_263' title='bbox 825 2191 894 2235; x_wconf 85' lang='lat' dir='ltr'>ipso</span> <span class='ocrx_word' id='word_1_264' title='bbox 919 2192 1056 2235; x_wconf 82' lang='lat' dir='ltr'>suscepti</span> <span class='ocrx_word' id='word_1_265' title='bbox 1082 2191 1221 2224; x_wconf 83' lang='lat' dir='ltr'>haeredi-</span> 
     </span>
     <span class='ocr_line' id='line_1_39' title="bbox 479 2245 1221 2290; baseline 0 -12"><span class='ocrx_word' id='word_1_266' title='bbox 479 2247 632 2281; x_wconf 80' lang='lat' dir='ltr'>tariorum</span> <span class='ocrx_word' id='word_1_267' title='bbox 648 2257 820 2290; x_wconf 78' lang='lat' dir='ltr'>regnorum</span> <span class='ocrx_word' id='word_1_268' title='bbox 834 2251 863 2278; x_wconf 87' lang='lat' dir='ltr'>et</span> <span class='ocrx_word' id='word_1_269' title='bbox 877 2245 1090 2279; x_wconf 87' lang='lat' dir='ltr'>dominiorum</span> <span class='ocrx_word' id='word_1_270' title='bbox 1108 2245 1221 2288; x_wconf 81' lang='lat' dir='ltr'>guber-</span> 
     </span>
    </p>
   </div>
   <div class='ocr_carea' id='block_1_13' title="bbox 479 2298 1238 2346">
    <p class='ocr_par' dir='ltr' id='par_1_14' title="bbox 479 2298 1238 2346">
     <span class='ocr_line' id='line_1_40' title="bbox 479 2298 1238 2346; baseline -0.004 -12"><span class='ocrx_word' id='word_1_271' title='bbox 479 2300 581 2334; x_wconf 87' lang='lat' dir='ltr'>naculi</span> <span class='ocrx_word' id='word_1_272' title='bbox 599 2300 757 2345; x_wconf 83' lang='lat' dir='ltr'>principio</span> <span class='ocrx_word' id='word_1_273' title='bbox 770 2304 971 2343; x_wconf 82' lang='lat' dir='ltr'>procurante,</span> <span class='ocrx_word' id='word_1_274' title='bbox 986 2300 1102 2332; x_wconf 88' lang='lat' dir='ltr'>nostris</span> <span class='ocrx_word' id='word_1_275' title='bbox 1120 2298 1222 2342; x_wconf 81' lang='lat' dir='ltr'>auspi—</span> <span class='ocrx_word' id='word_1_276' title='bbox 1237 2309 1238 2346; x_wconf 60' lang='lat' dir='ltr'><strong>j</strong></span> 
     </span>
    </p>
   </div>
   <div class='ocr_carea' id='block_1_14' title="bbox 480 2352 1219 2397">
    <p class='ocr_par' dir='ltr' id='par_1_15' title="bbox 480 2352 1219 2397">
     <span class='ocr_line' id='line_1_41' title="bbox 480 2352 1219 2397; baseline -0.004 -10"><span class='ocrx_word' id='word_1_277' title='bbox 480 2354 536 2387; x_wconf 89' lang='lat' dir='ltr'>ciis</span> <span class='ocrx_word' id='word_1_278' title='bbox 564 2354 602 2387; x_wconf 88' lang='lat' dir='ltr'>ad</span> <span class='ocrx_word' id='word_1_279' title='bbox 626 2353 773 2387; x_wconf 76' lang='lat' dir='ltr'>effectum</span> <span class='ocrx_word' id='word_1_280' title='bbox 798 2352 1022 2397; x_wconf 82' lang='lat' dir='ltr'>perducatur),</span> <span class='ocrx_word' id='word_1_281' title='bbox 1048 2352 1219 2396; x_wconf 87' lang='lat' dir='ltr'>plurimum</span> 
     </span>
    </p>
   </div>
   <div class='ocr_carea' id='block_1_15' title="bbox 481 2405 1238 2452">
    <p class='ocr_par' dir='ltr' id='par_1_16' title="bbox 481 2405 1238 2452">
     <span class='ocr_line' id='line_1_42' title="bbox 481 2405 1238 2452; baseline -0.005 -11"><span class='ocrx_word' id='word_1_282' title='bbox 481 2407 586 2452; x_wconf 83' lang='lat' dir='ltr'>cupiat</span> <span class='ocrx_word' id='word_1_283' title='bbox 609 2412 794 2451; x_wconf 88' lang='lat' dir='ltr'>perpetuam</span> <span class='ocrx_word' id='word_1_284' title='bbox 816 2405 1053 2439; x_wconf 80' lang='lat' dir='ltr'>universitatem</span> <span class='ocrx_word' id='word_1_285' title='bbox 1078 2416 1134 2449; x_wconf 89' lang='lat' dir='ltr'>per</span> <span class='ocrx_word' id='word_1_286' title='bbox 1154 2412 1238 2445; x_wconf 53' lang='grc' dir='ltr'>1105,ἰ</span> 
     </span>
    </p>
   </div>
   <div class='ocr_carea' id='block_1_16' title="bbox 481 2459 1221 2504">
    <p class='ocr_par' dir='ltr' id='par_1_17' title="bbox 481 2459 1221 2504">
     <span class='ocr_line' id='line_1_43' title="bbox 481 2459 1221 2504; baseline -0.003 -10"><span class='ocrx_word' id='word_1_287' title='bbox 481 2467 514 2494; x_wconf 83' lang='grc'>111</span> <span class='ocrx_word' id='word_1_288' title='bbox 529 2461 620 2502; x_wconf 76' lang='lat' dir='ltr'>infra,</span> <span class='ocrx_word' id='word_1_289' title='bbox 638 2461 732 2504; x_wconf 76' lang='lat' dir='ltr'>crigi3</span> <span class='ocrx_word' id='word_1_290' title='bbox 757 2470 856 2504; x_wconf 85' lang='lat' dir='ltr'>quare</span> <span class='ocrx_word' id='word_1_291' title='bbox 873 2470 931 2504; x_wconf 88' lang='lat' dir='ltr'>pro</span> <span class='ocrx_word' id='word_1_292' title='bbox 953 2465 1042 2503; x_wconf 89' lang='lat' dir='ltr'>parte</span> <span class='ocrx_word' id='word_1_293' title='bbox 1059 2459 1131 2493; x_wconf 88' lang='lat' dir='ltr'>dicti</span> <span class='ocrx_word' id='word_1_294' title='bbox 1150 2459 1221 2492; x_wconf 86' lang='lat' dir='ltr'>Phi-</span> 
     </span>
    </p>
   </div>
   <div class='ocr_carea' id='block_1_17' title="bbox 1251 1069 1994 1157">
    <p class='ocr_par' dir='ltr' id='par_1_18' title="bbox 1251 1069 1994 1157">
     <span class='ocr_line' id='line_1_44' title="bbox 1251 1069 1993 1109; baseline 0.001 -7"><span class='ocrx_word' id='word_1_295' title='bbox 1251 1075 1424 1109; x_wconf 85' lang='lat' dir='ltr'>censentes,</span> <span class='ocrx_word' id='word_1_296' title='bbox 1445 1080 1481 1102; x_wconf 82' lang='lat' dir='ltr'>ex</span> <span class='ocrx_word' id='word_1_297' title='bbox 1506 1074 1578 1102; x_wconf 85' lang='lat' dir='ltr'>voto</span> <span class='ocrx_word' id='word_1_298' title='bbox 1604 1069 1832 1102; x_wconf 77' lang='lat' dir='ltr'>venerabilium</span> <span class='ocrx_word' id='word_1_299' title='bbox 1857 1069 1993 1103; x_wconf 72' lang='lat' dir='ltr'>fratrum</span> 
     </span>
     <span class='ocr_line' id='line_1_45' title="bbox 1251 1122 1994 1157; baseline 0.001 -2"><span class='ocrx_word' id='word_1_300' title='bbox 1251 1128 1432 1156; x_wconf 88' lang='lat' dir='ltr'>nostrorum</span> <span class='ocrx_word' id='word_1_301' title='bbox 1458 1123 1487 1156; x_wconf 89' lang='lat' dir='ltr'>S.</span> <span class='ocrx_word' id='word_1_302' title='bbox 1514 1123 1548 1156; x_wconf 84' lang='lat' dir='ltr'>R.</span> <span class='ocrx_word' id='word_1_303' title='bbox 1574 1123 1606 1155; x_wconf 91' lang='lat' dir='ltr'>E.</span> <span class='ocrx_word' id='word_1_304' title='bbox 1633 1122 1839 1156; x_wconf 86' lang='lat' dir='ltr'>cardinalium</span> <span class='ocrx_word' id='word_1_305' title='bbox 1863 1122 1994 1157; x_wconf 89' lang='lat' dir='ltr'>Concilii</span> 
     </span>
    </p>
   </div>
   <div class='ocr_carea' id='block_1_18' title="bbox 475 1175 1995 1381">
    <p class='ocr_par' dir='ltr' id='par_1_19' title="bbox 475 1175 1995 1381">
     <span class='ocr_line' id='line_1_46' title="bbox 1234 1175 1992 1220; baseline 0.003 -12"><span class='ocrx_word' id='word_1_306' title='bbox 1234 1175 1425 1220; x_wconf 58' lang='grc' dir='ltr'>1Τι·’.(101111111</span> <span class='ocrx_word' id='word_1_307' title='bbox 1451 1175 1679 1219; x_wconf 86' lang='lat' dir='ltr'>interpretum,</span> <span class='ocrx_word' id='word_1_308' title='bbox 1704 1176 1735 1208; x_wconf 90' lang='lat' dir='ltr'>in</span> <span class='ocrx_word' id='word_1_309' title='bbox 1761 1176 1922 1220; x_wconf 71' lang='lat' dir='ltr'>praedicta</span> <span class='ocrx_word' id='word_1_310' title='bbox 1951 1176 1992 1210; x_wconf 89' lang='lat' dir='ltr'>ci-</span> 
     </span>
     <span class='ocr_line' id='line_1_47' title="bbox 1234 1229 1995 1273; baseline 0.003 -12"><span class='ocrx_word' id='word_1_311' title='bbox 1234 1230 1237 1268; x_wconf 59' lang='lat'><em>}</em></span> <span class='ocrx_word' id='word_1_312' title='bbox 1252 1230 1345 1262; x_wconf 83' lang='lat' dir='ltr'>vitate</span> <span class='ocrx_word' id='word_1_313' title='bbox 1371 1229 1600 1273; x_wconf 80' lang='lat' dir='ltr'>Pampilonensi</span> <span class='ocrx_word' id='word_1_314' title='bbox 1633 1229 1869 1263; x_wconf 79' lang='lat' dir='ltr'>universitatem</span> <span class='ocrx_word' id='word_1_315' title='bbox 1901 1229 1995 1263; x_wconf 87' lang='lat' dir='ltr'>studii</span> 
     </span>
     <span class='ocr_line' id='line_1_48' title="bbox 475 1283 1236 1329; baseline -0.001 -12"><span class='ocrx_word' id='word_1_316' title='bbox 475 1284 606 1317; x_wconf 83' lang='lat' dir='ltr'>subiecti</span> <span class='ocrx_word' id='word_1_317' title='bbox 624 1288 835 1323; x_wconf 83' lang='lat' dir='ltr'>remanerent,</span> <span class='ocrx_word' id='word_1_318' title='bbox 853 1286 882 1316; x_wconf 82' lang='lat' dir='ltr'>et</span> <span class='ocrx_word' id='word_1_319' title='bbox 899 1283 984 1323; x_wconf 77' lang='lat' dir='ltr'>alias,</span> <span class='ocrx_word' id='word_1_320' title='bbox 998 1289 1090 1327; x_wconf 88' lang='lat' dir='ltr'>prout</span> <span class='ocrx_word' id='word_1_321' title='bbox 1110 1284 1140 1316; x_wconf 91' lang='lat' dir='ltr'>in</span> <span class='ocrx_word' id='word_1_322' title='bbox 1157 1283 1219 1316; x_wconf 81' lang='lat' dir='ltr'>eiu-</span> <span class='ocrx_word' id='word_1_323' title='bbox 1234 1284 1236 1329; x_wconf 63' lang='grc'>’1</span> 
     </span>
     <span class='ocr_line' id='line_1_49' title="bbox 476 1331 1237 1381; baseline -0.003 -10"><span class='ocrx_word' id='word_1_324' title='bbox 476 1338 563 1371; x_wconf 88' lang='lat' dir='ltr'>sdem</span> <span class='ocrx_word' id='word_1_325' title='bbox 588 1337 759 1381; x_wconf 85' lang='lat' dir='ltr'>diplomate</span> <span class='ocrx_word' id='word_1_326' title='bbox 783 1337 872 1379; x_wconf 79' lang='lat' dir='ltr'>regio</span> <span class='ocrx_word' id='word_1_327' title='bbox 889 1336 1012 1380; x_wconf 86' lang='lat' dir='ltr'>plenius</span> <span class='ocrx_word' id='word_1_328' title='bbox 1029 1337 1217 1370; x_wconf 83' lang='lat' dir='ltr'>continetur.</span> <span class='ocrx_word' id='word_1_329' title='bbox 1235 1331 1237 1345; x_wconf 64' lang='lat'>⁴</span> 
     </span>
    </p>
   </div>
   <div class='ocr_carea' id='block_1_19' title="bbox 1253 1283 1996 1380">
    <p class='ocr_par' dir='ltr' id='par_1_20' title="bbox 1253 1283 1996 1380">
     <span class='ocr_line' id='line_1_50' title="bbox 1253 1283 1993 1327; baseline 0.001 -12"><span class='ocrx_word' id='word_1_330' title='bbox 1253 1283 1419 1325; x_wconf 77' lang='lat' dir='ltr'>generalis,</span> <span class='ocrx_word' id='word_1_331' title='bbox 1445 1283 1476 1315; x_wconf 91' lang='lat' dir='ltr'>in</span> <span class='ocrx_word' id='word_1_332' title='bbox 1500 1293 1562 1326; x_wconf 87' lang='lat' dir='ltr'>qua</span> <span class='ocrx_word' id='word_1_333' title='bbox 1586 1283 1802 1327; x_wconf 85' lang='lat' dir='ltr'>philosophia,</span> <span class='ocrx_word' id='word_1_334' title='bbox 1827 1283 1993 1325; x_wconf 78' lang='lat' dir='ltr'>medicina,</span> 
     </span>
     <span class='ocr_line' id='line_1_51' title="bbox 1254 1335 1996 1380; baseline 0.003 -12"><span class='ocrx_word' id='word_1_335' title='bbox 1254 1336 1301 1368; x_wconf 90' lang='lat' dir='ltr'>ius</span> <span class='ocrx_word' id='word_1_336' title='bbox 1327 1335 1418 1369; x_wconf 79' lang='lat' dir='ltr'>civile</span> <span class='ocrx_word' id='word_1_337' title='bbox 1443 1341 1473 1369; x_wconf 83' lang='lat' dir='ltr'>et</span> <span class='ocrx_word' id='word_1_338' title='bbox 1497 1337 1695 1375; x_wconf 85' lang='lat' dir='ltr'>canonicum,</span> <span class='ocrx_word' id='word_1_339' title='bbox 1720 1341 1813 1380; x_wconf 88' lang='lat' dir='ltr'>atque</span> <span class='ocrx_word' id='word_1_340' title='bbox 1837 1337 1996 1380; x_wconf 79' lang='lat' dir='ltr'>theologia</span> 
     </span>
    </p>
   </div>
   <div class='ocr_carea' id='block_1_20' title="bbox 1236 1389 1996 1437">
    <p class='ocr_par' dir='ltr' id='par_1_21' title="bbox 1236 1389 1996 1437">
     <span class='ocr_line' id='line_1_52' title="bbox 1236 1389 1996 1437; baseline 0.004 -16"><span class='ocrx_word' id='word_1_341' title='bbox 1236 1389 1446 1437; x_wconf 40' lang='lat' dir='ltr'>peccantur,</span> <span class='ocrx_word' id='word_1_342' title='bbox 1467 1394 1494 1421; x_wconf 89' lang='lat' dir='ltr'>ct</span> <span class='ocrx_word' id='word_1_343' title='bbox 1518 1389 1549 1421; x_wconf 90' lang='lat' dir='ltr'>in</span> <span class='ocrx_word' id='word_1_344' title='bbox 1574 1389 1623 1422; x_wconf 93' lang='lat' dir='ltr'>his</span> <span class='ocrx_word' id='word_1_345' title='bbox 1646 1389 1846 1423; x_wconf 79' lang='lat' dir='ltr'>facultatibus</span> <span class='ocrx_word' id='word_1_346' title='bbox 1870 1390 1996 1434; x_wconf 82' lang='lat' dir='ltr'>publice</span> 
     </span>
    </p>
   </div>
   <div class='ocr_carea' id='block_1_21' title="bbox 1254 1442 1997 1483">
    <p class='ocr_par' dir='ltr' id='par_1_22' title="bbox 1254 1442 1997 1483">
     <span class='ocr_line' id='line_1_53' title="bbox 1254 1442 1997 1483; baseline 0.003 -9"><span class='ocrx_word' id='word_1_347' title='bbox 1254 1442 1403 1475; x_wconf 87' lang='lat' dir='ltr'>lectiones</span> <span class='ocrx_word' id='word_1_348' title='bbox 1428 1442 1614 1483; x_wconf 86' lang='lat' dir='ltr'>habeantur,</span> <span class='ocrx_word' id='word_1_349' title='bbox 1632 1447 1662 1475; x_wconf 92' lang='lat' dir='ltr'>et</span> <span class='ocrx_word' id='word_1_350' title='bbox 1678 1442 1768 1476; x_wconf 88' lang='lat' dir='ltr'>cuius</span> <span class='ocrx_word' id='word_1_351' title='bbox 1792 1443 1997 1477; x_wconf 88' lang='lat' dir='ltr'>cancellarius</span> 
     </span>
    </p>
   </div>
   <div class='ocr_carea' id='block_1_22' title="bbox 478 1495 1997 1701">
    <p class='ocr_par' dir='ltr' id='par_1_23' title="bbox 478 1495 1997 1701">
     <span class='ocr_line' id='line_1_54' title="bbox 1235 1495 1997 1537; baseline 0.005 -10"><span class='ocrx_word' id='word_1_352' title='bbox 1235 1498 1237 1537; x_wconf 65' lang='grc' dir='ltr'>ξ</span> <span class='ocrx_word' id='word_1_353' title='bbox 1254 1495 1290 1528; x_wconf 87' lang='lat' dir='ltr'>sit</span> <span class='ocrx_word' id='word_1_354' title='bbox 1309 1500 1337 1528; x_wconf 92' lang='lat' dir='ltr'>et</span> <span class='ocrx_word' id='word_1_355' title='bbox 1356 1506 1423 1529; x_wconf 86' lang='lat' dir='ltr'>esse</span> <span class='ocrx_word' id='word_1_356' title='bbox 1439 1496 1550 1529; x_wconf 83' lang='lat' dir='ltr'>debeat</span> <span class='ocrx_word' id='word_1_357' title='bbox 1575 1496 1762 1529; x_wconf 83' lang='lat' dir='ltr'>venerabilis</span> <span class='ocrx_word' id='word_1_358' title='bbox 1778 1497 1875 1530; x_wconf 82' lang='lat' dir='ltr'>frater</span> <span class='ocrx_word' id='word_1_359' title='bbox 1889 1502 1997 1531; x_wconf 86' lang='lat' dir='ltr'>noster</span> 
     </span>
     <span class='ocr_line' id='line_1_55' title="bbox 478 1549 1237 1595; baseline -0.003 -10"><span class='ocrx_word' id='word_1_360' title='bbox 478 1551 546 1585; x_wconf 84' lang='lat' dir='ltr'>eius</span> <span class='ocrx_word' id='word_1_361' title='bbox 570 1552 705 1595; x_wconf 82' lang='lat' dir='ltr'>genitor,</span> <span class='ocrx_word' id='word_1_362' title='bbox 723 1561 786 1584; x_wconf 93' lang='lat' dir='ltr'>non</span> <span class='ocrx_word' id='word_1_363' title='bbox 811 1551 910 1584; x_wconf 85' lang='lat' dir='ltr'>multo</span> <span class='ocrx_word' id='word_1_364' title='bbox 927 1551 967 1583; x_wconf 81' lang='lat' dir='ltr'>al)</span> <span class='ocrx_word' id='word_1_365' title='bbox 983 1551 1055 1583; x_wconf 85' lang='lat' dir='ltr'>hinc</span> <span class='ocrx_word' id='word_1_366' title='bbox 1078 1556 1219 1594; x_wconf 87' lang='lat' dir='ltr'>tempore</span> <span class='ocrx_word' id='word_1_367' title='bbox 1236 1549 1237 1575; x_wconf 61' lang='grc' dir='ltr'><em>ἕ</em></span> 
     </span>
     <span class='ocr_line' id='line_1_56' title="bbox 478 1597 1237 1648; baseline -0.003 -10"><span class='ocrx_word' id='word_1_368' title='bbox 478 1604 574 1638; x_wconf 83' lang='lat' dir='ltr'>rebus</span> <span class='ocrx_word' id='word_1_369' title='bbox 589 1604 735 1637; x_wconf 84' lang='lat' dir='ltr'>humanis</span> <span class='ocrx_word' id='word_1_370' title='bbox 753 1609 926 1648; x_wconf 85' lang='lat' dir='ltr'>exemptus,</span> <span class='ocrx_word' id='word_1_371' title='bbox 945 1604 1137 1648; x_wconf 85' lang='lat' dir='ltr'>praedictam</span> <span class='ocrx_word' id='word_1_372' title='bbox 1155 1603 1220 1636; x_wconf 88' lang='lat' dir='ltr'>uni-</span> <span class='ocrx_word' id='word_1_373' title='bbox 1236 1597 1237 1631; x_wconf 58' lang='lat' dir='ltr'>i</span> 
     </span>
     <span class='ocr_line' id='line_1_57' title="bbox 480 1648 1238 1701; baseline -0.001 -11"><span class='ocrx_word' id='word_1_374' title='bbox 480 1659 658 1691; x_wconf 84' lang='lat' dir='ltr'>versitatem</span> <span class='ocrx_word' id='word_1_375' title='bbox 675 1657 849 1701; x_wconf 75' lang='lat' dir='ltr'>apostolica</span> <span class='ocrx_word' id='word_1_376' title='bbox 867 1657 1052 1690; x_wconf 84' lang='lat' dir='ltr'>auctoritate</span> <span class='ocrx_word' id='word_1_377' title='bbox 1069 1657 1147 1700; x_wconf 80' lang='lat' dir='ltr'>erigi</span> <span class='ocrx_word' id='word_1_378' title='bbox 1169 1657 1221 1690; x_wconf 85' lang='lat' dir='ltr'>de.-</span> <span class='ocrx_word' id='word_1_379' title='bbox 1236 1648 1238 1668; x_wconf 56' lang='lat'>³</span> 
     </span>
    </p>
   </div>
   <div class='ocr_carea' id='block_1_23' title="bbox 1254 1549 1998 1702">
    <p class='ocr_par' dir='ltr' id='par_1_24' title="bbox 1254 1549 1998 1702">
     <span class='ocr_line' id='line_1_58' title="bbox 1255 1549 1997 1595; baseline 0.005 -14"><span class='ocrx_word' id='word_1_380' title='bbox 1255 1549 1427 1582; x_wconf 85' lang='lat' dir='ltr'>modernus</span> <span class='ocrx_word' id='word_1_381' title='bbox 1443 1555 1473 1582; x_wconf 87' lang='lat' dir='ltr'>et</span> <span class='ocrx_word' id='word_1_382' title='bbox 1489 1560 1548 1594; x_wconf 91' lang='lat' dir='ltr'>pro</span> <span class='ocrx_word' id='word_1_383' title='bbox 1566 1555 1708 1594; x_wconf 86' lang='lat' dir='ltr'>tempore</span> <span class='ocrx_word' id='word_1_384' title='bbox 1725 1550 1862 1584; x_wconf 78' lang='lat' dir='ltr'>existens</span> <span class='ocrx_word' id='word_1_385' title='bbox 1878 1551 1997 1595; x_wconf 85' lang='lat' dir='ltr'>episco-</span> 
     </span>
     <span class='ocr_line' id='line_1_59' title="bbox 1254 1602 1997 1647; baseline 0.005 -13"><span class='ocrx_word' id='word_1_386' title='bbox 1254 1613 1314 1646; x_wconf 90' lang='lat' dir='ltr'>pus</span> <span class='ocrx_word' id='word_1_387' title='bbox 1335 1602 1594 1646; x_wconf 84' lang='lat' dir='ltr'>Pampilonensis,</span> <span class='ocrx_word' id='word_1_388' title='bbox 1610 1603 1674 1647; x_wconf 87' lang='lat' dir='ltr'>qui,</span> <span class='ocrx_word' id='word_1_389' title='bbox 1693 1603 1724 1636; x_wconf 92' lang='lat' dir='ltr'>in</span> <span class='ocrx_word' id='word_1_390' title='bbox 1741 1614 1816 1637; x_wconf 87' lang='lat' dir='ltr'>casu</span> <span class='ocrx_word' id='word_1_391' title='bbox 1839 1603 1997 1638; x_wconf 86' lang='lat' dir='ltr'>absentiae</span> 
     </span>
     <span class='ocr_line' id='line_1_60' title="bbox 1254 1656 1998 1702; baseline 0.004 -14"><span class='ocrx_word' id='word_1_392' title='bbox 1254 1661 1305 1688; x_wconf 86' lang='lat' dir='ltr'>aut</span> <span class='ocrx_word' id='word_1_393' title='bbox 1331 1656 1560 1700; x_wconf 85' lang='lat' dir='ltr'>impedimenti,</span> <span class='ocrx_word' id='word_1_394' title='bbox 1577 1667 1675 1689; x_wconf 90' lang='lat' dir='ltr'>unum</span> <span class='ocrx_word' id='word_1_395' title='bbox 1694 1668 1729 1690; x_wconf 82' lang='lat' dir='ltr'>ex</span> <span class='ocrx_word' id='word_1_396' title='bbox 1747 1657 1906 1691; x_wconf 85' lang='lat' dir='ltr'>canonicis</span> <span class='ocrx_word' id='word_1_397' title='bbox 1926 1668 1998 1702; x_wconf 85' lang='lat' dir='ltr'>pro·</span> 
     </span>
    </p>
   </div>
   <div class='ocr_carea' id='block_1_24' title="bbox 1236 1709 1998 1754">
    <p class='ocr_par' dir='ltr' id='par_1_25' title="bbox 1236 1709 1998 1754">
     <span class='ocr_line' id='line_1_61' title="bbox 1236 1709 1998 1754; baseline 0.004 -12"><span class='ocrx_word' id='word_1_398' title='bbox 1236 1721 1237 1742; x_wconf 75' lang='grc'><strong>;</strong></span> <span class='ocrx_word' id='word_1_399' title='bbox 1254 1709 1342 1742; x_wconf 84' lang='lat' dir='ltr'>fessis</span> <span class='ocrx_word' id='word_1_400' title='bbox 1366 1710 1516 1743; x_wconf 85' lang='lat' dir='ltr'>ccclesiae</span> <span class='ocrx_word' id='word_1_401' title='bbox 1542 1710 1790 1754; x_wconf 85' lang='lat' dir='ltr'>Pampiloneusis</span> <span class='ocrx_word' id='word_1_402' title='bbox 1807 1711 1838 1743; x_wconf 93' lang='lat' dir='ltr'>in</span> <span class='ocrx_word' id='word_1_403' title='bbox 1858 1711 1998 1745; x_wconf 80' lang='lat' dir='ltr'>vicecan-</span> 
     </span>
    </p>
   </div>
   <div class='ocr_carea' id='block_1_25' title="bbox 1236 1756 1998 1968">
    <p class='ocr_par' dir='ltr' id='par_1_26' title="bbox 1236 1756 1998 1968">
     <span class='ocr_line' id='line_1_62' title="bbox 1236 1756 1997 1809; baseline 0.004 -14.073"><span class='ocrx_word' id='word_1_404' title='bbox 1236 1756 1289 1809; x_wconf 55' lang='lat' dir='ltr'>Joe·</span> <span class='ocrx_word' id='word_1_405' title='bbox 1292 1763 1418 1795; x_wconf 88' lang='lat' dir='ltr'>llarium</span> <span class='ocrx_word' id='word_1_406' title='bbox 1441 1762 1449 1780; x_wconf 92' lang='lat'>¹</span> <span class='ocrx_word' id='word_1_407' title='bbox 1475 1762 1626 1807; x_wconf 85' lang='lat' dir='ltr'>deputare</span> <span class='ocrx_word' id='word_1_408' title='bbox 1666 1763 1785 1807; x_wconf 86' lang='lat' dir='ltr'>possit,</span> <span class='ocrx_word' id='word_1_409' title='bbox 1825 1764 1997 1808; x_wconf 75' lang='lat' dir='ltr'>apostolica</span> 
     </span>
     <span class='ocr_line' id='line_1_63' title="bbox 1236 1812 1996 1858; baseline 0.004 -10.077"><span class='ocrx_word' id='word_1_410' title='bbox 1236 1812 1439 1850; x_wconf 84' lang='lat' dir='ltr'>auctoritate</span> <span class='ocrx_word' id='word_1_411' title='bbox 1451 1843 1458 1857; x_wconf 89' lang='lat'>‚</span> <span class='ocrx_word' id='word_1_412' title='bbox 1475 1816 1513 1849; x_wconf 88' lang='lat' dir='ltr'>ad</span> <span class='ocrx_word' id='word_1_413' title='bbox 1534 1816 1632 1849; x_wconf 84' lang='lat' dir='ltr'>instar</span> <span class='ocrx_word' id='word_1_414' title='bbox 1649 1816 1888 1858; x_wconf 70' lang='lat' dir='ltr'>Salamanfinae,</span> <span class='ocrx_word' id='word_1_415' title='bbox 1905 1817 1996 1851; x_wconf 92' lang='lat' dir='ltr'>Com-</span> 
     </span>
     <span class='ocr_line' id='line_1_64' title="bbox 1236 1856 1998 1914; baseline 0.003 -12.048"><span class='ocrx_word' id='word_1_416' title='bbox 1236 1856 1415 1913; x_wconf 84' lang='lat' dir='ltr'>plutensis,</span> <span class='ocrx_word' id='word_1_417' title='bbox 1430 1875 1459 1903; x_wconf 90' lang='lat' dir='ltr'>et</span> <span class='ocrx_word' id='word_1_418' title='bbox 1479 1870 1612 1903; x_wconf 85' lang='lat' dir='ltr'>aliarum</span> <span class='ocrx_word' id='word_1_419' title='bbox 1630 1870 1798 1914; x_wconf 85' lang='lat' dir='ltr'>Hispaniae</span> <span class='ocrx_word' id='word_1_420' title='bbox 1816 1871 1998 1906; x_wconf 84' lang='lat' dir='ltr'>univcrsita-</span> 
     </span>
     <span class='ocr_line' id='line_1_65' title="bbox 1236 1923 1996 1968; baseline 0.003 -13.051"><span class='ocrx_word' id='word_1_421' title='bbox 1236 1925 1332 1963; x_wconf 86' lang='grc'>111111,</span> <span class='ocrx_word' id='word_1_422' title='bbox 1357 1923 1424 1956; x_wconf 85' lang='lat' dir='ltr'>sine</span> <span class='ocrx_word' id='word_1_423' title='bbox 1447 1923 1580 1956; x_wconf 85' lang='lat' dir='ltr'>alicuius</span> <span class='ocrx_word' id='word_1_424' title='bbox 1604 1923 1817 1967; x_wconf 88' lang='lat' dir='ltr'>praeiudicio,</span> <span class='ocrx_word' id='word_1_425' title='bbox 1842 1929 1996 1968; x_wconf 87' lang='lat' dir='ltr'>perpetuo</span> 
     </span>
    </p>
   </div>
   <div class='ocr_carea' id='block_1_26' title="bbox 479 1977 1698 2128">
    <p class='ocr_par' dir='ltr' id='par_1_27' title="bbox 479 1977 1698 2128">
     <span class='ocr_line' id='line_1_66' title="bbox 1236 1977 1698 2019; baseline 0.002 -10"><span class='ocrx_word' id='word_1_426' title='bbox 1236 1987 1237 2009; x_wconf 71' lang='lat'>1</span> <span class='ocrx_word' id='word_1_427' title='bbox 1255 1977 1406 2019; x_wconf 80' lang='lat' dir='ltr'>erigimus</span> <span class='ocrx_word' id='word_1_428' title='bbox 1431 1982 1461 2010; x_wconf 85' lang='lat' dir='ltr'>et</span> <span class='ocrx_word' id='word_1_429' title='bbox 1485 1977 1698 2011; x_wconf 83' lang='lat' dir='ltr'>instituimus:</span> 
     </span>
     <span class='ocr_line' id='line_1_67' title="bbox 479 2021 1238 2074; baseline -0.001 -10"><span class='ocrx_word' id='word_1_430' title='bbox 479 2031 546 2064; x_wconf 88' lang='lat' dir='ltr'>eius</span> <span class='ocrx_word' id='word_1_431' title='bbox 564 2030 696 2073; x_wconf 81' lang='lat' dir='ltr'>vestigia</span> <span class='ocrx_word' id='word_1_432' title='bbox 713 2030 858 2063; x_wconf 80' lang='lat' dir='ltr'>incedere</span> <span class='ocrx_word' id='word_1_433' title='bbox 876 2030 1040 2064; x_wconf 88' lang='lat' dir='ltr'>intendens</span> <span class='ocrx_word' id='word_1_434' title='bbox 1060 2031 1117 2073; x_wconf 83' lang='lat' dir='ltr'>(ut,</span> <span class='ocrx_word' id='word_1_435' title='bbox 1135 2030 1220 2074; x_wconf 86' lang='lat' dir='ltr'>quod</span> <span class='ocrx_word' id='word_1_436' title='bbox 1236 2021 1238 2058; x_wconf 62' lang='grc' dir='ltr'>ἶ</span> 
     </span>
     <span class='ocr_line' id='line_1_68' title="bbox 479 2084 1237 2128; baseline -0.001 -10"><span class='ocrx_word' id='word_1_437' title='bbox 479 2084 547 2128; x_wconf 86' lang='lat' dir='ltr'>ipse</span> <span class='ocrx_word' id='word_1_438' title='bbox 563 2084 625 2117; x_wconf 87' lang='lat' dir='ltr'>iam</span> <span class='ocrx_word' id='word_1_439' title='bbox 643 2084 748 2117; x_wconf 87' lang='lat' dir='ltr'>animo</span> <span class='ocrx_word' id='word_1_440' title='bbox 761 2089 947 2127; x_wconf 86' lang='lat' dir='ltr'>conceperat</span> <span class='ocrx_word' id='word_1_441' title='bbox 965 2089 995 2117; x_wconf 91' lang='lat' dir='ltr'>et</span> <span class='ocrx_word' id='word_1_442' title='bbox 1013 2089 1115 2117; x_wconf 87' lang='lat' dir='ltr'>morte</span> <span class='ocrx_word' id='word_1_443' title='bbox 1134 2095 1221 2128; x_wconf 88' lang='lat' dir='ltr'>prac-</span> <span class='ocrx_word' id='word_1_444' title='bbox 1236 2084 1237 2087; x_wconf 72' lang='grc'>’</span> 
     </span>
    </p>
   </div>
   <div class='ocr_carea' id='block_1_27' title="bbox 1255 2029 1997 2503">
    <p class='ocr_par' dir='ltr' id='par_1_28' title="bbox 1255 2029 1997 2503">
     <span class='ocr_line' id='line_1_69' title="bbox 1300 2029 1996 2074; baseline 0.003 -12"><span class='ocrx_word' id='word_1_445' title='bbox 1300 2031 1315 2073; x_wconf 63' lang='grc' dir='ltr'><strong>ξ</strong></span> <span class='ocrx_word' id='word_1_446' title='bbox 1339 2029 1368 2063; x_wconf 78' lang='lat'>8.</span> <span class='ocrx_word' id='word_1_447' title='bbox 1394 2030 1504 2074; x_wconf 88' lang='lat' dir='ltr'>Illique</span> <span class='ocrx_word' id='word_1_448' title='bbox 1525 2030 1568 2063; x_wconf 84' lang='lat' dir='ltr'>sic</span> <span class='ocrx_word' id='word_1_449' title='bbox 1587 2035 1709 2064; x_wconf 89' lang='lat' dir='ltr'>erectae</span> <span class='ocrx_word' id='word_1_450' title='bbox 1727 2034 1757 2063; x_wconf 85' lang='lat' dir='ltr'>et</span> <span class='ocrx_word' id='word_1_451' title='bbox 1775 2030 1944 2071; x_wconf 83' lang='lat' dir='ltr'>institutae,</span> <span class='ocrx_word' id='word_1_452' title='bbox 1961 2041 1996 2064; x_wconf 86' lang='lat' dir='ltr'>ac</span> 
     </span>
     <span class='ocr_line' id='line_1_70' title="bbox 1255 2083 1996 2128; baseline 0 -12"><span class='ocrx_word' id='word_1_453' title='bbox 1255 2084 1322 2116; x_wconf 81' lang='lat' dir='ltr'>eius</span> <span class='ocrx_word' id='word_1_454' title='bbox 1340 2095 1397 2128; x_wconf 81' lang='lat' dir='ltr'>pro</span> <span class='ocrx_word' id='word_1_455' title='bbox 1415 2089 1558 2127; x_wconf 84' lang='lat' dir='ltr'>tempore</span> <span class='ocrx_word' id='word_1_456' title='bbox 1574 2083 1779 2117; x_wconf 84' lang='lat' dir='ltr'>existentibus</span> <span class='ocrx_word' id='word_1_457' title='bbox 1796 2083 1996 2125; x_wconf 87' lang='lat' dir='ltr'>cancellario,</span> 
     </span>
     <span class='ocr_line' id='line_1_71' title="bbox 1256 2137 1997 2180; baseline 0.003 -11"><span class='ocrx_word' id='word_1_458' title='bbox 1256 2137 1522 2177; x_wconf 72' lang='lat' dir='ltr'>vieecaneollario,</span> <span class='ocrx_word' id='word_1_459' title='bbox 1548 2137 1674 2177; x_wconf 85' lang='lat' dir='ltr'>rectori,</span> <span class='ocrx_word' id='word_1_460' title='bbox 1699 2137 1868 2180; x_wconf 83' lang='lat' dir='ltr'>magistris,</span> <span class='ocrx_word' id='word_1_461' title='bbox 1893 2137 1997 2171; x_wconf 89' lang='lat' dir='ltr'>docto-</span> 
     </span>
     <span class='ocr_line' id='line_1_72' title="bbox 1255 2190 1997 2234; baseline 0.003 -12"><span class='ocrx_word' id='word_1_462' title='bbox 1255 2190 1353 2231; x_wconf 83' lang='lat' dir='ltr'>ribus,</span> <span class='ocrx_word' id='word_1_463' title='bbox 1378 2190 1559 2230; x_wconf 80' lang='lat' dir='ltr'>lectoribus,</span> <span class='ocrx_word' id='word_1_464' title='bbox 1580 2191 1850 2234; x_wconf 84' lang='lat' dir='ltr'>praeceptoribus,</span> <span class='ocrx_word' id='word_1_465' title='bbox 1868 2190 1997 2234; x_wconf 83' lang='lat' dir='ltr'>gradua—</span> 
     </span>
     <span class='ocr_line' id='line_1_73' title="bbox 1256 2244 1995 2287; baseline 0 -9"><span class='ocrx_word' id='word_1_466' title='bbox 1256 2245 1303 2284; x_wconf 86' lang='lat' dir='ltr'>lis,</span> <span class='ocrx_word' id='word_1_467' title='bbox 1325 2245 1534 2285; x_wconf 83' lang='lat' dir='ltr'>scholaribus,</span> <span class='ocrx_word' id='word_1_468' title='bbox 1559 2245 1693 2287; x_wconf 75' lang='lat' dir='ltr'>bidelliS,</span> <span class='ocrx_word' id='word_1_469' title='bbox 1719 2245 1853 2285; x_wconf 87' lang='lat' dir='ltr'>nunciis,</span> <span class='ocrx_word' id='word_1_470' title='bbox 1871 2249 1901 2278; x_wconf 88' lang='lat' dir='ltr'>et</span> <span class='ocrx_word' id='word_1_471' title='bbox 1927 2244 1995 2278; x_wconf 87' lang='lat' dir='ltr'>aliis</span> 
     </span>
     <span class='ocr_line' id='line_1_74' title="bbox 1255 2297 1997 2342; baseline -0.001 -11"><span class='ocrx_word' id='word_1_472' title='bbox 1255 2298 1443 2331; x_wconf 79' lang='lat' dir='ltr'>officialibus</span> <span class='ocrx_word' id='word_1_473' title='bbox 1467 2309 1502 2331; x_wconf 83' lang='lat' dir='ltr'>ac</span> <span class='ocrx_word' id='word_1_474' title='bbox 1529 2298 1683 2342; x_wconf 81' lang='lat' dir='ltr'>personis,</span> <span class='ocrx_word' id='word_1_475' title='bbox 1703 2308 1826 2331; x_wconf 87' lang='lat' dir='ltr'>necnon</span> <span class='ocrx_word' id='word_1_476' title='bbox 1846 2297 1997 2331; x_wconf 87' lang='lat' dir='ltr'>membris</span> 
     </span>
     <span class='ocr_line' id='line_1_75' title="bbox 1255 2351 1997 2396; baseline -0.001 -12"><span class='ocrx_word' id='word_1_477' title='bbox 1255 2357 1283 2384; x_wconf 88' lang='lat' dir='ltr'>et</span> <span class='ocrx_word' id='word_1_478' title='bbox 1301 2351 1443 2392; x_wconf 82' lang='lat' dir='ltr'>subditis,</span> <span class='ocrx_word' id='word_1_479' title='bbox 1468 2351 1552 2396; x_wconf 81' lang='lat' dir='ltr'>quod</span> <span class='ocrx_word' id='word_1_480' title='bbox 1577 2351 1725 2384; x_wconf 86' lang='lat' dir='ltr'>omnibus</span> <span class='ocrx_word' id='word_1_481' title='bbox 1745 2357 1775 2384; x_wconf 85' lang='lat' dir='ltr'>et</span> <span class='ocrx_word' id='word_1_482' title='bbox 1800 2351 1932 2394; x_wconf 77' lang='lat' dir='ltr'>singulis</span> <span class='ocrx_word' id='word_1_483' title='bbox 1955 2351 1997 2384; x_wconf 88' lang='lat' dir='ltr'>in-</span> 
     </span>
     <span class='ocr_line' id='line_1_76' title="bbox 1256 2404 1995 2445; baseline 0 -7"><span class='ocrx_word' id='word_1_484' title='bbox 1256 2405 1360 2445; x_wconf 76' lang='lat' dir='ltr'>dultis,</span> <span class='ocrx_word' id='word_1_485' title='bbox 1386 2405 1592 2445; x_wconf 83' lang='lat' dir='ltr'>libertatibus,</span> <span class='ocrx_word' id='word_1_486' title='bbox 1614 2404 1875 2445; x_wconf 68' lang='lat' dir='ltr'>inmunitatibus,</span> <span class='ocrx_word' id='word_1_487' title='bbox 1893 2415 1995 2438; x_wconf 86' lang='lat' dir='ltr'>exem-</span> 
     </span>
     <span class='ocr_line' id='line_1_77' title="bbox 1256 2457 1996 2503; baseline 0.001 -12"><span class='ocrx_word' id='word_1_488' title='bbox 1256 2459 1425 2503; x_wconf 79' lang='lat' dir='ltr'>ptionibus,</span> <span class='ocrx_word' id='word_1_489' title='bbox 1443 2458 1613 2498; x_wconf 66' lang='lat' dir='ltr'>favoribus,</span> <span class='ocrx_word' id='word_1_490' title='bbox 1630 2458 1750 2501; x_wconf 83' lang='lat' dir='ltr'>gratiis,</span> <span class='ocrx_word' id='word_1_491' title='bbox 1767 2457 1942 2491; x_wconf 87' lang='lat' dir='ltr'>honoribus</span> <span class='ocrx_word' id='word_1_492' title='bbox 1961 2468 1996 2492; x_wconf 91' lang='lat' dir='ltr'>ac</span> 
     </span>
    </p>
   </div>
   <div class='ocr_carea' id='block_1_28' title="bbox 481 2506 1997 2559">
    <p class='ocr_par' dir='ltr' id='par_1_29' title="bbox 481 2506 1997 2559">
     <span class='ocr_line' id='line_1_78' title="bbox 481 2506 1997 2559; baseline -0.001 -11"><span class='ocrx_word' id='word_1_493' title='bbox 481 2515 555 2559; x_wconf 87' lang='lat' dir='ltr'>lippi</span> <span class='ocrx_word' id='word_1_494' title='bbox 573 2515 610 2548; x_wconf 82' lang='lat' dir='ltr'>tv</span> <span class='ocrx_word' id='word_1_495' title='bbox 627 2514 721 2558; x_wconf 79' lang='lat' dir='ltr'>regis,</span> <span class='ocrx_word' id='word_1_496' title='bbox 734 2514 916 2548; x_wconf 90' lang='lat' dir='ltr'>nominibus</span> <span class='ocrx_word' id='word_1_497' title='bbox 935 2513 1114 2558; x_wconf 84' lang='lat' dir='ltr'>praedictis,</span> <span class='ocrx_word' id='word_1_498' title='bbox 1131 2513 1221 2547; x_wconf 87' lang='lat' dir='ltr'>nobis</span> <span class='ocrx_word' id='word_1_499' title='bbox 1237 2522 1238 2559; x_wconf 62' lang='grc'>1</span> <span class='ocrx_word' id='word_1_500' title='bbox 1255 2506 1511 2556; x_wconf 78' lang='lat' dir='ltr'>praeeminentiis</span> <span class='ocrx_word' id='word_1_501' title='bbox 1547 2511 1805 2545; x_wconf 86' lang='lat' dir='ltr'>Salamautiuensi</span> <span class='ocrx_word' id='word_1_502' title='bbox 1838 2515 1868 2546; x_wconf 83' lang='lat' dir='ltr'>et</span> <span class='ocrx_word' id='word_1_503' title='bbox 1905 2512 1997 2546; x_wconf 89' lang='lat' dir='ltr'>Com·</span> 
     </span>
    </p>
   </div>
   <div class='ocr_carea' id='block_1_29' title="bbox 482 2566 1221 2612">
    <p class='ocr_par' dir='ltr' id='par_1_30' title="bbox 482 2566 1221 2612">
     <span class='ocr_line' id='line_1_79' title="bbox 482 2566 1221 2612; baseline 0 -13"><span class='ocrx_word' id='word_1_504' title='bbox 482 2568 538 2600; x_wconf 82' lang='lat' dir='ltr'>tuit</span> <span class='ocrx_word' id='word_1_505' title='bbox 566 2568 728 2602; x_wconf 84' lang='lat' dir='ltr'>humiliter</span> <span class='ocrx_word' id='word_1_506' title='bbox 759 2567 986 2612; x_wconf 82' lang='lat' dir='ltr'>supplicatum,</span> <span class='ocrx_word' id='word_1_507' title='bbox 1011 2572 1166 2610; x_wconf 85' lang='lat' dir='ltr'>quatenus</span> <span class='ocrx_word' id='word_1_508' title='bbox 1190 2566 1221 2599; x_wconf 93' lang='lat' dir='ltr'>in</span> 
     </span>
    </p>
   </div>
   <div class='ocr_carea' id='block_1_30' title="bbox 515 2638 1166 2719">
    <p class='ocr_par' dir='ltr' id='par_1_31' title="bbox 515 2638 1166 2719">
     <span class='ocr_line' id='line_1_80' title="bbox 518 2638 952 2674; baseline -0.002 -9"><span class='ocrx_word' id='word_1_509' title='bbox 518 2641 528 2665; x_wconf 79' lang='lat'><strong>1</strong></span> <span class='ocrx_word' id='word_1_510' title='bbox 548 2638 642 2674; x_wconf 82' lang='lat' dir='ltr'>Praep.</span> <span class='ocrx_word' id='word_1_511' title='bbox 660 2640 691 2667; x_wconf 78' lang='lat' dir='ltr'>in</span> <span class='ocrx_word' id='word_1_512' title='bbox 707 2638 830 2666; x_wconf 81' lang='lat' dir='ltr'>delemus</span> <span class='ocrx_word' id='word_1_513' title='bbox 849 2639 885 2674; x_wconf 79' lang='lat' dir='ltr'>(n.</span> <span class='ocrx_word' id='word_1_514' title='bbox 903 2638 952 2674; x_wconf 77' lang='lat' dir='ltr'>T.).</span> 
     </span>
     <span class='ocr_line' id='line_1_81' title="bbox 515 2682 1166 2719; baseline -0.002 -10"><span class='ocrx_word' id='word_1_515' title='bbox 515 2682 532 2709; x_wconf 73' lang='lat'><strong>2</strong></span> <span class='ocrx_word' id='word_1_516' title='bbox 553 2682 696 2719; x_wconf 79' lang='lat' dir='ltr'>Pei-peram</span> <span class='ocrx_word' id='word_1_517' title='bbox 715 2683 782 2711; x_wconf 87' lang='lat' dir='ltr'>edit.</span> <span class='ocrx_word' id='word_1_518' title='bbox 800 2683 883 2711; x_wconf 88' lang='lat' dir='ltr'>Main.</span> <span class='ocrx_word' id='word_1_519' title='bbox 905 2682 970 2718; x_wconf 78' lang='lat' dir='ltr'>tegit</span> <span class='ocrx_word' id='word_1_520' title='bbox 991 2683 1044 2710; x_wconf 75' lang='lat' dir='ltr'>loci</span> <span class='ocrx_word' id='word_1_521' title='bbox 1063 2683 1166 2717; x_wconf 53' lang='grc'>(11.1).</span> 
     </span>
    </p>
   </div>
   <div class='ocr_carea' id='block_1_31' title="bbox 1255 2563 1996 2610">
    <p class='ocr_par' dir='ltr' id='par_1_32' title="bbox 1255 2563 1996 2610">
     <span class='ocr_line' id='line_1_82' title="bbox 1255 2563 1996 2610; baseline 0.001 -12"><span class='ocrx_word' id='word_1_522' title='bbox 1255 2566 1410 2610; x_wconf 83' lang='lat' dir='ltr'>pluteusi,</span> <span class='ocrx_word' id='word_1_523' title='bbox 1446 2577 1481 2598; x_wconf 82' lang='lat' dir='ltr'>ac</span> <span class='ocrx_word' id='word_1_524' title='bbox 1511 2565 1673 2609; x_wconf 74' lang='lat' dir='ltr'>quibusvis</span> <span class='ocrx_word' id='word_1_525' title='bbox 1697 2563 1708 2582; x_wconf 67' lang='lat'>²</span> <span class='ocrx_word' id='word_1_526' title='bbox 1733 2565 1801 2598; x_wconf 92' lang='lat' dir='ltr'>aliis</span> <span class='ocrx_word' id='word_1_527' title='bbox 1826 2566 1996 2610; x_wconf 88' lang='lat' dir='ltr'>Hispaniae</span> 
     </span>
    </p>
   </div>
   <div class='ocr_carea' id='block_1_32' title="bbox 1289 2635 1958 2716">
    <p class='ocr_par' dir='ltr' id='par_1_33' title="bbox 1289 2635 1958 2716">
     <span class='ocr_line' id='line_1_83' title="bbox 1292 2635 1958 2671; baseline -0.002 -7"><span class='ocrx_word' id='word_1_528' title='bbox 1292 2639 1300 2664; x_wconf 87' lang='grc'>1</span> <span class='ocrx_word' id='word_1_529' title='bbox 1323 2636 1391 2664; x_wconf 81' lang='lat' dir='ltr'>Edit.</span> <span class='ocrx_word' id='word_1_530' title='bbox 1413 2635 1490 2663; x_wconf 86' lang='lat' dir='ltr'>Maiu.</span> <span class='ocrx_word' id='word_1_531' title='bbox 1512 2635 1577 2671; x_wconf 72' lang='lat' dir='ltr'>legit</span> <span class='ocrx_word' id='word_1_532' title='bbox 1595 2635 1832 2663; x_wconf 70' lang='lat' dir='ltr'>vicecancellarz&#39;o</span> <span class='ocrx_word' id='word_1_533' title='bbox 1851 2637 1891 2671; x_wconf 74' lang='lat' dir='ltr'>(n.</span> <span class='ocrx_word' id='word_1_534' title='bbox 1910 2637 1958 2669; x_wconf 71' lang='grc'>1.).</span> 
     </span>
     <span class='ocr_line' id='line_1_84' title="bbox 1289 2680 1844 2716; baseline -0.002 -8"><span class='ocrx_word' id='word_1_535' title='bbox 1289 2682 1306 2708; x_wconf 78' lang='lat'><strong>2</strong></span> <span class='ocrx_word' id='word_1_536' title='bbox 1320 2681 1362 2708; x_wconf 70' lang='lat' dir='ltr'>Sic</span> <span class='ocrx_word' id='word_1_537' title='bbox 1377 2680 1535 2716; x_wconf 78' lang='lat' dir='ltr'>corrigimus</span> <span class='ocrx_word' id='word_1_538' title='bbox 1551 2680 1608 2708; x_wconf 86' lang='lat' dir='ltr'>loco</span> <span class='ocrx_word' id='word_1_539' title='bbox 1625 2680 1726 2715; x_wconf 80' lang='lat' dir='ltr'>quibus</span> <span class='ocrx_word' id='word_1_540' title='bbox 1744 2685 1782 2715; x_wconf 74' lang='lat' dir='ltr'>(a.</span> <span class='ocrx_word' id='word_1_541' title='bbox 1799 2681 1844 2715; x_wconf 71' lang='grc' dir='ltr'>τ.1.</span> 
     </span>
    </p>
   </div>
   <div class='ocr_carea' id='block_1_33' title="bbox 2011 2039 2197 2146">
    <p class='ocr_par' dir='ltr' id='par_1_34' title="bbox 2011 2039 2197 2146">
     <span class='ocr_line' id='line_1_85' title="bbox 2050 2039 2196 2070; baseline 0 -9"><span class='ocrx_word' id='word_1_542' title='bbox 2050 2039 2129 2070; x_wconf 64' lang='lat' dir='ltr'>ntique</span> <span class='ocrx_word' id='word_1_543' title='bbox 2139 2041 2196 2070; x_wconf 65' lang='lat' dir='ltr'>eatq-</span> 
     </span>
     <span class='ocr_line' id='line_1_86' title="bbox 2011 2071 2197 2088; baseline 0 -1"><span class='ocrx_word' id='word_1_544' title='bbox 2011 2072 2082 2088; x_wconf 78' lang='lat' dir='ltr'>rarum</span> <span class='ocrx_word' id='word_1_545' title='bbox 2094 2071 2197 2087; x_wconf 69' lang='lat' dir='ltr'>univeral-</span> 
     </span>
     <span class='ocr_line' id='line_1_87' title="bbox 2011 2093 2197 2119; baseline -0.005 -5"><span class='ocrx_word' id='word_1_546' title='bbox 2011 2096 2078 2114; x_wconf 72' lang='lat' dir='ltr'>tatum</span> <span class='ocrx_word' id='word_1_547' title='bbox 2086 2093 2197 2119; x_wconf 70' lang='lat' dir='ltr'>privilegia</span> 
     </span>
     <span class='ocr_line' id='line_1_88' title="bbox 2012 2120 2120 2146; baseline 0 -5"><span class='ocrx_word' id='word_1_548' title='bbox 2012 2120 2120 2146; x_wconf 63' lang='lat' dir='ltr'>elai-gitur.</span> 
     </span>
    </p>
   </div>
   <div class='ocr_carea' id='block_1_34' title="bbox 2223 0 2293 3231">
    <p class='ocr_par' dir='ltr' id='par_1_35' title="bbox 2223 0 2293 3231">
     <span class='ocr_line' id='line_1_89' title="bbox 2223 0 2293 3231; baseline 0 0"><span class='ocrx_word' id='word_1_549' title='bbox 2223 0 2293 3231; x_wconf 95' lang='lat' dir='ltr'> </span> 
     </span>
    </p>
   </div>
  </div>
 </body>
</html>
