<?xml version="1.0" encoding="UTF-8"?>
<!DOCTYPE html PUBLIC "-//W3C//DTD XHTML 1.0 Transitional//EN"
    "http://www.w3.org/TR/xhtml1/DTD/xhtml1-transitional.dtd">
<html xmlns="http://www.w3.org/1999/xhtml" xml:lang="en" lang="en">
 <head>
  <title>
</title>
<meta http-equiv="Content-Type" content="text/html;charset=utf-8" />
  <meta name='ocr-system' content='tesseract 3.04.00' />
  <meta name='ocr-capabilities' content='ocr_page ocr_carea ocr_par ocr_line ocrx_word'/>
</head>
<body>
  <div class='ocr_page' id='page_1' title='image "./bullarumdiplomat12cath_0689.png"; bbox 0 0 2293 3231; ppageno 0'>
   <div class='ocr_carea' id='block_1_1' title="bbox 77 274 256 305">
    <p class='ocr_par' dir='ltr' id='par_1_1' title="bbox 77 274 256 305">
     <span class='ocr_line' id='line_1_1' title="bbox 77 274 256 305; baseline -0.017 0"><span class='ocrx_word' id='word_1_1' title='bbox 77 276 126 305; x_wconf 72' lang='lat' dir='ltr'>An.</span> <span class='ocrx_word' id='word_1_2' title='bbox 147 275 176 304; x_wconf 89' lang='lat' dir='ltr'>C.</span> <span class='ocrx_word' id='word_1_3' title='bbox 193 274 256 303; x_wconf 76' lang='lat'>1621</span> 
     </span>
    </p>
   </div>
   <div class='ocr_carea' id='block_1_2' title="bbox 76 869 260 997">
    <p class='ocr_par' dir='ltr' id='par_1_2' title="bbox 76 869 260 997">
     <span class='ocr_line' id='line_1_2' title="bbox 86 869 259 892; baseline -0.017 -2"><span class='ocrx_word' id='word_1_4' title='bbox 86 869 161 890; x_wconf 73' lang='lat' dir='ltr'>Clerici</span> <span class='ocrx_word' id='word_1_5' title='bbox 173 873 259 892; x_wconf 72' lang='lat' dir='ltr'>congre-</span> 
     </span>
     <span class='ocr_line' id='line_1_3' title="bbox 78 894 260 922; baseline -0.022 -5"><span class='ocrx_word' id='word_1_6' title='bbox 78 896 168 922; x_wconf 74' lang='lat' dir='ltr'>gationis</span> <span class='ocrx_word' id='word_1_7' title='bbox 192 894 260 914; x_wconf 75' lang='lat' dir='ltr'>Scho-</span> 
     </span>
     <span class='ocr_line' id='line_1_4' title="bbox 77 921 260 944; baseline -0.016 -1"><span class='ocrx_word' id='word_1_8' title='bbox 77 923 142 944; x_wconf 79' lang='lat' dir='ltr'>tarum</span> <span class='ocrx_word' id='word_1_9' title='bbox 176 921 260 942; x_wconf 72' lang='lat' dir='ltr'>riarum</span> 
     </span>
     <span class='ocr_line' id='line_1_5' title="bbox 77 947 260 970; baseline -0.011 -1"><span class='ocrx_word' id='word_1_10' title='bbox 77 955 126 970; x_wconf 78' lang='lat' dir='ltr'>snas</span> <span class='ocrx_word' id='word_1_11' title='bbox 135 949 200 969; x_wconf 80' lang='lat' dir='ltr'>edunt</span> <span class='ocrx_word' id='word_1_12' title='bbox 208 947 260 968; x_wconf 73' lang='lat' dir='ltr'>Cou-</span> 
     </span>
     <span class='ocr_line' id='line_1_6' title="bbox 76 976 207 997; baseline 0 -1"><span class='ocrx_word' id='word_1_13' title='bbox 76 976 207 997; x_wconf 58' lang='lat' dir='ltr'>tentationes:</span> 
     </span>
    </p>
   </div>
   <div class='ocr_carea' id='block_1_3' title="bbox 81 1877 263 1926">
    <p class='ocr_par' dir='ltr' id='par_1_3' title="bbox 81 1877 263 1926">
     <span class='ocr_line' id='line_1_7' title="bbox 114 1877 263 1902; baseline 0 -4"><span class='ocrx_word' id='word_1_14' title='bbox 114 1878 170 1902; x_wconf 80' lang='lat' dir='ltr'>Quas</span> <span class='ocrx_word' id='word_1_15' title='bbox 188 1877 263 1898; x_wconf 79' lang='lat' dir='ltr'>consu--</span> 
     </span>
     <span class='ocr_line' id='line_1_8' title="bbox 81 1905 240 1926; baseline -0.013 0"><span class='ocrx_word' id='word_1_16' title='bbox 81 1907 124 1926; x_wconf 78' lang='lat' dir='ltr'>mal</span> <span class='ocrx_word' id='word_1_17' title='bbox 137 1905 240 1926; x_wconf 76' lang='lat' dir='ltr'>Pontifex.</span> 
     </span>
    </p>
   </div>
   <div class='ocr_carea' id='block_1_4' title="bbox 0 960 27 3231">
    <p class='ocr_par' dir='ltr' id='par_1_4' title="bbox 0 960 27 3231">
     <span class='ocr_line' id='line_1_9' title="bbox 0 960 27 3231; baseline 0 0"><span class='ocrx_word' id='word_1_18' title='bbox 0 960 27 3231; x_wconf 95' lang='lat' dir='ltr'> </span> 
     </span>
    </p>
   </div>
   <div class='ocr_carea' id='block_1_5' title="bbox 880 274 1194 298">
    <p class='ocr_par' dir='ltr' id='par_1_5' title="bbox 880 274 1194 298">
     <span class='ocr_line' id='line_1_10' title="bbox 880 274 1194 298; baseline -0.006 0"><span class='ocrx_word' id='word_1_19' title='bbox 880 274 1056 298; x_wconf 76' lang='lat' dir='ltr'>GnEGomUS</span> <span class='ocrx_word' id='word_1_20' title='bbox 1081 274 1123 297; x_wconf 78' lang='lat' dir='ltr'>XV</span> <span class='ocrx_word' id='word_1_21' title='bbox 1147 274 1194 297; x_wconf 91' lang='lat' dir='ltr'>PP.</span> 
     </span>
    </p>
   </div>
   <div class='ocr_carea' id='block_1_6' title="bbox 273 322 1020 2546">
    <p class='ocr_par' dir='ltr' id='par_1_6' title="bbox 274 322 1014 845">
     <span class='ocr_line' id='line_1_11' title="bbox 276 322 1012 366; baseline -0.001 -11"><span class='ocrx_word' id='word_1_22' title='bbox 276 322 337 355; x_wconf 88' lang='lat' dir='ltr'>rito</span> <span class='ocrx_word' id='word_1_23' title='bbox 360 327 478 363; x_wconf 84' lang='lat' dir='ltr'>nostro,</span> <span class='ocrx_word' id='word_1_24' title='bbox 502 322 691 366; x_wconf 72' lang='lat' dir='ltr'>praepositi,</span> <span class='ocrx_word' id='word_1_25' title='bbox 717 322 754 354; x_wconf 90' lang='lat' dir='ltr'>ad</span> <span class='ocrx_word' id='word_1_26' title='bbox 779 332 829 361; x_wconf 85' lang='lat' dir='ltr'>ea,</span> <span class='ocrx_word' id='word_1_27' title='bbox 853 332 909 365; x_wconf 88' lang='lat' dir='ltr'>per</span> <span class='ocrx_word' id='word_1_28' title='bbox 933 333 1012 365; x_wconf 84' lang='lat' dir='ltr'>quae</span> 
     </span>
     <span class='ocr_line' id='line_1_12' title="bbox 275 375 1012 420; baseline -0.001 -12"><span class='ocrx_word' id='word_1_29' title='bbox 275 375 537 417; x_wconf 80' lang='lat' dir='ltr'>christifidelium,</span> <span class='ocrx_word' id='word_1_30' title='bbox 563 376 748 420; x_wconf 81' lang='lat' dir='ltr'>praesertim</span> <span class='ocrx_word' id='word_1_31' title='bbox 775 376 832 408; x_wconf 90' lang='lat' dir='ltr'>sub</span> <span class='ocrx_word' id='word_1_32' title='bbox 857 376 942 409; x_wconf 79' lang='lat' dir='ltr'>suavi</span> <span class='ocrx_word' id='word_1_33' title='bbox 963 387 1012 408; x_wconf 74' lang='lat' dir='ltr'>re-</span> 
     </span>
     <span class='ocr_line' id='line_1_13' title="bbox 276 428 1014 472; baseline 0.001 -12"><span class='ocrx_word' id='word_1_34' title='bbox 276 428 400 471; x_wconf 86' lang='lat' dir='ltr'>ligionis</span> <span class='ocrx_word' id='word_1_35' title='bbox 424 429 498 471; x_wconf 71' lang='lat' dir='ltr'>iugo</span> <span class='ocrx_word' id='word_1_36' title='bbox 518 433 548 462; x_wconf 90' lang='lat' dir='ltr'>et</span> <span class='ocrx_word' id='word_1_37' title='bbox 575 429 604 461; x_wconf 92' lang='lat' dir='ltr'>in</span> <span class='ocrx_word' id='word_1_38' title='bbox 630 429 814 462; x_wconf 85' lang='lat' dir='ltr'>humilitatis</span> <span class='ocrx_word' id='word_1_39' title='bbox 839 429 949 472; x_wconf 73' lang='lat' dir='ltr'>spiritu</span> <span class='ocrx_word' id='word_1_40' title='bbox 967 429 1014 461; x_wconf 78' lang='lat' dir='ltr'>Al—</span> 
     </span>
     <span class='ocr_line' id='line_1_14' title="bbox 276 481 1012 526; baseline -0.001 -12"><span class='ocrx_word' id='word_1_41' title='bbox 276 481 395 515; x_wconf 91' lang='lat' dir='ltr'>tissimo</span> <span class='ocrx_word' id='word_1_42' title='bbox 419 482 646 522; x_wconf 86' lang='lat' dir='ltr'>famulantium,</span> <span class='ocrx_word' id='word_1_43' title='bbox 672 482 763 519; x_wconf 77' lang='lat' dir='ltr'>felici,</span> <span class='ocrx_word' id='word_1_44' title='bbox 781 492 1012 526; x_wconf 84' lang='lat' dir='ltr'>prosperaeque</span> 
     </span>
     <span class='ocr_line' id='line_1_15' title="bbox 275 534 1012 575; baseline 0 -9"><span class='ocrx_word' id='word_1_45' title='bbox 275 534 440 568; x_wconf 90' lang='lat' dir='ltr'>directioni</span> <span class='ocrx_word' id='word_1_46' title='bbox 454 535 638 575; x_wconf 75' lang='lat' dir='ltr'>consulitur,</span> <span class='ocrx_word' id='word_1_47' title='bbox 657 535 790 568; x_wconf 72' lang='lat' dir='ltr'>libenter</span> <span class='ocrx_word' id='word_1_48' title='bbox 812 535 1012 575; x_wconf 72' lang='lat' dir='ltr'>intendimus,</span> 
     </span>
     <span class='ocr_line' id='line_1_16' title="bbox 275 587 1014 631; baseline 0 -12"><span class='ocrx_word' id='word_1_49' title='bbox 275 592 305 619; x_wconf 89' lang='lat' dir='ltr'>et</span> <span class='ocrx_word' id='word_1_50' title='bbox 335 588 383 620; x_wconf 89' lang='lat' dir='ltr'>his</span> <span class='ocrx_word' id='word_1_51' title='bbox 411 598 492 631; x_wconf 89' lang='lat' dir='ltr'>quae</span> <span class='ocrx_word' id='word_1_52' title='bbox 516 591 682 631; x_wconf 83' lang='lat' dir='ltr'>propterea</span> <span class='ocrx_word' id='word_1_53' title='bbox 712 588 791 620; x_wconf 78' lang='lat' dir='ltr'>sacta</span> <span class='ocrx_word' id='word_1_54' title='bbox 816 598 882 620; x_wconf 87' lang='lat' dir='ltr'>esse</span> <span class='ocrx_word' id='word_1_55' title='bbox 907 587 1014 620; x_wconf 86' lang='lat' dir='ltr'>dicun-</span> 
     </span>
     <span class='ocr_line' id='line_1_17' title="bbox 275 641 1013 685; baseline -0.001 -12"><span class='ocrx_word' id='word_1_56' title='bbox 275 646 337 682; x_wconf 87' lang='lat' dir='ltr'>tur,</span> <span class='ocrx_word' id='word_1_57' title='bbox 350 646 383 674; x_wconf 91' lang='lat' dir='ltr'>ut</span> <span class='ocrx_word' id='word_1_58' title='bbox 408 641 446 673; x_wconf 91' lang='lat' dir='ltr'>ab</span> <span class='ocrx_word' id='word_1_59' title='bbox 467 641 613 674; x_wconf 85' lang='lat' dir='ltr'>omnibus</span> <span class='ocrx_word' id='word_1_60' title='bbox 640 652 719 685; x_wconf 91' lang='lat' dir='ltr'>quos</span> <span class='ocrx_word' id='word_1_61' title='bbox 744 641 795 673; x_wconf 90' lang='lat' dir='ltr'>illa</span> <span class='ocrx_word' id='word_1_62' title='bbox 820 646 1013 674; x_wconf 76' lang='lat' dir='ltr'>concernunt</span> 
     </span>
     <span class='ocr_line' id='line_1_18' title="bbox 275 694 1013 738; baseline 0 -12"><span class='ocrx_word' id='word_1_63' title='bbox 275 694 495 728; x_wconf 87' lang='lat' dir='ltr'>inviolabiliter</span> <span class='ocrx_word' id='word_1_64' title='bbox 519 695 735 735; x_wconf 74' lang='lat' dir='ltr'>observentur,</span> <span class='ocrx_word' id='word_1_65' title='bbox 756 695 919 738; x_wconf 84' lang='lat' dir='ltr'>apostolici</span> <span class='ocrx_word' id='word_1_66' title='bbox 944 705 1013 727; x_wconf 90' lang='lat' dir='ltr'>mu-</span> 
     </span>
     <span class='ocr_line' id='line_1_19' title="bbox 274 747 1013 791; baseline -0.001 -11"><span class='ocrx_word' id='word_1_67' title='bbox 274 747 400 780; x_wconf 83' lang='lat' dir='ltr'>niminis</span> <span class='ocrx_word' id='word_1_68' title='bbox 431 748 612 781; x_wconf 87' lang='lat' dir='ltr'>firmitatem</span> <span class='ocrx_word' id='word_1_69' title='bbox 645 748 827 790; x_wconf 83' lang='lat' dir='ltr'>adiicimus,</span> <span class='ocrx_word' id='word_1_70' title='bbox 857 753 949 791; x_wconf 90' lang='lat' dir='ltr'>prout</span> <span class='ocrx_word' id='word_1_71' title='bbox 982 748 1013 779; x_wconf 93' lang='lat' dir='ltr'>in</span> 
     </span>
     <span class='ocr_line' id='line_1_20' title="bbox 275 800 1011 845; baseline 0 -12"><span class='ocrx_word' id='word_1_72' title='bbox 275 800 407 834; x_wconf 83' lang='lat' dir='ltr'>Domino</span> <span class='ocrx_word' id='word_1_73' title='bbox 432 801 643 845; x_wconf 81' lang='lat' dir='ltr'>conspicimus</span> <span class='ocrx_word' id='word_1_74' title='bbox 667 801 836 833; x_wconf 68' lang='lat' dir='ltr'>salubriter</span> <span class='ocrx_word' id='word_1_75' title='bbox 855 800 1011 843; x_wconf 83' lang='lat' dir='ltr'>expedire.</span> 
     </span>
    </p>

    <p class='ocr_par' dir='ltr' id='par_1_7' title="bbox 273 854 1017 1538">
     <span class='ocr_line' id='line_1_21' title="bbox 320 854 1014 899; baseline -0.001 -12"><span class='ocrx_word' id='word_1_76' title='bbox 320 854 334 897; x_wconf 64' lang='grc' dir='ltr'><strong>ἓ</strong></span> <span class='ocrx_word' id='word_1_77' title='bbox 360 854 389 887; x_wconf 72' lang='lat' dir='ltr'>l.</span> <span class='ocrx_word' id='word_1_78' title='bbox 407 855 482 888; x_wconf 88' lang='lat' dir='ltr'>Cum</span> <span class='ocrx_word' id='word_1_79' title='bbox 501 855 614 899; x_wconf 83' lang='lat' dir='ltr'>itaque,</span> <span class='ocrx_word' id='word_1_80' title='bbox 632 855 712 887; x_wconf 82' lang='lat' dir='ltr'>sicut</span> <span class='ocrx_word' id='word_1_81' title='bbox 732 855 836 887; x_wconf 87' lang='lat' dir='ltr'>dilecti</span> <span class='ocrx_word' id='word_1_82' title='bbox 853 855 908 886; x_wconf 84' lang='lat' dir='ltr'>tilii</span> <span class='ocrx_word' id='word_1_83' title='bbox 928 865 1014 897; x_wconf 86' lang='lat' dir='ltr'>prae-</span> 
     </span>
     <span class='ocr_line' id='line_1_22' title="bbox 276 907 1011 951; baseline -0.001 -11"><span class='ocrx_word' id='word_1_84' title='bbox 276 907 395 951; x_wconf 89' lang='lat' dir='ltr'>positus</span> <span class='ocrx_word' id='word_1_85' title='bbox 408 914 437 941; x_wconf 91' lang='lat' dir='ltr'>et</span> <span class='ocrx_word' id='word_1_86' title='bbox 451 908 556 941; x_wconf 85' lang='lat' dir='ltr'>clerici</span> <span class='ocrx_word' id='word_1_87' title='bbox 567 908 824 951; x_wconf 74' lang='lat' dir='ltr'>Congregationis</span> <span class='ocrx_word' id='word_1_88' title='bbox 834 908 1011 951; x_wconf 81' lang='lat' dir='ltr'>Pauperum</span> 
     </span>
     <span class='ocr_line' id='line_1_23' title="bbox 277 962 1015 1004; baseline -0.001 -10"><span class='ocrx_word' id='word_1_89' title='bbox 277 962 381 994; x_wconf 82' lang='lat' dir='ltr'>Matris</span> <span class='ocrx_word' id='word_1_90' title='bbox 397 962 450 995; x_wconf 90' lang='lat' dir='ltr'>Dei</span> <span class='ocrx_word' id='word_1_91' title='bbox 470 962 654 995; x_wconf 79' lang='lat' dir='ltr'>Scliolarum</span> <span class='ocrx_word' id='word_1_92' title='bbox 671 962 796 994; x_wconf 84' lang='lat' dir='ltr'>Piarum</span> <span class='ocrx_word' id='word_1_93' title='bbox 812 962 901 994; x_wconf 87' lang='lat' dir='ltr'>nobis</span> <span class='ocrx_word' id='word_1_94' title='bbox 914 972 1015 1004; x_wconf 84' lang='lat' dir='ltr'>nuper</span> 
     </span>
     <span class='ocr_line' id='line_1_24' title="bbox 276 1014 1014 1058; baseline 0.001 -12"><span class='ocrx_word' id='word_1_95' title='bbox 276 1015 389 1058; x_wconf 79' lang='lat' dir='ltr'>exponi</span> <span class='ocrx_word' id='word_1_96' title='bbox 413 1015 571 1054; x_wconf 80' lang='lat' dir='ltr'>fecerunt,</span> <span class='ocrx_word' id='word_1_97' title='bbox 598 1015 656 1058; x_wconf 89' lang='lat' dir='ltr'>ipsi</span> <span class='ocrx_word' id='word_1_98' title='bbox 681 1025 739 1058; x_wconf 92' lang='lat' dir='ltr'>pro</span> <span class='ocrx_word' id='word_1_99' title='bbox 764 1014 844 1047; x_wconf 83' lang='lat' dir='ltr'>felici</span> <span class='ocrx_word' id='word_1_100' title='bbox 870 1018 897 1047; x_wconf 84' lang='lat' dir='ltr'>et</span> <span class='ocrx_word' id='word_1_101' title='bbox 923 1025 1014 1058; x_wconf 86' lang='lat' dir='ltr'>pros-</span> 
     </span>
     <span class='ocr_line' id='line_1_25' title="bbox 277 1067 1014 1112; baseline -0.001 -12"><span class='ocrx_word' id='word_1_102' title='bbox 277 1078 354 1112; x_wconf 86' lang='lat' dir='ltr'>pero</span> <span class='ocrx_word' id='word_1_103' title='bbox 374 1068 514 1101; x_wconf 84' lang='lat' dir='ltr'>eiusdem</span> <span class='ocrx_word' id='word_1_104' title='bbox 531 1067 790 1110; x_wconf 68' lang='lat' dir='ltr'>(long-rogationis</span> <span class='ocrx_word' id='word_1_105' title='bbox 815 1073 894 1100; x_wconf 88' lang='lat' dir='ltr'>statu</span> <span class='ocrx_word' id='word_1_106' title='bbox 920 1073 1014 1111; x_wconf 86' lang='lat' dir='ltr'>atque</span> 
     </span>
     <span class='ocr_line' id='line_1_26' title="bbox 273 1120 1014 1163; baseline -0.001 -10"><span class='ocrx_word' id='word_1_107' title='bbox 273 1121 428 1163; x_wconf 80' lang='lat' dir='ltr'>regimine</span> <span class='ocrx_word' id='word_1_108' title='bbox 452 1121 590 1153; x_wconf 74' lang='lat' dir='ltr'>diversas</span> <span class='ocrx_word' id='word_1_109' title='bbox 614 1120 850 1154; x_wconf 87' lang='lat' dir='ltr'>constitutiones</span> <span class='ocrx_word' id='word_1_110' title='bbox 875 1121 1014 1157; x_wconf 76' lang='lat' dir='ltr'>fecerint,</span> 
     </span>
     <span class='ocr_line' id='line_1_27' title="bbox 275 1173 1015 1217; baseline -0.001 -11"><span class='ocrx_word' id='word_1_111' title='bbox 275 1174 404 1217; x_wconf 86' lang='lat' dir='ltr'>illasque</span> <span class='ocrx_word' id='word_1_112' title='bbox 422 1174 453 1206; x_wconf 93' lang='lat' dir='ltr'>in</span> <span class='ocrx_word' id='word_1_113' title='bbox 469 1184 567 1206; x_wconf 89' lang='lat' dir='ltr'>unum</span> <span class='ocrx_word' id='word_1_114' title='bbox 592 1174 739 1206; x_wconf 65' lang='lat' dir='ltr'>volumen</span> <span class='ocrx_word' id='word_1_115' title='bbox 764 1173 952 1215; x_wconf 75' lang='lat' dir='ltr'>redegerint,</span> <span class='ocrx_word' id='word_1_116' title='bbox 971 1179 1015 1205; x_wconf 92' lang='lat' dir='ltr'>te-</span> 
     </span>
     <span class='ocr_line' id='line_1_28' title="bbox 275 1226 1016 1272; baseline -0.003 -12"><span class='ocrx_word' id='word_1_117' title='bbox 275 1227 361 1260; x_wconf 89' lang='lat' dir='ltr'>noris</span> <span class='ocrx_word' id='word_1_118' title='bbox 393 1227 622 1272; x_wconf 87' lang='lat' dir='ltr'>subsequentis,</span> <span class='ocrx_word' id='word_1_119' title='bbox 647 1227 804 1259; x_wconf 68' lang='lat' dir='ltr'>videlicet:</span> <span class='ocrx_word' id='word_1_120' title='bbox 832 1226 1016 1269; x_wconf 74' lang='lat' dir='ltr'>(Ouu&#39;tlz&#39;lnr</span> 
     </span>
     <span class='ocr_line' id='line_1_29' title="bbox 276 1279 1016 1323; baseline -0.004 -9"><span class='ocrx_word' id='word_1_121' title='bbox 276 1285 364 1314; x_wconf 79' lang='lat' dir='ltr'>tenor</span> <span class='ocrx_word' id='word_1_122' title='bbox 387 1291 500 1314; x_wconf 77' lang='lat' dir='ltr'>earum-</span> <span class='ocrx_word' id='word_1_123' title='bbox 524 1280 804 1319; x_wconf 69' lang='lat' dir='ltr'>constitutionum,</span> <span class='ocrx_word' id='word_1_124' title='bbox 832 1280 913 1323; x_wconf 70' lang='lat' dir='ltr'>quia</span> <span class='ocrx_word' id='word_1_125' title='bbox 937 1279 1016 1312; x_wconf 69' lang='lat' dir='ltr'>illae</span> 
     </span>
     <span class='ocr_line' id='line_1_30' title="bbox 273 1333 1017 1378; baseline -0.004 -10"><span class='ocrx_word' id='word_1_126' title='bbox 273 1339 349 1368; x_wconf 81' lang='lat' dir='ltr'>sunl</span> <span class='ocrx_word' id='word_1_127' title='bbox 374 1335 549 1378; x_wconf 76' lang='lat' dir='ltr'>impressae</span> <span class='ocrx_word' id='word_1_128' title='bbox 568 1335 603 1366; x_wconf 75' lang='lat' dir='ltr'>in</span> <span class='ocrx_word' id='word_1_129' title='bbox 625 1333 704 1366; x_wconf 75' lang='lat' dir='ltr'>libro</span> <span class='ocrx_word' id='word_1_130' title='bbox 727 1333 938 1376; x_wconf 74' lang='lat' dir='ltr'>pctrlz&#39;culari,</span> <span class='ocrx_word' id='word_1_131' title='bbox 958 1334 1017 1376; x_wconf 72' lang='lat' dir='ltr'>qui</span> 
     </span>
     <span class='ocr_line' id='line_1_31' title="bbox 275 1386 1015 1429; baseline -0.003 -8"><span class='ocrx_word' id='word_1_132' title='bbox 275 1391 460 1421; x_wconf 76' lang='lat' dir='ltr'>asservatur</span> <span class='ocrx_word' id='word_1_133' title='bbox 483 1388 520 1420; x_wconf 71' lang='lat' dir='ltr'>in</span> <span class='ocrx_word' id='word_1_134' title='bbox 543 1387 689 1420; x_wconf 71' lang='lat' dir='ltr'>archivio</span> <span class='ocrx_word' id='word_1_135' title='bbox 715 1387 814 1419; x_wconf 68' lang='lat' dir='ltr'>huius</span> <span class='ocrx_word' id='word_1_136' title='bbox 833 1386 1015 1429; x_wconf 65' lang='lat' dir='ltr'>Conyregm-</span> 
     </span>
     <span class='ocr_line' id='line_1_32' title="bbox 277 1440 1016 1484; baseline -0.003 -10"><span class='ocrx_word' id='word_1_137' title='bbox 277 1441 386 1479; x_wconf 78' lang='lat' dir='ltr'>tionis,</span> <span class='ocrx_word' id='word_1_138' title='bbox 415 1445 443 1474; x_wconf 86' lang='lat' dir='ltr'>el</span> <span class='ocrx_word' id='word_1_139' title='bbox 467 1441 504 1474; x_wconf 71' lang='lat' dir='ltr'>in</span> <span class='ocrx_word' id='word_1_140' title='bbox 533 1440 673 1484; x_wconf 60' lang='lat' dir='ltr'>quolibet</span> <span class='ocrx_word' id='word_1_141' title='bbox 702 1440 794 1472; x_wconf 79' lang='lat' dir='ltr'>illius</span> <span class='ocrx_word' id='word_1_142' title='bbox 819 1441 1016 1473; x_wconf 73' lang='lat' dir='ltr'>monasterio</span> 
     </span>
     <span class='ocr_line' id='line_1_33' title="bbox 277 1494 443 1538; baseline 0.006 -12"><span class='ocrx_word' id='word_1_143' title='bbox 277 1494 423 1538; x_wconf 73' lang='lat' dir='ltr'>liabetur)</span> <span class='ocrx_word' id='word_1_144' title='bbox 432 1506 443 1535; x_wconf 92' lang='lat'>,·</span> 
     </span>
    </p>

    <p class='ocr_par' dir='ltr' id='par_1_8' title="bbox 276 1547 1017 1859">
     <span class='ocr_line' id='line_1_34' title="bbox 320 1547 1017 1591; baseline -0.003 -11"><span class='ocrx_word' id='word_1_145' title='bbox 320 1548 453 1581; x_wconf 88' lang='lat' dir='ltr'>Demum</span> <span class='ocrx_word' id='word_1_146' title='bbox 470 1548 641 1591; x_wconf 88' lang='lat' dir='ltr'>capitulum</span> <span class='ocrx_word' id='word_1_147' title='bbox 660 1548 805 1589; x_wconf 70' lang='lat' dir='ltr'>generale</span> <span class='ocrx_word' id='word_1_148' title='bbox 823 1547 1017 1590; x_wconf 86' lang='lat' dir='ltr'>supradictas</span> 
     </span>
     <span class='ocr_line' id='line_1_35' title="bbox 276 1600 1016 1643; baseline -0.004 -8"><span class='ocrx_word' id='word_1_149' title='bbox 276 1602 514 1635; x_wconf 77' lang='lat' dir='ltr'>constitutiones</span> <span class='ocrx_word' id='word_1_150' title='bbox 541 1601 708 1633; x_wconf 90' lang='lat' dir='ltr'>immutare</span> <span class='ocrx_word' id='word_1_151' title='bbox 741 1607 793 1633; x_wconf 87' lang='lat' dir='ltr'>aut</span> <span class='ocrx_word' id='word_1_152' title='bbox 822 1600 1016 1643; x_wconf 81' lang='lat' dir='ltr'>infringere,</span> 
     </span>
     <span class='ocr_line' id='line_1_36' title="bbox 277 1654 1016 1698; baseline -0.001 -12"><span class='ocrx_word' id='word_1_153' title='bbox 277 1655 335 1688; x_wconf 90' lang='lat' dir='ltr'>nisi</span> <span class='ocrx_word' id='word_1_154' title='bbox 355 1665 391 1688; x_wconf 79' lang='lat' dir='ltr'>ex</span> <span class='ocrx_word' id='word_1_155' title='bbox 409 1665 462 1688; x_wconf 84' lang='lat' dir='ltr'>sex</span> <span class='ocrx_word' id='word_1_156' title='bbox 479 1655 606 1698; x_wconf 84' lang='lat' dir='ltr'>capituli</span> <span class='ocrx_word' id='word_1_157' title='bbox 630 1654 773 1697; x_wconf 83' lang='lat' dir='ltr'>partibus</span> <span class='ocrx_word' id='word_1_158' title='bbox 787 1654 925 1696; x_wconf 88' lang='lat' dir='ltr'>quinque</span> <span class='ocrx_word' id='word_1_159' title='bbox 942 1664 1016 1686; x_wconf 86' lang='lat' dir='ltr'>con-</span> 
     </span>
     <span class='ocr_line' id='line_1_37' title="bbox 278 1708 1015 1751; baseline -0.005 -9"><span class='ocrx_word' id='word_1_160' title='bbox 278 1714 423 1750; x_wconf 85' lang='lat' dir='ltr'>currant,</span> <span class='ocrx_word' id='word_1_161' title='bbox 447 1718 510 1742; x_wconf 88' lang='lat' dir='ltr'>non</span> <span class='ocrx_word' id='word_1_162' title='bbox 535 1718 643 1751; x_wconf 88' lang='lat' dir='ltr'>posse,</span> <span class='ocrx_word' id='word_1_163' title='bbox 669 1708 813 1740; x_wconf 85' lang='lat' dir='ltr'>volumus</span> <span class='ocrx_word' id='word_1_164' title='bbox 838 1712 929 1750; x_wconf 87' lang='lat' dir='ltr'>alque</span> <span class='ocrx_word' id='word_1_165' title='bbox 955 1713 1015 1739; x_wconf 88' lang='lat' dir='ltr'>sta-</span> 
     </span>
     <span class='ocr_line' id='line_1_38' title="bbox 278 1760 1017 1805; baseline -0.003 -11"><span class='ocrx_word' id='word_1_166' title='bbox 278 1762 395 1794; x_wconf 90' lang='lat' dir='ltr'>tuimus</span> <span class='ocrx_word' id='word_1_167' title='bbox 426 1762 464 1794; x_wconf 88' lang='lat' dir='ltr'>ad</span> <span class='ocrx_word' id='word_1_168' title='bbox 496 1760 719 1805; x_wconf 87' lang='lat' dir='ltr'>omnipotentis</span> <span class='ocrx_word' id='word_1_169' title='bbox 746 1760 800 1792; x_wconf 85' lang='lat' dir='ltr'>Dei</span> <span class='ocrx_word' id='word_1_170' title='bbox 829 1760 962 1802; x_wconf 71' lang='lat' dir='ltr'>gloriam</span> <span class='ocrx_word' id='word_1_171' title='bbox 988 1764 1017 1793; x_wconf 84' lang='lat' dir='ltr'>et</span> 
     </span>
     <span class='ocr_line' id='line_1_39' title="bbox 277 1814 715 1859; baseline -0.007 -11"><span class='ocrx_word' id='word_1_172' title='bbox 277 1816 497 1859; x_wconf 86' lang='lat' dir='ltr'>proximorum</span> <span class='ocrx_word' id='word_1_173' title='bbox 521 1814 687 1847; x_wconf 80' lang='lat' dir='ltr'>utilitatem</span> <span class='ocrx_word' id='word_1_174' title='bbox 698 1814 715 1845; x_wconf 84' lang='lat'>¹.</span> 
     </span>
    </p>

    <p class='ocr_par' dir='ltr' id='par_1_9' title="bbox 278 1867 1020 2546">
     <span class='ocr_line' id='line_1_40' title="bbox 324 1867 1017 1912; baseline -0.006 -10"><span class='ocrx_word' id='word_1_175' title='bbox 324 1869 339 1912; x_wconf 62' lang='grc' dir='ltr'><strong>ἓ</strong></span> <span class='ocrx_word' id='word_1_176' title='bbox 362 1869 391 1902; x_wconf 68' lang='lat'>2.</span> <span class='ocrx_word' id='word_1_177' title='bbox 412 1869 485 1909; x_wconf 87' lang='lat' dir='ltr'>Nos,</span> <span class='ocrx_word' id='word_1_178' title='bbox 501 1867 672 1900; x_wconf 82' lang='lat' dir='ltr'>inviolabili</span> <span class='ocrx_word' id='word_1_179' title='bbox 697 1867 852 1900; x_wconf 88' lang='lat' dir='ltr'>dictarum</span> <span class='ocrx_word' id='word_1_180' title='bbox 871 1867 1017 1899; x_wconf 81' lang='lat' dir='ltr'>constitu-</span> 
     </span>
     <span class='ocr_line' id='line_1_41' title="bbox 279 1920 1016 1963; baseline -0.004 -7"><span class='ocrx_word' id='word_1_181' title='bbox 279 1923 399 1956; x_wconf 88' lang='lat' dir='ltr'>tionum</span> <span class='ocrx_word' id='word_1_182' title='bbox 408 1921 627 1961; x_wconf 77' lang='lat' dir='ltr'>observationi,</span> <span class='ocrx_word' id='word_1_183' title='bbox 638 1925 789 1963; x_wconf 89' lang='lat' dir='ltr'>quantum</span> <span class='ocrx_word' id='word_1_184' title='bbox 799 1931 870 1952; x_wconf 90' lang='lat' dir='ltr'>cum</span> <span class='ocrx_word' id='word_1_185' title='bbox 884 1920 1016 1953; x_wconf 87' lang='lat' dir='ltr'>Domino</span> 
     </span>
     <span class='ocr_line' id='line_1_42' title="bbox 278 1973 1016 2019; baseline -0.005 -10"><span class='ocrx_word' id='word_1_186' title='bbox 278 1985 454 2019; x_wconf 86' lang='lat' dir='ltr'>possumus,</span> <span class='ocrx_word' id='word_1_187' title='bbox 475 1975 649 2014; x_wconf 87' lang='lat' dir='ltr'>consulere,</span> <span class='ocrx_word' id='word_1_188' title='bbox 673 1973 834 2016; x_wconf 86' lang='lat' dir='ltr'>dictosque</span> <span class='ocrx_word' id='word_1_189' title='bbox 856 1973 1016 2016; x_wconf 85' lang='lat' dir='ltr'>praeposi-</span> 
     </span>
     <span class='ocr_line' id='line_1_43' title="bbox 280 2026 1015 2070; baseline -0.003 -9"><span class='ocrx_word' id='word_1_190' title='bbox 280 2034 347 2061; x_wconf 88' lang='lat' dir='ltr'>tum</span> <span class='ocrx_word' id='word_1_191' title='bbox 378 2034 409 2060; x_wconf 90' lang='lat' dir='ltr'>et</span> <span class='ocrx_word' id='word_1_192' title='bbox 437 2028 569 2061; x_wconf 87' lang='lat' dir='ltr'>clericos</span> <span class='ocrx_word' id='word_1_193' title='bbox 593 2026 780 2070; x_wconf 79' lang='lat' dir='ltr'>specialibus</span> <span class='ocrx_word' id='word_1_194' title='bbox 805 2026 962 2059; x_wconf 73' lang='lat' dir='ltr'>favoribus</span> <span class='ocrx_word' id='word_1_195' title='bbox 988 2032 1015 2059; x_wconf 90' lang='lat' dir='ltr'>et</span> 
     </span>
     <span class='ocr_line' id='line_1_44' title="bbox 280 2079 1017 2124; baseline -0.004 -10"><span class='ocrx_word' id='word_1_196' title='bbox 280 2081 388 2124; x_wconf 85' lang='lat' dir='ltr'>gratiis</span> <span class='ocrx_word' id='word_1_197' title='bbox 404 2081 553 2124; x_wconf 86' lang='lat' dir='ltr'>prosequi</span> <span class='ocrx_word' id='word_1_198' title='bbox 570 2080 718 2119; x_wconf 81' lang='lat' dir='ltr'>volentes,</span> <span class='ocrx_word' id='word_1_199' title='bbox 735 2084 764 2111; x_wconf 84' lang='lat' dir='ltr'>et</span> <span class='ocrx_word' id='word_1_200' title='bbox 782 2090 891 2112; x_wconf 87' lang='lat' dir='ltr'>eorum</span> <span class='ocrx_word' id='word_1_201' title='bbox 910 2079 1017 2122; x_wconf 79' lang='lat' dir='ltr'>singu-</span> 
     </span>
     <span class='ocr_line' id='line_1_45' title="bbox 281 2131 1018 2176; baseline -0.004 -10"><span class='ocrx_word' id='word_1_202' title='bbox 281 2134 362 2166; x_wconf 85' lang='lat' dir='ltr'>lares</span> <span class='ocrx_word' id='word_1_203' title='bbox 385 2143 534 2176; x_wconf 81' lang='lat' dir='ltr'>personas</span> <span class='ocrx_word' id='word_1_204' title='bbox 550 2143 568 2164; x_wconf 94' lang='lat' dir='ltr'>a</span> <span class='ocrx_word' id='word_1_205' title='bbox 584 2132 744 2175; x_wconf 81' lang='lat' dir='ltr'>quibusvis</span> <span class='ocrx_word' id='word_1_206' title='bbox 769 2131 1018 2164; x_wconf 81' lang='lat' dir='ltr'>excommunica-</span> 
     </span>
     <span class='ocr_line' id='line_1_46' title="bbox 280 2176 1017 2228; baseline -0.003 -9"><span class='ocrx_word' id='word_1_207' title='bbox 280 2186 382 2227; x_wconf 75' lang='lat' dir='ltr'>t10nis,</span> <span class='ocrx_word' id='word_1_208' title='bbox 407 2185 618 2228; x_wconf 83' lang='lat' dir='ltr'>suspensionis</span> <span class='ocrx_word' id='word_1_209' title='bbox 642 2190 672 2217; x_wconf 87' lang='lat' dir='ltr'>et</span> <span class='ocrx_word' id='word_1_210' title='bbox 696 2176 861 2224; x_wconf 77' lang='lat' dir='ltr'>interdicti,</span> <span class='ocrx_word' id='word_1_211' title='bbox 887 2185 1017 2228; x_wconf 87' lang='lat' dir='ltr'>aliisque</span> 
     </span>
     <span class='ocr_line' id='line_1_47' title="bbox 280 2238 1017 2281; baseline -0.004 -8"><span class='ocrx_word' id='word_1_212' title='bbox 280 2239 499 2273; x_wconf 81' lang='lat' dir='ltr'>ecclesiasticis</span> <span class='ocrx_word' id='word_1_213' title='bbox 516 2239 687 2278; x_wconf 80' lang='lat' dir='ltr'>sententiis,</span> <span class='ocrx_word' id='word_1_214' title='bbox 704 2238 844 2271; x_wconf 85' lang='lat' dir='ltr'>censuris</span> <span class='ocrx_word' id='word_1_215' title='bbox 856 2244 885 2271; x_wconf 89' lang='lat' dir='ltr'>ct</span> <span class='ocrx_word' id='word_1_216' title='bbox 898 2238 1017 2281; x_wconf 86' lang='lat' dir='ltr'>poenis,</span> 
     </span>
     <span class='ocr_line' id='line_1_48' title="bbox 280 2291 1017 2335; baseline -0.005 -8"><span class='ocrx_word' id='word_1_217' title='bbox 280 2304 298 2326; x_wconf 86' lang='lat' dir='ltr'>a</span> <span class='ocrx_word' id='word_1_218' title='bbox 310 2295 379 2327; x_wconf 91' lang='lat' dir='ltr'>iure</span> <span class='ocrx_word' id='word_1_219' title='bbox 396 2293 443 2326; x_wconf 83' lang='lat' dir='ltr'>vel</span> <span class='ocrx_word' id='word_1_220' title='bbox 460 2293 498 2325; x_wconf 81' lang='lat' dir='ltr'>ab</span> <span class='ocrx_word' id='word_1_221' title='bbox 519 2292 656 2332; x_wconf 89' lang='lat' dir='ltr'>bomine,</span> <span class='ocrx_word' id='word_1_222' title='bbox 670 2291 779 2335; x_wconf 85' lang='lat' dir='ltr'>quavis</span> <span class='ocrx_word' id='word_1_223' title='bbox 796 2292 959 2324; x_wconf 84' lang='lat' dir='ltr'>occasione</span> <span class='ocrx_word' id='word_1_224' title='bbox 970 2292 1017 2324; x_wconf 81' lang='lat' dir='ltr'>vel</span> 
     </span>
     <span class='ocr_line' id='line_1_49' title="bbox 280 2343 1019 2387; baseline -0.007 -7"><span class='ocrx_word' id='word_1_225' title='bbox 280 2348 373 2380; x_wconf 75' lang='lat' dir='ltr'>causa</span> <span class='ocrx_word' id='word_1_226' title='bbox 396 2345 476 2385; x_wconf 89' lang='lat' dir='ltr'>latis,</span> <span class='ocrx_word' id='word_1_227' title='bbox 501 2345 526 2377; x_wconf 89' lang='lat' dir='ltr'>si</span> <span class='ocrx_word' id='word_1_228' title='bbox 551 2344 665 2387; x_wconf 88' lang='lat' dir='ltr'>quibus</span> <span class='ocrx_word' id='word_1_229' title='bbox 681 2343 917 2387; x_wconf 85' lang='lat' dir='ltr'>quomodolibet</span> <span class='ocrx_word' id='word_1_230' title='bbox 934 2344 1019 2376; x_wconf 92' lang='lat' dir='ltr'>inno-</span> 
     </span>
     <span class='ocr_line' id='line_1_50' title="bbox 281 2397 1018 2440; baseline -0.005 -7"><span class='ocrx_word' id='word_1_231' title='bbox 281 2400 371 2433; x_wconf 86' lang='lat' dir='ltr'>datae</span> <span class='ocrx_word' id='word_1_232' title='bbox 395 2399 551 2438; x_wconf 88' lang='lat' dir='ltr'>existunt,</span> <span class='ocrx_word' id='word_1_233' title='bbox 576 2398 613 2430; x_wconf 87' lang='lat' dir='ltr'>ad</span> <span class='ocrx_word' id='word_1_234' title='bbox 638 2397 782 2430; x_wconf 74' lang='lat' dir='ltr'>effectum</span> <span class='ocrx_word' id='word_1_235' title='bbox 806 2397 1018 2440; x_wconf 86' lang='lat' dir='ltr'>praesentium</span> 
     </span>
     <span class='ocr_line' id='line_1_51' title="bbox 282 2449 1018 2494; baseline -0.008 -8"><span class='ocrx_word' id='word_1_236' title='bbox 282 2453 442 2487; x_wconf 83' lang='lat' dir='ltr'>dumtaxat</span> <span class='ocrx_word' id='word_1_237' title='bbox 454 2450 721 2494; x_wconf 86' lang='lat' dir='ltr'>consequendum,</span> <span class='ocrx_word' id='word_1_238' title='bbox 739 2449 850 2482; x_wconf 89' lang='lat' dir='ltr'>harum</span> <span class='ocrx_word' id='word_1_239' title='bbox 868 2449 948 2482; x_wconf 81' lang='lat' dir='ltr'>serie</span> <span class='ocrx_word' id='word_1_240' title='bbox 966 2450 1018 2482; x_wconf 88' lang='lat' dir='ltr'>ab-</span> 
     </span>
     <span class='ocr_line' id='line_1_52' title="bbox 282 2504 1020 2546; baseline -0.008 -6"><span class='ocrx_word' id='word_1_241' title='bbox 282 2507 447 2546; x_wconf 75' lang='lat' dir='ltr'>solventes,</span> <span class='ocrx_word' id='word_1_242' title='bbox 461 2510 490 2538; x_wconf 92' lang='lat' dir='ltr'>et</span> <span class='ocrx_word' id='word_1_243' title='bbox 503 2505 664 2538; x_wconf 88' lang='lat' dir='ltr'>absolutos</span> <span class='ocrx_word' id='word_1_244' title='bbox 677 2504 743 2537; x_wconf 81' lang='lat' dir='ltr'>sore</span> <span class='ocrx_word' id='word_1_245' title='bbox 761 2508 932 2543; x_wconf 85' lang='lat' dir='ltr'>censentes,</span> <span class='ocrx_word' id='word_1_246' title='bbox 946 2514 1020 2546; x_wconf 90' lang='lat' dir='ltr'>sup-</span> 
     </span>
    </p>
   </div>
   <div class='ocr_carea' id='block_1_7' title="bbox 283 2582 1021 2708">
    <p class='ocr_par' dir='ltr' id='par_1_10' title="bbox 283 2582 1021 2708">
     <span class='ocr_line' id='line_1_53' title="bbox 319 2582 1019 2621; baseline -0.007 -7"><span class='ocrx_word' id='word_1_247' title='bbox 319 2588 331 2614; x_wconf 85' lang='lat' dir='ltr'>l</span> <span class='ocrx_word' id='word_1_248' title='bbox 358 2586 413 2614; x_wconf 87' lang='lat' dir='ltr'>Nisi</span> <span class='ocrx_word' id='word_1_249' title='bbox 435 2586 515 2613; x_wconf 86' lang='lat' dir='ltr'>huius</span> <span class='ocrx_word' id='word_1_250' title='bbox 539 2585 681 2621; x_wconf 83' lang='lat' dir='ltr'>pericopes</span> <span class='ocrx_word' id='word_1_251' title='bbox 704 2583 785 2611; x_wconf 77' lang='lat' dir='ltr'>verba</span> <span class='ocrx_word' id='word_1_252' title='bbox 810 2583 962 2619; x_wconf 82' lang='lat' dir='ltr'>pertineant</span> <span class='ocrx_word' id='word_1_253' title='bbox 988 2582 1019 2610; x_wconf 87' lang='lat' dir='ltr'>ad</span> 
     </span>
     <span class='ocr_line' id='line_1_54' title="bbox 283 2627 1021 2667; baseline -0.005 -9"><span class='ocrx_word' id='word_1_254' title='bbox 283 2631 371 2667; x_wconf 88' lang='lat' dir='ltr'>ipsum</span> <span class='ocrx_word' id='word_1_255' title='bbox 389 2630 488 2657; x_wconf 87' lang='lat' dir='ltr'>librum</span> <span class='ocrx_word' id='word_1_256' title='bbox 507 2630 735 2657; x_wconf 83' lang='lat' dir='ltr'>Constitutionum</span> <span class='ocrx_word' id='word_1_257' title='bbox 753 2627 909 2655; x_wconf 82' lang='lat' dir='ltr'>viderentur</span> <span class='ocrx_word' id='word_1_258' title='bbox 933 2627 1021 2663; x_wconf 82' lang='lat' dir='ltr'>potius</span> 
     </span>
     <span class='ocr_line' id='line_1_55' title="bbox 284 2673 877 2708; baseline -0.007 -5"><span class='ocrx_word' id='word_1_259' title='bbox 284 2675 469 2703; x_wconf 75' lang='lat' dir='ltr'>transferenda</span> <span class='ocrx_word' id='word_1_260' title='bbox 481 2674 515 2702; x_wconf 86' lang='lat' dir='ltr'>ad</span> <span class='ocrx_word' id='word_1_261' title='bbox 535 2674 614 2702; x_wconf 84' lang='lat' dir='ltr'>tinem</span> <span class='ocrx_word' id='word_1_262' title='bbox 629 2675 642 2708; x_wconf 69' lang='grc' dir='ltr'>ξ</span> <span class='ocrx_word' id='word_1_263' title='bbox 657 2674 673 2700; x_wconf 71' lang='grc'>“2</span> <span class='ocrx_word' id='word_1_264' title='bbox 693 2674 735 2701; x_wconf 82' lang='lat' dir='ltr'>vel</span> <span class='ocrx_word' id='word_1_265' title='bbox 751 2673 767 2700; x_wconf 88' lang='lat'><strong>3</strong></span> <span class='ocrx_word' id='word_1_266' title='bbox 781 2673 817 2708; x_wconf 77' lang='lat' dir='ltr'>(a.</span> <span class='ocrx_word' id='word_1_267' title='bbox 830 2673 877 2707; x_wconf 73' lang='lat' dir='ltr'><strong>T.)-</strong></span> 
     </span>
    </p>
   </div>
   <div class='ocr_carea' id='block_1_8' title="bbox 1029 330 1038 2695">
    <p class='ocr_par' dir='ltr' id='par_1_11' title="bbox 1029 330 1038 2695">
     <span class='ocr_line' id='line_1_56' title="bbox 1029 330 1038 2695; baseline 0 0"><span class='ocrx_word' id='word_1_268' title='bbox 1029 330 1038 2695; x_wconf 95' lang='lat' dir='ltr'> </span> 
     </span>
    </p>
   </div>
   <div class='ocr_carea' id='block_1_9' title="bbox 1692 262 1749 296">
    <p class='ocr_par' dir='ltr' id='par_1_12' title="bbox 1692 262 1749 296">
     <span class='ocr_line' id='line_1_57' title="bbox 1692 262 1749 296; baseline -0.035 0"><span class='ocrx_word' id='word_1_269' title='bbox 1692 262 1749 296; x_wconf 82' lang='lat'>651</span> 
     </span>
    </p>
   </div>
   <div class='ocr_carea' id='block_1_10' title="bbox 1047 318 1989 2547">
    <p class='ocr_par' dir='ltr' id='par_1_13' title="bbox 1047 318 1789 1059">
     <span class='ocr_line' id='line_1_58' title="bbox 1047 318 1787 365; baseline -0.004 -11"><span class='ocrx_word' id='word_1_270' title='bbox 1047 321 1267 365; x_wconf 86' lang='lat' dir='ltr'>plicationibus</span> <span class='ocrx_word' id='word_1_271' title='bbox 1293 330 1403 353; x_wconf 89' lang='lat' dir='ltr'>eorum</span> <span class='ocrx_word' id='word_1_272' title='bbox 1429 320 1554 353; x_wconf 87' lang='lat' dir='ltr'>nomine</span> <span class='ocrx_word' id='word_1_273' title='bbox 1579 318 1669 352; x_wconf 81' lang='lat' dir='ltr'>nobis</span> <span class='ocrx_word' id='word_1_274' title='bbox 1693 331 1787 363; x_wconf 78' lang='lat' dir='ltr'>super</span> 
     </span>
     <span class='ocr_line' id='line_1_59' title="bbox 1049 373 1788 417; baseline -0.001 -10"><span class='ocrx_word' id='word_1_275' title='bbox 1049 376 1106 407; x_wconf 79' lang='lat' dir='ltr'>lioc</span> <span class='ocrx_word' id='word_1_276' title='bbox 1132 375 1292 408; x_wconf 71' lang='lat' dir='ltr'>humiliter</span> <span class='ocrx_word' id='word_1_277' title='bbox 1306 374 1460 417; x_wconf 85' lang='lat' dir='ltr'>porrectis</span> <span class='ocrx_word' id='word_1_278' title='bbox 1478 373 1626 413; x_wconf 85' lang='lat' dir='ltr'>inclinati,</span> <span class='ocrx_word' id='word_1_279' title='bbox 1643 373 1680 405; x_wconf 89' lang='lat' dir='ltr'>de</span> <span class='ocrx_word' id='word_1_280' title='bbox 1702 384 1788 406; x_wconf 77' lang='lat' dir='ltr'>vene-</span> 
     </span>
     <span class='ocr_line' id='line_1_60' title="bbox 1047 426 1789 461; baseline -0.004 0"><span class='ocrx_word' id='word_1_281' title='bbox 1047 429 1193 461; x_wconf 86' lang='lat' dir='ltr'>rabilium</span> <span class='ocrx_word' id='word_1_282' title='bbox 1219 430 1349 461; x_wconf 77' lang='lat' dir='ltr'>fratrum</span> <span class='ocrx_word' id='word_1_283' title='bbox 1368 433 1549 460; x_wconf 86' lang='lat' dir='ltr'>nostrorum</span> <span class='ocrx_word' id='word_1_284' title='bbox 1567 426 1595 459; x_wconf 87' lang='lat' dir='ltr'>S.</span> <span class='ocrx_word' id='word_1_285' title='bbox 1614 427 1647 459; x_wconf 77' lang='lat' dir='ltr'>R.</span> <span class='ocrx_word' id='word_1_286' title='bbox 1670 427 1702 458; x_wconf 78' lang='lat' dir='ltr'>E.</span> <span class='ocrx_word' id='word_1_287' title='bbox 1725 437 1789 459; x_wconf 91' lang='lat' dir='ltr'>car-</span> 
     </span>
     <span class='ocr_line' id='line_1_61' title="bbox 1047 480 1788 524; baseline -0.003 -10"><span class='ocrx_word' id='word_1_288' title='bbox 1047 482 1197 514; x_wconf 87' lang='lat' dir='ltr'>dinalium</span> <span class='ocrx_word' id='word_1_289' title='bbox 1223 481 1358 524; x_wconf 75' lang='lat' dir='ltr'>negotiis</span> <span class='ocrx_word' id='word_1_290' title='bbox 1379 481 1602 524; x_wconf 88' lang='lat' dir='ltr'>episcoporum</span> <span class='ocrx_word' id='word_1_291' title='bbox 1621 485 1649 512; x_wconf 88' lang='lat' dir='ltr'>et</span> <span class='ocrx_word' id='word_1_292' title='bbox 1668 480 1788 522; x_wconf 76' lang='lat' dir='ltr'>regula-</span> 
     </span>
     <span class='ocr_line' id='line_1_62' title="bbox 1047 533 1788 579; baseline -0.004 -11"><span class='ocrx_word' id='word_1_293' title='bbox 1047 535 1392 579; x_wconf 82' lang='lat' dir='ltr'>riumpraepositorum</span> <span class='ocrx_word' id='word_1_294' title='bbox 1402 534 1543 573; x_wconf 76' lang='lat' dir='ltr'>consilio,</span> <span class='ocrx_word' id='word_1_295' title='bbox 1551 533 1788 566; x_wconf 80' lang='lat' dir='ltr'>constitutiones</span> 
     </span>
     <span class='ocr_line' id='line_1_63' title="bbox 1047 586 1786 632; baseline -0.004 -12"><span class='ocrx_word' id='word_1_296' title='bbox 1047 589 1231 632; x_wconf 81' lang='lat' dir='ltr'>praedictas,</span> <span class='ocrx_word' id='word_1_297' title='bbox 1243 588 1411 630; x_wconf 85' lang='lat' dir='ltr'>omniaque</span> <span class='ocrx_word' id='word_1_298' title='bbox 1425 592 1454 619; x_wconf 89' lang='lat' dir='ltr'>et</span> <span class='ocrx_word' id='word_1_299' title='bbox 1472 587 1593 629; x_wconf 78' lang='lat' dir='ltr'>singula</span> <span class='ocrx_word' id='word_1_300' title='bbox 1614 586 1644 618; x_wconf 90' lang='lat' dir='ltr'>in</span> <span class='ocrx_word' id='word_1_301' title='bbox 1657 586 1701 619; x_wconf 88' lang='lat' dir='ltr'>eis</span> <span class='ocrx_word' id='word_1_302' title='bbox 1714 596 1786 619; x_wconf 78' lang='lat' dir='ltr'>con-</span> 
     </span>
     <span class='ocr_line' id='line_1_64' title="bbox 1048 642 1788 686; baseline -0.001 -12"><span class='ocrx_word' id='word_1_303' title='bbox 1048 648 1139 682; x_wconf 83' lang='lat' dir='ltr'>tenta,</span> <span class='ocrx_word' id='word_1_304' title='bbox 1164 642 1335 686; x_wconf 75' lang='lat' dir='ltr'>apostolica</span> <span class='ocrx_word' id='word_1_305' title='bbox 1352 642 1546 683; x_wconf 85' lang='lat' dir='ltr'>auctoritate⁷</span> <span class='ocrx_word' id='word_1_306' title='bbox 1565 647 1672 674; x_wconf 87' lang='lat' dir='ltr'>tenore</span> <span class='ocrx_word' id='word_1_307' title='bbox 1697 651 1788 684; x_wconf 87' lang='lat' dir='ltr'>prac-</span> 
     </span>
     <span class='ocr_line' id='line_1_65' title="bbox 1047 695 1786 739; baseline -0.003 -11"><span class='ocrx_word' id='word_1_308' title='bbox 1047 696 1192 737; x_wconf 88' lang='lat' dir='ltr'>sentium,</span> <span class='ocrx_word' id='word_1_309' title='bbox 1209 701 1363 739; x_wconf 86' lang='lat' dir='ltr'>perpetuo</span> <span class='ocrx_word' id='word_1_310' title='bbox 1380 695 1592 739; x_wconf 84' lang='lat' dir='ltr'>approbamus</span> <span class='ocrx_word' id='word_1_311' title='bbox 1612 700 1639 727; x_wconf 89' lang='lat' dir='ltr'>et</span> <span class='ocrx_word' id='word_1_312' title='bbox 1666 695 1786 727; x_wconf 82' lang='lat' dir='ltr'>contir-</span> 
     </span>
     <span class='ocr_line' id='line_1_66' title="bbox 1048 747 1788 792; baseline -0.004 -10"><span class='ocrx_word' id='word_1_313' title='bbox 1048 760 1184 790; x_wconf 89' lang='lat' dir='ltr'>mamus,</span> <span class='ocrx_word' id='word_1_314' title='bbox 1209 760 1243 782; x_wconf 86' lang='lat' dir='ltr'>ac</span> <span class='ocrx_word' id='word_1_315' title='bbox 1269 749 1329 781; x_wconf 82' lang='lat' dir='ltr'>illis</span> <span class='ocrx_word' id='word_1_316' title='bbox 1354 754 1524 792; x_wconf 88' lang='lat' dir='ltr'>perpetuae</span> <span class='ocrx_word' id='word_1_317' title='bbox 1548 754 1577 781; x_wconf 89' lang='lat' dir='ltr'>et</span> <span class='ocrx_word' id='word_1_318' title='bbox 1602 747 1788 780; x_wconf 82' lang='lat' dir='ltr'>inviolabilis</span> 
     </span>
     <span class='ocr_line' id='line_1_67' title="bbox 1048 802 1788 846; baseline -0.003 -12"><span class='ocrx_word' id='word_1_319' title='bbox 1048 803 1236 846; x_wconf 83' lang='lat' dir='ltr'>apostolicae</span> <span class='ocrx_word' id='word_1_320' title='bbox 1250 802 1406 836; x_wconf 84' lang='lat' dir='ltr'>firmitatis</span> <span class='ocrx_word' id='word_1_321' title='bbox 1420 802 1517 835; x_wconf 83' lang='lat' dir='ltr'>robur</span> <span class='ocrx_word' id='word_1_322' title='bbox 1533 802 1707 841; x_wconf 84' lang='lat' dir='ltr'>adiicimus,</span> <span class='ocrx_word' id='word_1_323' title='bbox 1721 811 1788 834; x_wconf 88' lang='lat' dir='ltr'>om-</span> 
     </span>
     <span class='ocr_line' id='line_1_68' title="bbox 1047 854 1789 899; baseline -0.003 -11"><span class='ocrx_word' id='word_1_324' title='bbox 1047 866 1165 899; x_wconf 88' lang='lat' dir='ltr'>nesque</span> <span class='ocrx_word' id='word_1_325' title='bbox 1189 862 1218 889; x_wconf 89' lang='lat' dir='ltr'>et</span> <span class='ocrx_word' id='word_1_326' title='bbox 1243 856 1382 898; x_wconf 78' lang='lat' dir='ltr'>singulos</span> <span class='ocrx_word' id='word_1_327' title='bbox 1407 861 1469 888; x_wconf 87' lang='lat' dir='ltr'>tam</span> <span class='ocrx_word' id='word_1_328' title='bbox 1496 855 1572 887; x_wconf 88' lang='lat' dir='ltr'>iuris</span> <span class='ocrx_word' id='word_1_329' title='bbox 1589 865 1683 898; x_wconf 84' lang='lat' dir='ltr'>quam</span> <span class='ocrx_word' id='word_1_330' title='bbox 1707 854 1789 892; x_wconf 87' lang='lat' dir='ltr'>sacti,</span> 
     </span>
     <span class='ocr_line' id='line_1_69' title="bbox 1048 908 1789 953; baseline -0.004 -11"><span class='ocrx_word' id='word_1_331' title='bbox 1048 915 1076 942; x_wconf 89' lang='lat' dir='ltr'>et</span> <span class='ocrx_word' id='word_1_332' title='bbox 1090 910 1216 953; x_wconf 85' lang='lat' dir='ltr'>quosvis</span> <span class='ocrx_word' id='word_1_333' title='bbox 1229 910 1306 942; x_wconf 88' lang='lat' dir='ltr'>alios</span> <span class='ocrx_word' id='word_1_334' title='bbox 1319 909 1467 949; x_wconf 75' lang='lat' dir='ltr'>desectus,</span> <span class='ocrx_word' id='word_1_335' title='bbox 1482 909 1505 941; x_wconf 81' lang='lat' dir='ltr'>si</span> <span class='ocrx_word' id='word_1_336' title='bbox 1520 908 1572 951; x_wconf 90' lang='lat' dir='ltr'>qui</span> <span class='ocrx_word' id='word_1_337' title='bbox 1590 908 1620 940; x_wconf 91' lang='lat' dir='ltr'>in</span> <span class='ocrx_word' id='word_1_338' title='bbox 1637 908 1789 952; x_wconf 86' lang='lat' dir='ltr'>praemis-</span> 
     </span>
     <span class='ocr_line' id='line_1_70' title="bbox 1048 961 1789 1006; baseline -0.003 -11"><span class='ocrx_word' id='word_1_339' title='bbox 1048 963 1099 1003; x_wconf 85' lang='lat' dir='ltr'>sis,</span> <span class='ocrx_word' id='word_1_340' title='bbox 1117 968 1169 995; x_wconf 91' lang='lat' dir='ltr'>aut</span> <span class='ocrx_word' id='word_1_341' title='bbox 1183 974 1292 995; x_wconf 87' lang='lat' dir='ltr'>eorum</span> <span class='ocrx_word' id='word_1_342' title='bbox 1313 963 1417 1006; x_wconf 86' lang='lat' dir='ltr'>aliquo</span> <span class='ocrx_word' id='word_1_343' title='bbox 1437 961 1675 1005; x_wconf 53' lang='lat' dir='ltr'>quomodolffiet</span> <span class='ocrx_word' id='word_1_344' title='bbox 1695 961 1789 995; x_wconf 88' lang='lat' dir='ltr'>inler-</span> 
     </span>
     <span class='ocr_line' id='line_1_71' title="bbox 1048 1017 1414 1059; baseline -0.003 -11"><span class='ocrx_word' id='word_1_345' title='bbox 1048 1017 1199 1055; x_wconf 86' lang='lat' dir='ltr'>venerint,</span> <span class='ocrx_word' id='word_1_346' title='bbox 1224 1017 1414 1059; x_wconf 88' lang='lat' dir='ltr'>supplemus.</span> 
     </span>
    </p>

    <p class='ocr_par' dir='ltr' id='par_1_14' title="bbox 1048 1068 1989 1854">
     <span class='ocr_line' id='line_1_72' title="bbox 1093 1068 1989 1111; baseline -0.003 -11"><span class='ocrx_word' id='word_1_347' title='bbox 1093 1068 1151 1111; x_wconf 62' lang='lat' dir='ltr'>§a</span> <span class='ocrx_word' id='word_1_348' title='bbox 1169 1069 1386 1107; x_wconf 80' lang='lat' dir='ltr'>Decernentes,</span> <span class='ocrx_word' id='word_1_349' title='bbox 1405 1068 1573 1101; x_wconf 88' lang='lat' dir='ltr'>modernos</span> <span class='ocrx_word' id='word_1_350' title='bbox 1593 1073 1623 1100; x_wconf 88' lang='lat' dir='ltr'>et</span> <span class='ocrx_word' id='word_1_351' title='bbox 1640 1078 1699 1111; x_wconf 90' lang='lat' dir='ltr'>pro</span> <span class='ocrx_word' id='word_1_352' title='bbox 1718 1073 1792 1100; x_wconf 90' lang='lat' dir='ltr'>tem-</span> <span class='ocrx_word' id='word_1_353' title='bbox 1833 1080 1860 1098; x_wconf 66' lang='lat' dir='ltr'>as·</span> <span class='ocrx_word' id='word_1_354' title='bbox 1884 1079 1989 1104; x_wconf 49' lang='lat' dir='ltr'>prmum</span> 
     </span>
     <span class='ocr_line' id='line_1_73' title="bbox 1048 1105 1941 1164; baseline -0.002 -10"><span class='ocrx_word' id='word_1_355' title='bbox 1048 1132 1124 1164; x_wconf 82' lang='lat' dir='ltr'>porc</span> <span class='ocrx_word' id='word_1_356' title='bbox 1138 1122 1304 1154; x_wconf 79' lang='lat' dir='ltr'>existentes</span> <span class='ocrx_word' id='word_1_357' title='bbox 1321 1122 1421 1154; x_wconf 88' lang='lat' dir='ltr'>dietae</span> <span class='ocrx_word' id='word_1_358' title='bbox 1432 1121 1691 1164; x_wconf 75' lang='lat' dir='ltr'>Congregationis</span> <span class='ocrx_word' id='word_1_359' title='bbox 1704 1131 1792 1164; x_wconf 86' lang='lat' dir='ltr'>prae·</span> <span class='ocrx_word' id='word_1_360' title='bbox 1807 1105 1941 1125; x_wconf 44' lang='lat' dir='ltr'>‘&#39;memn&#39;h&#39;</span> 
     </span>
     <span class='ocr_line' id='line_1_74' title="bbox 1049 1174 1792 1217; baseline 0 -12"><span class='ocrx_word' id='word_1_361' title='bbox 1049 1174 1185 1216; x_wconf 87' lang='lat' dir='ltr'>positum</span> <span class='ocrx_word' id='word_1_362' title='bbox 1203 1179 1229 1206; x_wconf 90' lang='lat' dir='ltr'>et</span> <span class='ocrx_word' id='word_1_363' title='bbox 1250 1174 1391 1213; x_wconf 84' lang='lat' dir='ltr'>clericos,</span> <span class='ocrx_word' id='word_1_364' title='bbox 1416 1174 1555 1217; x_wconf 87' lang='lat' dir='ltr'>aliasque</span> <span class='ocrx_word' id='word_1_365' title='bbox 1576 1184 1736 1217; x_wconf 85' lang='lat' dir='ltr'>personas,</span> <span class='ocrx_word' id='word_1_366' title='bbox 1753 1175 1792 1206; x_wconf 87' lang='lat' dir='ltr'>ad</span> 
     </span>
     <span class='ocr_line' id='line_1_75' title="bbox 1050 1227 1792 1270; baseline 0.001 -12"><span class='ocrx_word' id='word_1_367' title='bbox 1050 1227 1221 1270; x_wconf 87' lang='lat' dir='ltr'>plenariam</span> <span class='ocrx_word' id='word_1_368' title='bbox 1248 1227 1432 1260; x_wconf 87' lang='lat' dir='ltr'>earumdem</span> <span class='ocrx_word' id='word_1_369' title='bbox 1453 1227 1711 1260; x_wconf 83' lang='lat' dir='ltr'>constitutionum</span> <span class='ocrx_word' id='word_1_370' title='bbox 1736 1228 1792 1260; x_wconf 92' lang='lat' dir='ltr'>ob—</span> 
     </span>
     <span class='ocr_line' id='line_1_76' title="bbox 1050 1281 1791 1324; baseline -0.001 -11"><span class='ocrx_word' id='word_1_371' title='bbox 1050 1281 1269 1318; x_wconf 72' lang='lat' dir='ltr'>servationem,</span> <span class='ocrx_word' id='word_1_372' title='bbox 1296 1285 1389 1324; x_wconf 86' lang='lat' dir='ltr'>prout</span> <span class='ocrx_word' id='word_1_373' title='bbox 1414 1281 1484 1313; x_wconf 84' lang='lat' dir='ltr'>illae</span> <span class='ocrx_word' id='word_1_374' title='bbox 1509 1291 1562 1313; x_wconf 88' lang='lat' dir='ltr'>eos</span> <span class='ocrx_word' id='word_1_375' title='bbox 1587 1286 1791 1317; x_wconf 82' lang='lat' dir='ltr'>concernunt,</span> 
     </span>
     <span class='ocr_line' id='line_1_77' title="bbox 1051 1333 1792 1376; baseline -0.001 -11"><span class='ocrx_word' id='word_1_376' title='bbox 1051 1334 1149 1366; x_wconf 87' lang='lat' dir='ltr'>teneri</span> <span class='ocrx_word' id='word_1_377' title='bbox 1175 1340 1206 1367; x_wconf 87' lang='lat' dir='ltr'>et</span> <span class='ocrx_word' id='word_1_378' title='bbox 1229 1334 1386 1376; x_wconf 73' lang='lat' dir='ltr'>obligatos</span> <span class='ocrx_word' id='word_1_379' title='bbox 1407 1334 1541 1366; x_wconf 81' lang='lat' dir='ltr'>existere</span> <span class='ocrx_word' id='word_1_380' title='bbox 1559 1338 1589 1365; x_wconf 85' lang='lat' dir='ltr'>et</span> <span class='ocrx_word' id='word_1_381' title='bbox 1613 1333 1690 1373; x_wconf 77' lang='lat' dir='ltr'>fore,</span> <span class='ocrx_word' id='word_1_382' title='bbox 1708 1333 1792 1365; x_wconf 80' lang='lat' dir='ltr'>etad</span> 
     </span>
     <span class='ocr_line' id='line_1_78' title="bbox 1051 1386 1794 1421; baseline -0.001 -2"><span class='ocrx_word' id='word_1_383' title='bbox 1051 1387 1081 1420; x_wconf 88' lang='lat' dir='ltr'>id</span> <span class='ocrx_word' id='word_1_384' title='bbox 1098 1388 1190 1421; x_wconf 88' lang='lat' dir='ltr'>etiam</span> <span class='ocrx_word' id='word_1_385' title='bbox 1209 1388 1265 1421; x_wconf 88' lang='lat' dir='ltr'>sub</span> <span class='ocrx_word' id='word_1_386' title='bbox 1284 1388 1425 1420; x_wconf 85' lang='lat' dir='ltr'>censuris</span> <span class='ocrx_word' id='word_1_387' title='bbox 1442 1386 1662 1420; x_wconf 85' lang='lat' dir='ltr'>ecclesiasticis</span> <span class='ocrx_word' id='word_1_388' title='bbox 1680 1392 1710 1418; x_wconf 89' lang='lat' dir='ltr'>et</span> <span class='ocrx_word' id='word_1_389' title='bbox 1726 1387 1794 1419; x_wconf 85' lang='lat' dir='ltr'>aliis</span> 
     </span>
     <span class='ocr_line' id='line_1_79' title="bbox 1051 1439 1793 1483; baseline -0.003 -10"><span class='ocrx_word' id='word_1_390' title='bbox 1051 1442 1081 1473; x_wconf 91' lang='lat' dir='ltr'>in</span> <span class='ocrx_word' id='word_1_391' title='bbox 1095 1441 1371 1474; x_wconf 83' lang='lat' dir='ltr'>constitutionibus</span> <span class='ocrx_word' id='word_1_392' title='bbox 1384 1440 1550 1483; x_wconf 86' lang='lat' dir='ltr'>praedictis</span> <span class='ocrx_word' id='word_1_393' title='bbox 1560 1439 1713 1472; x_wconf 87' lang='lat' dir='ltr'>contentis</span> <span class='ocrx_word' id='word_1_394' title='bbox 1722 1450 1793 1482; x_wconf 79' lang='lat' dir='ltr'>poe-</span> 
     </span>
     <span class='ocr_line' id='line_1_80' title="bbox 1050 1493 1791 1537; baseline -0.004 -10"><span class='ocrx_word' id='word_1_395' title='bbox 1050 1495 1098 1527; x_wconf 85' lang='lat' dir='ltr'>nis</span> <span class='ocrx_word' id='word_1_396' title='bbox 1126 1495 1194 1537; x_wconf 75' lang='lat' dir='ltr'>cogi</span> <span class='ocrx_word' id='word_1_397' title='bbox 1220 1500 1250 1526; x_wconf 89' lang='lat' dir='ltr'>et</span> <span class='ocrx_word' id='word_1_398' title='bbox 1274 1494 1420 1537; x_wconf 87' lang='lat' dir='ltr'>compelli</span> <span class='ocrx_word' id='word_1_399' title='bbox 1452 1503 1566 1537; x_wconf 89' lang='lat' dir='ltr'>posse,</span> <span class='ocrx_word' id='word_1_400' title='bbox 1599 1493 1705 1536; x_wconf 88' lang='lat' dir='ltr'>sicque</span> <span class='ocrx_word' id='word_1_401' title='bbox 1734 1503 1791 1536; x_wconf 80' lang='lat' dir='ltr'>per</span> 
     </span>
     <span class='ocr_line' id='line_1_81' title="bbox 1051 1545 1793 1591; baseline -0.004 -11"><span class='ocrx_word' id='word_1_402' title='bbox 1051 1557 1267 1591; x_wconf 85' lang='lat' dir='ltr'>quoscumque</span> <span class='ocrx_word' id='word_1_403' title='bbox 1291 1546 1410 1579; x_wconf 89' lang='lat' dir='ltr'>iudices</span> <span class='ocrx_word' id='word_1_404' title='bbox 1430 1546 1608 1578; x_wconf 84' lang='lat' dir='ltr'>ordinarios</span> <span class='ocrx_word' id='word_1_405' title='bbox 1625 1550 1655 1578; x_wconf 81' lang='lat' dir='ltr'>et</span> <span class='ocrx_word' id='word_1_406' title='bbox 1671 1545 1793 1587; x_wconf 75' lang='lat' dir='ltr'>delega—</span> 
     </span>
     <span class='ocr_line' id='line_1_82' title="bbox 1053 1597 1790 1640; baseline -0.007 -7"><span class='ocrx_word' id='word_1_407' title='bbox 1053 1603 1108 1639; x_wconf 86' lang='lat' dir='ltr'>los,</span> <span class='ocrx_word' id='word_1_408' title='bbox 1133 1600 1225 1631; x_wconf 85' lang='lat' dir='ltr'>ctiam</span> <span class='ocrx_word' id='word_1_409' title='bbox 1252 1608 1418 1631; x_wconf 86' lang='lat' dir='ltr'>causarum</span> <span class='ocrx_word' id='word_1_410' title='bbox 1435 1597 1540 1640; x_wconf 88' lang='lat' dir='ltr'>palatii</span> <span class='ocrx_word' id='word_1_411' title='bbox 1558 1597 1720 1640; x_wconf 86' lang='lat' dir='ltr'>apostolici</span> <span class='ocrx_word' id='word_1_412' title='bbox 1737 1607 1790 1628; x_wconf 90' lang='lat' dir='ltr'>au-</span> 
     </span>
     <span class='ocr_line' id='line_1_83' title="bbox 1051 1650 1791 1690; baseline -0.004 -6"><span class='ocrx_word' id='word_1_413' title='bbox 1051 1652 1178 1690; x_wconf 75' lang='lat' dir='ltr'>ditores,</span> <span class='ocrx_word' id='word_1_414' title='bbox 1193 1651 1322 1684; x_wconf 83' lang='lat' dir='ltr'>iudicari</span> <span class='ocrx_word' id='word_1_415' title='bbox 1344 1654 1374 1684; x_wconf 84' lang='lat' dir='ltr'>et</span> <span class='ocrx_word' id='word_1_416' title='bbox 1397 1650 1521 1683; x_wconf 80' lang='lat' dir='ltr'>definiri</span> <span class='ocrx_word' id='word_1_417' title='bbox 1546 1650 1673 1688; x_wconf 88' lang='lat' dir='ltr'>debere,</span> <span class='ocrx_word' id='word_1_418' title='bbox 1695 1660 1730 1682; x_wconf 88' lang='lat' dir='ltr'>ac</span> <span class='ocrx_word' id='word_1_419' title='bbox 1755 1650 1791 1681; x_wconf 92' lang='lat' dir='ltr'>ir-</span> 
     </span>
     <span class='ocr_line' id='line_1_84' title="bbox 1052 1704 1791 1747; baseline -0.003 -10"><span class='ocrx_word' id='word_1_420' title='bbox 1052 1706 1145 1738; x_wconf 88' lang='lat' dir='ltr'>ritum</span> <span class='ocrx_word' id='word_1_421' title='bbox 1156 1710 1184 1737; x_wconf 88' lang='lat' dir='ltr'>et</span> <span class='ocrx_word' id='word_1_422' title='bbox 1197 1705 1296 1744; x_wconf 89' lang='lat' dir='ltr'>inane,</span> <span class='ocrx_word' id='word_1_423' title='bbox 1305 1704 1328 1737; x_wconf 89' lang='lat' dir='ltr'>si</span> <span class='ocrx_word' id='word_1_424' title='bbox 1337 1715 1427 1736; x_wconf 84' lang='lat' dir='ltr'>secus</span> <span class='ocrx_word' id='word_1_425' title='bbox 1437 1704 1586 1747; x_wconf 86' lang='lat' dir='ltr'>superbis</span> <span class='ocrx_word' id='word_1_426' title='bbox 1595 1714 1611 1735; x_wconf 89' lang='lat' dir='ltr'>a</span> <span class='ocrx_word' id='word_1_427' title='bbox 1622 1713 1791 1746; x_wconf 89' lang='lat' dir='ltr'>quoquam,</span> 
     </span>
     <span class='ocr_line' id='line_1_85' title="bbox 1050 1756 1791 1802; baseline -0.004 -11"><span class='ocrx_word' id='word_1_428' title='bbox 1050 1759 1159 1802; x_wconf 83' lang='lat' dir='ltr'>quavis</span> <span class='ocrx_word' id='word_1_429' title='bbox 1176 1758 1370 1797; x_wconf 85' lang='lat' dir='ltr'>auctoritate,</span> <span class='ocrx_word' id='word_1_430' title='bbox 1384 1757 1519 1790; x_wconf 84' lang='lat' dir='ltr'>scienter</span> <span class='ocrx_word' id='word_1_431' title='bbox 1535 1757 1582 1789; x_wconf 89' lang='lat' dir='ltr'>vel</span> <span class='ocrx_word' id='word_1_432' title='bbox 1600 1756 1791 1799; x_wconf 81' lang='lat' dir='ltr'>ignoranter,</span> 
     </span>
     <span class='ocr_line' id='line_1_86' title="bbox 1051 1811 1390 1854; baseline -0.009 -9"><span class='ocrx_word' id='word_1_433' title='bbox 1051 1812 1215 1854; x_wconf 81' lang='lat' dir='ltr'>contigerit</span> <span class='ocrx_word' id='word_1_434' title='bbox 1237 1811 1390 1845; x_wconf 88' lang='lat' dir='ltr'>attentari.</span> 
     </span>
    </p>

    <p class='ocr_par' dir='ltr' id='par_1_15' title="bbox 1051 1863 1792 2017">
     <span class='ocr_line' id='line_1_87' title="bbox 1096 1863 1792 1909; baseline -0.003 -11"><span class='ocrx_word' id='word_1_435' title='bbox 1096 1867 1109 1909; x_wconf 63' lang='grc' dir='ltr'>ξ</span> <span class='ocrx_word' id='word_1_436' title='bbox 1126 1866 1155 1898; x_wconf 64' lang='grc'>4.</span> <span class='ocrx_word' id='word_1_437' title='bbox 1174 1866 1241 1898; x_wconf 79' lang='lat' dir='ltr'>Non</span> <span class='ocrx_word' id='word_1_438' title='bbox 1258 1864 1453 1898; x_wconf 85' lang='lat' dir='ltr'>obstantibus</span> <span class='ocrx_word' id='word_1_439' title='bbox 1471 1863 1746 1898; x_wconf 84' lang='lat' dir='ltr'>constitutionibus</span> <span class='ocrx_word' id='word_1_440' title='bbox 1762 1871 1792 1897; x_wconf 85' lang='lat' dir='ltr'>et</span> 
     </span>
     <span class='ocr_line' id='line_1_88' title="bbox 1051 1918 1791 1962; baseline -0.003 -10"><span class='ocrx_word' id='word_1_441' title='bbox 1051 1919 1302 1952; x_wconf 86' lang='lat' dir='ltr'>ordinationibus</span> <span class='ocrx_word' id='word_1_442' title='bbox 1321 1918 1510 1962; x_wconf 86' lang='lat' dir='ltr'>apostolicis,</span> <span class='ocrx_word' id='word_1_443' title='bbox 1529 1918 1705 1961; x_wconf 85' lang='lat' dir='ltr'>ceterisque</span> <span class='ocrx_word' id='word_1_444' title='bbox 1721 1928 1791 1951; x_wconf 91' lang='lat' dir='ltr'>con-</span> 
     </span>
     <span class='ocr_line' id='line_1_89' title="bbox 1052 1973 1431 2017; baseline -0.003 -11"><span class='ocrx_word' id='word_1_445' title='bbox 1052 1974 1155 2006; x_wconf 82' lang='lat' dir='ltr'>trariis</span> <span class='ocrx_word' id='word_1_446' title='bbox 1172 1973 1431 2017; x_wconf 82' lang='lat' dir='ltr'>quibuscumque.</span> 
     </span>
    </p>

    <p class='ocr_par' dir='ltr' id='par_1_16' title="bbox 1051 2026 1820 2387">
     <span class='ocr_line' id='line_1_90' title="bbox 1095 2026 1791 2070; baseline -0.003 -10"><span class='ocrx_word' id='word_1_447' title='bbox 1095 2029 1109 2069; x_wconf 68' lang='grc' dir='ltr'>ξ</span> <span class='ocrx_word' id='word_1_448' title='bbox 1135 2028 1163 2060; x_wconf 74' lang='lat'>5.</span> <span class='ocrx_word' id='word_1_449' title='bbox 1188 2028 1338 2060; x_wconf 64' lang='lat' dir='ltr'>Volumus</span> <span class='ocrx_word' id='word_1_450' title='bbox 1354 2031 1468 2068; x_wconf 82' lang='lat' dir='ltr'>autem,</span> <span class='ocrx_word' id='word_1_451' title='bbox 1481 2026 1565 2069; x_wconf 88' lang='lat' dir='ltr'>quod</span> <span class='ocrx_word' id='word_1_452' title='bbox 1578 2026 1791 2070; x_wconf 79' lang='lat' dir='ltr'>praesentiunt</span> 
     </span>
     <span class='ocr_line' id='line_1_91' title="bbox 1052 2069 1820 2124; baseline -0.003 -11"><span class='ocrx_word' id='word_1_453' title='bbox 1052 2080 1273 2124; x_wconf 87' lang='lat' dir='ltr'>transumptis,</span> <span class='ocrx_word' id='word_1_454' title='bbox 1299 2080 1392 2112; x_wconf 86' lang='lat' dir='ltr'>etiam</span> <span class='ocrx_word' id='word_1_455' title='bbox 1418 2079 1595 2122; x_wconf 88' lang='lat' dir='ltr'>impressis,</span> <span class='ocrx_word' id='word_1_456' title='bbox 1621 2090 1716 2111; x_wconf 88' lang='lat' dir='ltr'>manu</span> <span class='ocrx_word' id='word_1_457' title='bbox 1740 2080 1792 2111; x_wconf 90' lang='lat' dir='ltr'>ali·</span> <span class='ocrx_word' id='word_1_458' title='bbox 1808 2069 1820 2088; x_wconf 78' lang='lat'>‘¹</span> 
     </span>
     <span class='ocr_line' id='line_1_92' title="bbox 1052 2132 1791 2176; baseline -0.004 -9"><span class='ocrx_word' id='word_1_459' title='bbox 1052 2134 1141 2167; x_wconf 89' lang='lat' dir='ltr'>cuius</span> <span class='ocrx_word' id='word_1_460' title='bbox 1165 2134 1278 2167; x_wconf 87' lang='lat' dir='ltr'>notarii</span> <span class='ocrx_word' id='word_1_461' title='bbox 1295 2133 1411 2176; x_wconf 84' lang='lat' dir='ltr'>publici</span> <span class='ocrx_word' id='word_1_462' title='bbox 1431 2132 1625 2176; x_wconf 80' lang='lat' dir='ltr'>subscriptis,</span> <span class='ocrx_word' id='word_1_463' title='bbox 1643 2137 1672 2166; x_wconf 83' lang='lat' dir='ltr'>et</span> <span class='ocrx_word' id='word_1_464' title='bbox 1688 2132 1791 2174; x_wconf 81' lang='lat' dir='ltr'>sigillo</span> 
     </span>
     <span class='ocr_line' id='line_1_93' title="bbox 1051 2185 1793 2231; baseline -0.005 -11"><span class='ocrx_word' id='word_1_465' title='bbox 1051 2198 1203 2231; x_wconf 86' lang='lat' dir='ltr'>personae</span> <span class='ocrx_word' id='word_1_466' title='bbox 1228 2187 1259 2219; x_wconf 94' lang='lat' dir='ltr'>in</span> <span class='ocrx_word' id='word_1_467' title='bbox 1282 2186 1432 2229; x_wconf 73' lang='lat' dir='ltr'>dignitate</span> <span class='ocrx_word' id='word_1_468' title='bbox 1449 2185 1661 2219; x_wconf 77' lang='lat' dir='ltr'>ecclesiastica</span> <span class='ocrx_word' id='word_1_469' title='bbox 1679 2185 1793 2217; x_wconf 87' lang='lat' dir='ltr'>consti-</span> 
     </span>
     <span class='ocr_line' id='line_1_94' title="bbox 1053 2237 1788 2282; baseline -0.005 -9"><span class='ocrx_word' id='word_1_470' title='bbox 1053 2246 1135 2273; x_wconf 83' lang='lat' dir='ltr'>tutae</span> <span class='ocrx_word' id='word_1_471' title='bbox 1159 2240 1298 2278; x_wconf 85' lang='lat' dir='ltr'>munitis‚</span> <span class='ocrx_word' id='word_1_472' title='bbox 1323 2239 1431 2272; x_wconf 87' lang='lat' dir='ltr'>eadem</span> <span class='ocrx_word' id='word_1_473' title='bbox 1457 2249 1587 2282; x_wconf 88' lang='lat' dir='ltr'>prorsus</span> <span class='ocrx_word' id='word_1_474' title='bbox 1604 2238 1680 2270; x_wconf 84' lang='lat' dir='ltr'>fides</span> <span class='ocrx_word' id='word_1_475' title='bbox 1697 2237 1788 2270; x_wconf 86' lang='lat' dir='ltr'>adlu-</span> 
     </span>
     <span class='ocr_line' id='line_1_95' title="bbox 1052 2291 1791 2337; baseline -0.007 -10"><span class='ocrx_word' id='word_1_476' title='bbox 1052 2295 1171 2335; x_wconf 87' lang='lat' dir='ltr'>beatur,</span> <span class='ocrx_word' id='word_1_477' title='bbox 1195 2304 1275 2337; x_wconf 89' lang='lat' dir='ltr'>quae</span> <span class='ocrx_word' id='word_1_478' title='bbox 1299 2293 1500 2326; x_wconf 84' lang='lat' dir='ltr'>adhiberetur</span> <span class='ocrx_word' id='word_1_479' title='bbox 1521 2291 1596 2335; x_wconf 89' lang='lat' dir='ltr'>ipsis</span> <span class='ocrx_word' id='word_1_480' title='bbox 1619 2291 1791 2334; x_wconf 85' lang='lat' dir='ltr'>praesenti-</span> 
     </span>
     <span class='ocr_line' id='line_1_96' title="bbox 1053 2345 1739 2387; baseline -0.006 -7"><span class='ocrx_word' id='word_1_481' title='bbox 1053 2348 1133 2387; x_wconf 86' lang='lat' dir='ltr'>bus,</span> <span class='ocrx_word' id='word_1_482' title='bbox 1159 2347 1183 2379; x_wconf 89' lang='lat' dir='ltr'>si</span> <span class='ocrx_word' id='word_1_483' title='bbox 1207 2348 1310 2380; x_wconf 87' lang='lat' dir='ltr'>forent</span> <span class='ocrx_word' id='word_1_484' title='bbox 1333 2346 1490 2378; x_wconf 81' lang='lat' dir='ltr'>exhibitae</span> <span class='ocrx_word' id='word_1_485' title='bbox 1515 2345 1562 2377; x_wconf 91' lang='lat' dir='ltr'>vel</span> <span class='ocrx_word' id='word_1_486' title='bbox 1587 2348 1739 2377; x_wconf 81' lang='lat' dir='ltr'>ostensae.</span> 
     </span>
    </p>

    <p class='ocr_par' dir='ltr' id='par_1_17' title="bbox 1052 2397 1791 2547">
     <span class='ocr_line' id='line_1_97' title="bbox 1096 2397 1791 2442; baseline -0.004 -11"><span class='ocrx_word' id='word_1_487' title='bbox 1096 2400 1207 2432; x_wconf 88' lang='lat' dir='ltr'>Datum</span> <span class='ocrx_word' id='word_1_488' title='bbox 1224 2400 1350 2439; x_wconf 81' lang='lat' dir='ltr'>Romae,</span> <span class='ocrx_word' id='word_1_489' title='bbox 1367 2398 1448 2442; x_wconf 84' lang='lat' dir='ltr'>apud</span> <span class='ocrx_word' id='word_1_490' title='bbox 1462 2398 1490 2430; x_wconf 84' lang='lat' dir='ltr'>S.</span> <span class='ocrx_word' id='word_1_491' title='bbox 1506 2397 1644 2437; x_wconf 86' lang='lat' dir='ltr'>Petrum,</span> <span class='ocrx_word' id='word_1_492' title='bbox 1662 2397 1720 2429; x_wconf 90' lang='lat' dir='ltr'>sub</span> <span class='ocrx_word' id='word_1_493' title='bbox 1739 2407 1791 2429; x_wconf 86' lang='lat' dir='ltr'>au-</span> 
     </span>
     <span class='ocr_line' id='line_1_98' title="bbox 1052 2449 1790 2488; baseline -0.003 -5"><span class='ocrx_word' id='word_1_494' title='bbox 1052 2452 1127 2484; x_wconf 90' lang='lat' dir='ltr'>nulo</span> <span class='ocrx_word' id='word_1_495' title='bbox 1148 2451 1324 2488; x_wconf 75' lang='lat' dir='ltr'>piscatoris,</span> <span class='ocrx_word' id='word_1_496' title='bbox 1336 2451 1386 2483; x_wconf 87' lang='lat' dir='ltr'>die</span> <span class='ocrx_word' id='word_1_497' title='bbox 1403 2460 1479 2483; x_wconf 79' lang='lat' dir='ltr'>xxxt</span> <span class='ocrx_word' id='word_1_498' title='bbox 1498 2449 1628 2482; x_wconf 89' lang='lat' dir='ltr'>ianuarii</span> <span class='ocrx_word' id='word_1_499' title='bbox 1648 2459 1790 2487; x_wconf 60' lang='lat' dir='ltr'>noenu,</span> 
     </span>
     <span class='ocr_line' id='line_1_99' title="bbox 1054 2503 1527 2547; baseline -0.004 -10"><span class='ocrx_word' id='word_1_500' title='bbox 1054 2504 1253 2547; x_wconf 83' lang='lat' dir='ltr'>pontificatus</span> <span class='ocrx_word' id='word_1_501' title='bbox 1276 2503 1375 2536; x_wconf 88' lang='lat' dir='ltr'>nostri</span> <span class='ocrx_word' id='word_1_502' title='bbox 1400 2513 1482 2535; x_wconf 88' lang='lat' dir='ltr'>anno</span> <span class='ocrx_word' id='word_1_503' title='bbox 1508 2513 1527 2535; x_wconf 83' lang='lat'>1.</span> 
     </span>
    </p>
   </div>
   <div class='ocr_carea' id='block_1_11' title="bbox 1802 272 1980 299">
    <p class='ocr_par' dir='ltr' id='par_1_18' title="bbox 1802 272 1980 299">
     <span class='ocr_line' id='line_1_100' title="bbox 1802 272 1980 299; baseline 0.006 -1"><span class='ocrx_word' id='word_1_504' title='bbox 1802 272 1851 298; x_wconf 80' lang='lat' dir='ltr'>An.</span> <span class='ocrx_word' id='word_1_505' title='bbox 1871 272 1899 298; x_wconf 91' lang='lat' dir='ltr'>C.</span> <span class='ocrx_word' id='word_1_506' title='bbox 1917 272 1980 299; x_wconf 71' lang='lat'>1621</span> 
     </span>
    </p>
   </div>
   <div class='ocr_carea' id='block_1_12' title="bbox 1807 1874 1991 1922">
    <p class='ocr_par' dir='ltr' id='par_1_19' title="bbox 1807 1874 1991 1922">
     <span class='ocr_line' id='line_1_101' title="bbox 1877 1874 1991 1903; baseline -0.009 -8"><span class='ocrx_word' id='word_1_507' title='bbox 1877 1874 1991 1903; x_wconf 63' lang='lat' dir='ltr'>Det-ouant)</span> 
     </span>
     <span class='ocr_line' id='line_1_102' title="bbox 1807 1904 1970 1922; baseline -0.006 0"><span class='ocrx_word' id='word_1_508' title='bbox 1807 1904 1970 1922; x_wconf 58' lang='lat' dir='ltr'>foilrdrtorum.</span> 
     </span>
    </p>
   </div>
   <div class='ocr_carea' id='block_1_13' title="bbox 1823 2041 1992 2089">
    <p class='ocr_par' dir='ltr' id='par_1_20' title="bbox 1823 2041 1992 2089">
     <span class='ocr_line' id='line_1_103' title="bbox 1847 2041 1992 2067; baseline 0 -6"><span class='ocrx_word' id='word_1_509' title='bbox 1847 2041 1992 2067; x_wconf 56' lang='lat' dir='ltr'>Tranzumpus</span> 
     </span>
     <span class='ocr_line' id='line_1_104' title="bbox 1823 2068 1939 2089; baseline -0.009 -1"><span class='ocrx_word' id='word_1_510' title='bbox 1823 2069 1877 2089; x_wconf 57' lang='lat' dir='ltr'>emta</span> <span class='ocrx_word' id='word_1_511' title='bbox 1889 2068 1939 2087; x_wconf 60' lang='lat' dir='ltr'>tide«</span> 
     </span>
    </p>
   </div>
   <div class='ocr_carea' id='block_1_14' title="bbox 1090 2565 1723 2600">
    <p class='ocr_par' dir='ltr' id='par_1_21' title="bbox 1090 2565 1723 2600">
     <span class='ocr_line' id='line_1_105' title="bbox 1090 2565 1723 2600; baseline -0.002 -8"><span class='ocrx_word' id='word_1_512' title='bbox 1090 2565 1147 2592; x_wconf 80' lang='lat' dir='ltr'>Dat.</span> <span class='ocrx_word' id='word_1_513' title='bbox 1169 2566 1213 2593; x_wconf 83' lang='lat' dir='ltr'>die</span> <span class='ocrx_word' id='word_1_514' title='bbox 1233 2565 1263 2592; x_wconf 76' lang='lat'>31</span> <span class='ocrx_word' id='word_1_515' title='bbox 1286 2565 1402 2592; x_wconf 85' lang='lat' dir='ltr'>ianuarii</span> <span class='ocrx_word' id='word_1_516' title='bbox 1423 2565 1501 2599; x_wconf 69' lang='lat'>1621,</span> <span class='ocrx_word' id='word_1_517' title='bbox 1523 2565 1618 2600; x_wconf 79' lang='lat' dir='ltr'>pontis.</span> <span class='ocrx_word' id='word_1_518' title='bbox 1640 2574 1685 2593; x_wconf 89' lang='lat' dir='ltr'>an.</span> <span class='ocrx_word' id='word_1_519' title='bbox 1707 2572 1723 2591; x_wconf 87' lang='lat'>1.</span> 
     </span>
    </p>
   </div>
  </div>
 </body>
</html>
