2293 3231
313 286 404 314 An.C.
431 286 496 314 1612

541 277 583 311 917.
1093 285 1273 309 Bruanium
1297 284 1451 309 Romnum

511 334 724 375 detinebatur,
750 334 799 367 vel
823 333 1063 377 (piei-elabatur,
1091 332 1253 365 diffinitive
1269 335 1272 387 Ι
1287 333 1335 364 vel
1360 332 1530 372 indirecte,
1555 338 1605 364 aut
1630 333 1872 376 quoquomodo,
1895 342 2030 375 eogere,

512 395 659 432 tanquam
678 389 844 427 innocens,
863 388 909 420 vel
928 393 1086 429 tamquam
1104 386 1254 419 hactenus
1270 389 1272 399 '
1289 384 1454 422 indm-ere,
1471 391 1521 417 aut
1539 384 1671 417 invitare
1687 385 1820 418 audeant
1839 386 1887 418 vel
1905 395 2032 430 praesu-

509 452 573 474 non
604 447 750 485 repertus
777 440 964 484 culpabilis,
993 450 1140 483 expresse
1167 439 1255 473 abso-
1288 444 1393 478 niant;
1425 437 1479 471 sed
1509 437 1615 471 onmia
1651 443 1679 471 et
1719 448 1934 482 quaecumque
1973 438 2031 470 hac

509 495 600 528 lutus.
1288 495 1395 525 nostra
1416 492 1636 526 constitutione
1661 497 1807 525 contenta
1831 492 1869 525 ad
1893 501 2030 535 unguem

553 548 603 581 63.
632 548 691 581 l‘ro
717 547 1000 591 compositionibus
1027 556 1102 580 vero
1128 547 1252 579 easdem
1288 547 1416 580 omnino
1433 547 1609 580 observent.

508 602 630 634 notulas
656 601 856 633 decretorum
885 606 913 633 et
939 599 1147 633 cassationes¹
1172 600 1254 633 aeei-
1332 602 1383 634 oo.
1408 601 1440 633 tit
1468 611 1525 644 pro
1551 600 1705 633 mandatis
1721 600 1759 634 de
1788 599 2029 640 excarcerando,

508 667 583 700 pere
594 655 666 698 (nisi
677 655 708 687 in
723 655 825 688 causis
835 661 862 688 et
878 655 1095 688 criminalibus
1107 655 1255 698 gravibus
1288 654 1401 697 quibus
1418 666 1435 686 a
1452 654 1552 687 iudice
1569 654 1724 687 adiectum
1740 660 1786 688 est
1807 655 1923 698 aratis,
1950 654 2029 687 nihil

507 715 536 743 et
554 708 697 752 gravem²
714 719 848 753 poenam
868 709 1071 749 merentibus,
1092 715 1121 741 et
1142 709 1173 741 in
1190 710 1255 752 qui-
1270 722 1272 738 ε
1289 718 1438 752 prorsus;
1465 713 1492 740 et
1511 707 1520 724 ¹
1552 708 1586 741 in
1609 709 1717 751 sormd
1744 718 1941 752 pauperum,
1970 718 2029 752 pro

507 762 567 795 hus
593 772 656 795 non
679 763 780 795 solum
805 762 1007 795 intervenerit
1029 763 1122 806 plena
1143 772 1254 795 causae
1270 745 1273 813 ἱ
1289 762 1455 795 medietate
1481 768 1600 795 tantum
1626 762 1795 806 accipiant:
1822 762 1954 805 ideoque
1971 772 2030 794 nec

508 815 665 858 cognitio,
682 816 736 849 sed
764 816 858 849 etiam
886 816 1050 856 discussio,
1073 821 1101 848 ct
1129 816 1254 849 decreta
1270 815 1273 859 ξ
1290 816 1426 849 mandati
1451 817 1628 850 mercedem
1651 822 1720 850 ante
1744 817 1918 861 recipiant,
1935 827 2029 860 quam

507 869 623 902 suerint
640 879 704 903 non
721 869 834 903 iudicis
847 875 978 910 tantum,
991 869 1045 902 sed
1062 876 1090 903 et
1107 881 1255 914 procura-
1271 869 1273 911 ἱ
1289 882 1306 903 a
1331 871 1431 904 iudice
1453 872 1544 904 suerit
1571 872 1802 915 subscriptum,
1826 877 1856 904 et
1881 872 1960 904 sorte
1984 881 2031 904 re-

509 923 585 956 toris
606 924 705 956 nostri
731 923 846 957 fiscalis
869 934 962 956 manu
986 924 1176 968 subscripta)
1201 924 1256 957 mi-
1289 930 1411 968 ceptam
1428 926 1556 958 omnino
1573 926 1746 958 restituant.

507 977 591 1010 nime
616 977 748 1021 possint.
1271 969 1273 1005 i
1333 978 1384 1012 67.
1410 979 1471 1012 Nee
1496 990 1556 1023 pro
1582 979 1673 1023 eopia
1701 979 1911 1020 indiciorum,
1937 989 2031 1022 quam

552 1030 604 1065 64.
623 1031 835 1064 llenfissiones
853 1037 955 1064 tamen
973 1032 1129 1075 gratiosas
1149 1031 1255 1064 banni-
1289 1032 1496 1066 effectualiter
1517 1043 1572 1066 reo
1595 1043 1657 1066 non
1679 1032 1841 1074 dederint,
1863 1033 2031 1076 quiequam

510 1090 613 1118 torum
639 1085 669 1118 in
694 1085 925 1118 contumaciam
951 1086 1254 1126 condemnatorum,
1271 1118 1273 1132 ⁴
1289 1087 1454 1130 percipere
1480 1087 1552 1130 (nisi
1576 1088 1646 1120 loco
1670 1087 1796 1131 arrhae)
1821 1087 1977 1129 debeant,
2002 1093 2033 1120 et

509 1149 633 1172 necnon
649 1139 732 1172 exilii
750 1145 778 1172 et
802 1139 977 1172 triremium
1003 1150 1192 1184 poenarum,
1217 1140 1254 1173 de
1271 1133 1274 1185 l
1289 1140 1341 1172 ubi
1361 1151 1431 1173 reus
1444 1141 1578 1184 amplius
1596 1140 1695 1185 ipsam
1712 1141 1836 1184 copiam
1850 1140 1966 1174 babere
1979 1150 2033 1174 no-

511 1192 622 1226 ordine
646 1198 755 1226 nostro
786 1199 814 1226 et
840 1204 899 1237 pro
925 1199 1067 1238 tempore
1095 1194 1256 1227 existentis
1272 1201 1274 1242 y
1290 1194 1394 1235 luerit,
1410 1194 1504 1227 etiam
1518 1194 1601 1237 quod
1615 1194 1742 1227 arrham
1759 1193 1890 1234 dederit,
1908 1193 1946 1227 ab
1963 1193 2032 1238 ipso

512 1247 643 1280 Romani
670 1247 845 1287 Pondfieis,
871 1247 1062 1291 excipimus,
1088 1247 1117 1279 in
1142 1247 1255 1291 quibus
1272 1255 1273 1296 ἦ
1290 1248 1570 1291 nonexigant‚nisi
1584 1249 1723 1291 prorata
1738 1247 1848 1291 copiae
1862 1247 2030 1281 confectae..

513 1299 608 1333 iidem
631 1300 744 1333 notarii
771 1301 896 1334 notulas
920 1300 1119 1334 decrttorum
1140 1306 1167 1333 et
1192 1301 1274 1344 γης-ξ

513 1353 642 1386 sationis
670 1365 875 1398 processuum
904 1355 1048 1398 accipere
1078 1354 1159 1387 licite
1188 1366 1257 1398 pos-

513 1406 583 1439 sint.
602 1407 635 1439 ln
652 1407 721 1440 aliis
746 1414 849 1440 autem
867 1407 1115 1451 quibuscumtpie
1133 1407 1257 1440 casibus
1273 1400 1274 1409 ¹

514 1460 650 1493 contenti
675 1471 742 1494 esse
767 1461 898 1494 debeant
923 1461 989 1494 ¹<ola
1011 1461 1155 1493 mercede
1174 1471 1257 1493 man-

513 1514 576 1547 dati
594 1514 631 1547 de
649 1515 834 1555 relaxando,
849 1515 873 1547 si
892 1515 935 1548 rei
953 1515 1067 1548 suerint
1088 1515 1254 1555 carceratij,
1273 1510 1274 1515 ¹

513 1574 553 1608 et,
577 1568 601 1600 si
625 1578 689 1601 non
714 1569 827 1601 suerint
853 1569 1021 1608 carcerati,
1044 1568 1164 1612 pariter
1186 1562 1275 1601 eonss

515 1621 589 1654 tenti
613 1622 674 1654 sint
698 1624 733 1655 ea
759 1622 922 1663 mercede,
943 1633 1033 1665 quae,
1052 1622 1075 1654 si
1105 1622 1255 1655 carcerati

513 1674 662 1716 fuissent,
678 1675 724 1708 eis
748 1675 916 1708 deberetur
932 1687 990 1720 pro
1008 1676 1091 1708 dieto
1110 1676 1256 1708 mandato
1272 1685 1275 1705 ι

513 1729 551 1763 de
575 1730 762 1770 relaxando,
779 1730 967 1774 reprobata,
989 1735 1082 1774 prout
1108 1731 1258 1774 reproba-

513 1794 602 1823 mus,
619 1783 704 1816 omni
734 1786 831 1827 prava
853 1783 1078 1816 consuetudine
1103 1789 1128 1816 ct
1153 1784 1258 1817 obser-

515 1837 617 1870 vantia
628 1837 835 1878 notariorum,
847 1838 885 1870 ad
895 1838 1041 1871 effectum
1051 1838 1257 1881 extorquendi

514 1891 654 1923 notulam
672 1891 801 1931 decreti,
822 1891 853 1924 in
874 1891 1020 1924 omnibus
1042 1893 1106 1924 l'erc
1124 1891 1258 1925 decretis

514 1944 552 1977 de
565 1945 732 1978 relaxando
746 1945 973 1989 apponentium
986 1945 1038 1977 illa
1053 1945 1156 1986 verba,
1168 1956 1259 1979 man-

513 1999 764 2039 <lavit-cassari,
785 2003 814 2032 el
834 2000 979 2043 amplius
996 2010 1057 2032 non
1076 2000 1254 2041 molestari,

514 2051 684 2085 silentium
701 2052 844 2096 imqmni,
862 2053 909 2085 vel
927 2053 1049 2085 similia.

559 2105 610 2139 65.
637 2107 670 2139 ΕΙ
691 2107 840 2150 insuper,
866 2107 982 2151 supet-³
1000 2107 1118 2140 eisdem
1136 2108 1257 2151 poeniS,

515 2160 661 2193 omnibus
677 2161 808 2193 notariis
830 2161 1046 2205 prohibemus,
1071 2172 1120 2202 ne,
1146 2172 1203 2206 per
1226 2173 1257 2195 se

518 2214 563 2246 vel
585 2213 680 2255 alios,
698 2225 769 2247 reos
787 2225 913 2258 quoquo
931 2215 1024 2248 modo
1042 2221 1257 2259 processatos,

517 2267 554 2299 ad
580 2278 748 2311 processus
772 2268 994 2309 cassationem,
1013 2274 1062 2301 aut
1086 2269 1259 2302 cuiuscum-

517 2331 577 2364 que
604 2322 774 2355 sententiae
800 2323 846 2355 vel
870 2322 986 2355 decreti
1005 2323 1186 2356 absolutorii
1206 2323 1260 2355 im-

517 2375 728 2419 petrationem
755 2376 800 2409 vel
822 2376 1085 2420 postulationem,
1112 2387 1169 2420 per
1186 2376 1260 2409 cita-

518 2428 634 2461 tionem
666 2429 704 2461 ad
737 2440 768 2462 se
797 2429 1118 2473 rep1·aesentanduui‚
1144 2435 1192 2461 aut
1220 2429 1258 2461 ad

518 2482 721 2523 sententiam,
740 2484 785 2517 vel
806 2483 881 2516 alias
899 2483 1035 2528 qualibet
1054 2483 1100 2516 via
1112 2510 1119 2524 ,
1141 2483 1258 2517 directe

555 2573 565 2599 1
585 2571 667 2600 Paulo
690 2572 759 2600 iufra
776 2573 802 2600 iu
826 2581 903 2601 num.
927 2574 962 2601 64
977 2573 1074 2610 legitur
1088 2574 1260 2602 cassationis

516 2624 699 2652 processuum
720 2622 755 2648 tn.
772 2619 818 2651 τ.).

553 2661 570 2688 2
587 2661 730 2698 perperam
745 2662 809 2689 edit.
821 2662 900 2690 Μαίη.
914 2663 979 2699 legit
992 2671 1148 2698 qraeamen
1159 2663 1197 2698 (a.
1209 2663 1258 2694 T.)-

554 2706 571 2735 3
591 2706 691 2736 Forsan
709 2707 853 2744 tegendum
872 2708 923 2736 sub
943 2710 980 2743 (n.
996 2709 1044 2743 T.).

1335 1301 1386 1334 aa.
1407 1301 1558 1335 Similiter
1571 1301 1718 1334 alimenta
1731 1306 1966 1334 carceratorum
1982 1311 2033 1344 pe-

1273 1365 1345 1398 1nes
1361 1365 1415 1388 eos
1432 1355 1575 1399 deposita
1598 1354 1729 1395 notarii,
1755 1354 1821 1387 sine
1845 1354 1908 1387 ulla
1932 1359 2034 1387 reten-

1291 1408 1373 1441 tione
1392 1419 1450 1452 pro
1468 1408 1612 1452 deposito
1637 1408 1684 1441 vel
1709 1408 1769 1440 alia
1786 1408 1925 1451 qualibet
1945 1407 2034 1440 dimi-

1290 1461 1433 1501 nutione,
1451 1461 1618 1494 carceratis
1637 1461 1757 1503 integre
1774 1461 1968 1503 consignent.

1335 1514 1386 1548 (39.
1415 1514 1608 1558 Quicumque
1636 1526 1672 1548 ex
1690 1514 1845 1548 notariis²
1865 1514 1895 1547 in
1922 1525 2033 1548 eorum

1290 1568 1401 1601 officiis
1429 1569 1641 1602 scribentibus
1664 1569 1696 1601 in
1720 1569 1825 1612 aliquo
1850 1569 2034 1613 praemisso-

1291 1634 1360 1655 rum
1377 1623 1626 1663 contravenerit,
1643 1633 1701 1667 pro
1724 1622 1863 1665 qualibet
1879 1622 1945 1655 vice
1962 1632 2034 1666 poe-

1291 1686 1362 1709 nam
1388 1682 1548 1709 scutorum
1578 1675 1687 1719 viginti
1712 1675 1869 1719 quinque,
1894 1675 2032 1718 aliasque

1291 1740 1410 1773 poenas
1436 1729 1633 1773 pecuniarias
1653 1735 1684 1763 et,
1703 1729 1848 1774 eorporis
1871 1728 2034 1762 afflietivas

1292 1794 1350 1827 pro
1376 1783 1469 1816 modo
1492 1794 1636 1816 excessus
1651 1794 1668 1816 a
1685 1793 1741 1816 suo
1758 1782 1860 1816 iudice
1882 1782 2034 1816 arbitran-

1291 1837 1356 1878 das,
1373 1837 1530 1878 incurrat,
1548 1838 1723 1881 damnaque
1746 1843 1774 1870 et
1796 1837 1946 1871 interesse
1965 1847 2034 1881 par-

1292 1890 1373 1924 tibus
1390 1892 1520 1924 reticere
1538 1897 1677 1934 cogatur.

1326 1944 1376 1978 70.
1387 1944 1474 1978 Ultra
1483 1945 1666 1989 praemissa„
1676 1944 1844 1988 diligenter
1855 1954 1913 1988 per
1924 1954 2033 1977 omnes

1292 1998 1431 2032 notarios
1463 1998 1598 2032 cuiusvis
1626 1998 1792 2031 tribunalis
1816 1997 2032 2038 observanda,

1292 2053 1465 2093 sancimus,
1491 2058 1521 2085 ut
1547 2052 1660 2085 notarii
1686 2051 1958 2095 infrascriptortun
1983 2051 2035 2084 tri—

1291 2106 1452 2139 bunalium
1488 2106 1582 2139 etiam
1617 2110 1784 2149 sequentes
1819 2104 2033 2138 ordinationes

1292 2159 1459 2204 quemlibet
1494 2169 1603 2193 eorum
1637 2164 1800 2203 tangentes
1830 2169 1955 2192 servare
1983 2158 2034 2192 de-

1292 2215 1394 2247 beant.

1337 2267 1387 2301 71.
1406 2267 1525 2302 Notat-ii
1543 2277 1687 2301 camerae
1705 2266 1766 2300 illis
1782 2266 1835 2310 qui
1859 2270 1988 2299 annatas
2003 2270 2034 2298 et

1292 2321 1351 2354 alia
1378 2321 1446 2354 iura
1463 2332 1607 2363 camerae
1631 2332 1690 2365 pro
1712 2319 1964 2364 expeditionibus
1982 2319 2035 2353 de-

1292 2375 1357 2407 bita
1374 2375 1593 2419 peu-solverint,
1610 2374 1853 2418 quietantiarum
1875 2378 1904 2406 et
1920 2373 2035 2406 libera-

1294 2429 1412 2462 tionum
1426 2429 1642 2469 instrumcnta‚
1653 2438 1749 2472 super
1757 2426 1967 2460 solutionibus
1976 2437 2034 2471 per

1293 2493 1346 2516 eos
1375 2483 1472 2523 saetis,
1497 2482 1577 2515 intra
1603 2481 1756 2521 triduum,
1782 2481 1867 2514 iuxta
1895 2485 2033 2514 veterem

1293 2536 1572 2576 consuetudinem,
1599 2535 1742 2568 mercede
1770 2534 1861 2568 solita
1889 2536 2033 2578 recepta,

1293 2591 1323 2624 in
1342 2592 1441 2624 forma
1455 2589 1632 2623 authentica
1652 2588 1775 2622 tradere
1793 2589 2033 2633 compellantur,

1330 2664 1341 2690 1
1355 2662 1395 2690 Id.
1405 2670 1458 2698 pro
1470 2661 1614 2689 mandatis
1625 2660 1657 2689 in
1666 2661 1763 2696 forma
1770 2659 2031 2696 pauperum(n.·t·.).

1327 2707 1344 2735 2
1364 2706 1461 2736 Forsan
1482 2705 1525 2734 hic
1539 2705 1616 2734 deest
1630 2705 1763 2742 particula
1777 2705 1820 2734 vel
1839 2704 1878 2741 (n.
1895 2704 1943 2741 aa).

2043 284 2094 312 An.
2105 283 2135 311 C.
2159 283 2228 313 16¹2

2264 3015 2271 3027 .
2252 2978 2271 2990 ,2¹
2260 2930 2271 2968 κιαι
2255 2806 2273 2923 amnuo-vr
2251 2459 2275 2798 ³35·?Q21.
2255 1910 2276 2453 *Medi-Q'saexz24m-ss-4Q
2256 1885 2259 1887 '
