2293 3231
81 276 130 304 An.
148 277 177 304 C.
196 277 257 304 162¹

99 2192 144 2214 Sed
153 2197 200 2213 cum
210 2197 260 2212 non-

77 2219 127 2240 nutti
163 2219 238 2240 habitu
247 2225 258 2238 n

77 2250 195 2272 nomenque
211 2250 261 2271 cap—

77 2272 212 2298 puccium-um
224 2272 262 2293 de-

77 2298 168 2324 ferrent;

95 2667 206 2696 Gregorius
214 2673 263 2697 pro·

848 280 1023 301 inmittimus
1050 280 1090 301 XV
1116 280 1161 301 PP-

277 325 398 358 statutis
441 330 471 357 et
507 326 810 365 consuetiulinibus,
847 327 1019 369 privilegiis

278 388 425 422 quoque,
451 378 577 411 indultis
610 384 639 410 ct
678 379 787 412 litteris
816 380 1037 423 apostoli‹·is,¹

279 429 373 462 etiam
393 429 451 462 sub
470 430 720 474 quibuscumque
738 431 896 464 tenorilms
914 436 944 463 et
962 432 1019 463 for-

279 481 347 521 mis,
364 492 400 515 ac
425 493 496 515 cum
515 483 677 526 quibusvis
699 484 792 516 etiam
810 484 1020 526 ‹lt-rogatoria-

278 545 348 567 rum
373 534 600 577 derogatoriis,
636 536 766 579 aliisque
791 536 1019 569 efficacioribus

279 594 306 620 ct
337 587 469 621 insolitis
489 588 647 626 clausulis,
665 599 721 622 nec
742 599 804 621 non
826 589 1018 621 irritantibus

279 646 309 672 et
332 640 400 673 aliis
425 640 567 683 decretis,
593 641 685 674 etiam
710 648 806 681 motu,
833 642 959 674 scientia
990 647 1037 674 et*

1035 723 1036 732 ἶ
1052 708 1108 741 per
1118 703 1299 741 praesentes
1313 697 1540 729 committimus
1552 702 1579 729 et
1598 697 1793 737 mandamus,

278 693 439 736 potestatis
456 693 648 737 plenitudine
666 694 831 737 similibus,
852 695 881 727 in
903 705 1018 737 genere

279 747 325 779 rel
348 746 378 779 in
396 747 511 790 specie,
535 758 570 780 ac
595 748 670 780 alias
694 748 928 791 quomodolibet
949 758 1019 781 con-

279 799 382 840 cessis,
395 799 579 843 approbatis
592 805 622 833 et
636 800 799 841 innovatis,
817 812 895 844 quae
913 801 1017 834 onmia

278 852 427 885 adversus
452 853 626 896 praemissa
650 854 827 887 nullatenus
852 854 1017 896 suffragari

279 905 433 946 volumus,
452 906 618 939 contrariis
635 907 907 950 quibuscumque,
924 911 976 941 aut
992 907 1017 940 si

279 959 428 991 fratribus
453 959 612 992 Tei-tiariis
633 959 811 1003 praedictis,
830 961 876 993 vel
893 960 1018 1004 quibus-

278 1012 323 1044 vis
342 1012 421 1053 aliis,
438 1013 649 1046 communiter
666 1014 713 1046 vel
731 1013 865 1053 dix-isim,
879 1014 917 1046 ab
935 1015 1016 1058 Apo-

280 1067 388 1100 stolica
408 1067 447 1099 sit
466 1067 545 1100 Sede
569 1067 733 1107 indultum,
754 1068 837 1111 quod
863 1068 1016 1108 interdici,

278 1118 438 1162 suspendi,
456 1120 502 1151 vel
520 1119 786 1152 excommunicari
812 1130 873 1153 non
898 1121 1017 1164 possint

276 1181 333 1215 per
357 1171 476 1205 litteras
500 1172 689 1215 apostolicas
711 1183 773 1205 non
791 1172 938 1206 facientes
955 1174 1016 1217 ple-

276 1235 347 1257 nam
377 1229 407 1257 et
431 1235 611 1269 expressam
641 1236 676 1258 ac
701 1226 740 1258 dc
764 1226 861 1259 verbo
886 1227 924 1259 ad
947 1238 1016 1260 ver-

278 1278 354 1311 bum
382 1278 420 1310 de
448 1278 569 1311 indulto
601 1278 781 1312 huiusmodi
814 1280 1015 1312 mentionem.

278 1331 428 1364 Volumus
453 1336 568 1372 autem,
594 1331 678 1375 quod
702 1332 915 1375 praesentium
938 1338 1018 1365 tran-

278 1385 429 1429 sumptis,
454 1386 546 1419 etiam
573 1386 751 1429 impressiS,
777 1396 872 1418 manu
899 1386 1016 1430 publici

276 1439 390 1471 notarii
416 1439 611 1482 subscriptis,
630 1444 659 1472 et
675 1439 778 1482 sigillo
798 1439 930 1472 alicuius
950 1451 1018 1483 pcr-

277 1501 371 1524 sonae
388 1491 419 1524 in
436 1491 587 1534 dignitate
602 1492 812 1525 ecclesiastiea
833 1493 1016 1526 constitutae

277 1545 416 1585 munitis,
445 1545 552 1578 eadem
570 1545 647 1578 fides
667 1545 784 1588 ubique
807 1545 838 1578 in
855 1546 970 1579 iudicio
988 1552 1017 1579 et

276 1603 363 1631 extra
384 1598 582 1639 adhibeatur,
599 1609 679 1642 (inae
696 1600 915 1643 praesentibus
933 1600 1017 1632 adhi-

275 1652 413 1693 beretur,
435 1652 460 1685 si
486 1657 587 1685 essent
612 1652 769 1685 exhibitae
792 1653 837 1685 rel
864 1658 1014 1686 ostensae.

275 1705 386 1738 Datum
399 1705 535 1745 Tusculi,
560 1705 617 1738 sub
642 1706 758 1738 annulo
772 1706 949 1746 piscatoris,
967 1706 1016 1740 die

275 1767 307 1791 iv
331 1758 470 1792 octobris
498 1767 657 1798 MDLxxxi,
689 1758 888 1802 pontificatus
916 1761 1014 1793 nostri

276 1820 357 1844 anno
373 1811 505 1845 decimo.

438 1882 610 1926 Greyorins
634 1883 731 1926 Papa
754 1882 851 1923 XIV,

368 1935 411 1968 acl
433 1940 622 1980 perpetuam
644 1936 694 1969 rei
717 1936 918 1970 memoriam.

274 2007 370 2040 Beati
386 2006 556 2041 Franoisci
571 2008 757 2051 confessoris
769 2007 942 2049 Sodalitas,
957 2013 1014 2041 etr.

320 2059 507 2103 (Omittitur
529 2061 709 2101 residuum,
729 2062 810 2105 qnia
835 2062 955 2105 leyz‘tur
979 2063 1016 2095 in

320 2113 555 2148 Constitutione
568 2123 666 2155 xxvn,
682 2118 754 2148 tom..
769 2125 810 2155 1x,
822 2126 897 2158 paq.
916 2115 1013 2159 442).

320 2184 335 2227 ξ
357 2184 386 2217 9..
411 2184 487 2217 Cum
513 2184 634 2227 itaque,
665 2185 744 2218 sicut
775 2185 906 2218 dilectus
931 2186 1014 2218 tilius

275 2242 463 2281 procurator
487 2237 642 2280 generalis
667 2238 850 2271 eorumdem
881 2239 1013 2271 fratrum

276 2291 560 2335 Cappuccinorum‚
581 2291 675 2325 totius
691 2291 815 2324 Ordinis
833 2292 1013 2326 huiusmodi

275 2344 412 2385 nomine,
426 2344 517 2377 nobis
530 2354 630 2388 nuper
644 2345 756 2388 exponi
774 2345 855 2386 fecit,
872 2347 1013 2379 nonnulli

275 2398 307 2431 in
331 2398 566 2442 Hispaniarum,
591 2398 718 2439 Galliae,
743 2403 772 2431 et
796 2399 929 2432 aliorum
955 2400 1014 2432 for-

275 2456 356 2484 tasse
386 2462 559 2494 regnorum
590 2462 644 2484 seu
674 2452 926 2495 provinciarum,
957 2463 1013 2485 nec

275 2515 340 2538 non
363 2504 394 2538 in
419 2504 575 2549 aliquibus
600 2505 704 2538 ltaliae
728 2505 880 2548 partibus,
898 2515 1014 2539 nomen

276 2561 306 2592 et
328 2558 469 2591 habitum
493 2558 677 2591 corumdem
697 2558 828 2591 fratrum
849 2559 1014 2603 Cappucci-

276 2620 390 2644 norum
407 2611 466 2644 sibi
483 2611 661 2652 vendicent3

1698 268 1761 301 [iifl

1809 279 1856 305 An.
1874 279 1901 304 C⁴
1924 280 1984 306 1621

1053 326 1138 358 mino
1163 337 1340 369 possuimis,
1358 326 1485 359 obviare
1504 326 1652 363 volentes,
1673 327 1787 369 suppli·
1807 341 1859 360 m„
1888 341 1992 360 manaa..-

1052 380 1225 412 cationibus
1250 379 1388 411 eiusdem
1422 378 1637 421 procuratoris
1665 379 1791 411 nominc

1052 433 1142 465 nobis
1167 443 1262 476 super
1280 433 1338 465 lioc
1360 432 1519 465 humililer
1535 432 1689 475 porrectis
1710 432 1793 464 incli-

1051 487 1124 525 nati,
1151 486 1188 518 de
1209 485 1433 519 venerabilium
1460 486 1589 519 fratrum
1612 491 1791 518 nostrorum

1052 540 1080 571 S.
1100 540 1133 571 li.
1156 539 1186 571 E.
1212 539 1418 571 cardinalium
1443 538 1576 581 negotiis
1601 539 1792 581 regularium

1052 592 1303 634 praepositorum
1316 591 1456 627 consilio,
1467 592 1608 623 locorum
1620 590 1794 623 slrdinariis

1053 644 1082 675 in
1093 644 1210 676 eisdem
1229 644 1335 686 regnis
1356 648 1385 677 et
1402 643 1572 687 provinciis
1588 643 1793 675 existentibus

1051 761 1090 783 nc
1101 761 1217 784 nomen
1228 751 1274 782 vel
1289 750 1428 783 habitum
1440 751 1650 793 praefatorum
1662 750 1792 783 fratrum

1051 804 1323 847 Cappuccinorum
1344 803 1382 836 ab
1403 803 1471 835 aliis
1491 803 1653 846 quibusvis
1670 804 1793 846 religio-

1052 857 1102 896 sis,
1115 867 1169 889 seu
1187 856 1412 899 cuiuscumque
1426 855 1560 897 Ordinis,
1576 855 1732 888 societatis
1747 857 1791 888 vel

1052 909 1183 941 instituti
1201 909 1409 951 regularibus,
1426 908 1483 941 sub
1503 908 1614 951 quovis
1632 911 1792 951 praetextu

1051 962 1257 1006 imposterum
1287 962 1344 995 sibi
1373 962 1523 995 vindicari
1549 966 1601 994 aut
1625 960 1791 1004 usurpari'

1050 1016 1241 1058 permittant,
1267 1016 1320 1048 sed
1345 1015 1582 1048 constitutiones
1606 1015 1792 1058 apostolicas

1050 1068 1206 1101 dictorum
1235 1068 1378 1111 Gregorii
1406 1068 1473 1101 XllI
1501 1073 1532 1100 ct
1559 1067 1703 1110 Gregorii
1728 1068 1791 1100 XlV

1050 1122 1329 1164 praedecessorum
1343 1121 1524 1154 huiusmodi
1541 1132 1597 1165 per
1611 1121 1793 1154 ecclesiasti-

1051 1185 1102 1207 cas
1117 1185 1265 1207 censuras
1281 1180 1311 1207 et
1330 1185 1446 1218 poenas
1466 1175 1628 1207 observari
1649 1175 1769 1207 faciant.

1095 1228 1109 1270 ξ
1133 1228 1162 1260 Ji.
1188 1229 1256 1261 Non
1281 1228 1476 1260 obstantibus
1500 1228 1792 1267 constitutionibus,

1051 1284 1080 1314 et
1104 1281 1357 1313 ordinationibus
1390 1281 1591 1324 apostolicis,
1617 1282 1792 1325 ceterisque

1050 1334 1217 1367 contrariis
1231 1333 1492 1379 quibuscumque.

1095 1390 1109 1432 ξ
1134 1389 1163 1422 5.
1178 1389 1329 1422 Volumus
1343 1394 1458 1429 autem,
1477 1389 1560 1432 quod
1578 1390 1790 1432 praesentium

1052 1442 1265 1485 transumptis,
1276 1442 1369 1475 etiam
1385 1442 1662 1486 i1np1·essiS,manu
1675 1443 1791 1486 publici

1050 1495 1163 1528 notarii
1181 1495 1376 1538 subscriptis,
1397 1501 1427 1528 et
1447 1496 1550 1538 sigillo
1574 1496 1705 1529 alicuius
1725 1507 1793 1540 per-

1051 1558 1144 1581 sonae
1158 1548 1189 1581 in
1206 1549 1358 1591 dignitate
1375 1550 1586 1582 ecclesiastica
1607 1550 1792 1584 constitutae

1051 1602 1190 1639 munitis,
1208 1602 1317 1635 eadem
1337 1603 1414 1635 tides
1439 1602 1555 1646 ubique
1577 1603 1607 1635 in
1627 1603 1742 1636 iudicio
1763 1610 1788 1636 et

1051 1660 1140 1687 extra
1156 1655 1352 1696 adhibeatur,
1373 1666 1452 1699 quae
1472 1656 1690 1699 praesentibus
1706 1656 1792 1689 adhi-

1050 1708 1188 1750 beretur,
1206 1709 1231 1741 si
1249 1714 1352 1742 essent
1372 1709 1527 1742 exhibitae
1549 1710 1596 1742 vel
1616 1714 1767 1744 ostensae.

1095 1761 1205 1794 Datum
1229 1762 1357 1803 Romae,
1379 1762 1462 1806 apud
1484 1768 1626 1795 sanctum
1653 1763 1790 1803 Petrum,

1051 1814 1108 1846 sub
1139 1815 1254 1847 annulo
1288 1815 1472 1855 piscatoris,
1494 1814 1543 1847 die
1563 1825 1594 1849 ix
1616 1815 1791 1848 decembris

1051 1877 1180 1909 mcxxi,
1198 1868 1397 1912 pontificatus
1414 1869 1513 1902 nostri
1531 1879 1612 1902 anno
1629 1879 1648 1902 1.

1086 1930 1143 1957 Dat.
1161 1931 1205 1958 die
1219 1931 1236 1958 9
1252 1930 1405 1959 decembris
1422 1932 1499 1965 1621,
1516 1931 1613 1967 pontif.
1631 1940 1700 1959 anno
1721 1939 1737 1958 1.

1364 2064 1495 2117 XLVII..

1048 2135 1244 2179 Ampliatio,
1268 2139 1296 2168 et
1320 2136 1463 2168 extensio
1487 2136 1657 2179 facultatis
1674 2139 1789 2180 fratril

1093 2189 1150 2221 bus
1163 2189 1346 2221 Minoribus
1358 2188 1493 2222 Ordinis
1505 2191 1611 2222 satzcli
1622 2191 1653 2223 F
1654 2192 1790 2223 rancisci

1091 2242 1129 2275 cle
1151 2242 1362 2276 observantia
1383 2243 1603 2283 Discalceatis,
1623 2245 1655 2276 ia
1682 2245 1789 2286 requis-

1091 2295 1332 2338 Hispaniarnm
1371 2296 1644 2329 conmzorcmtitms
1665 2324 1670 2333 ,
1708 2307 1788 2329 nova

1092 2348 1161 2380 loca
1180 2348 1337 2391 ενίρθηιίί,
1358 2349 1482 2381 servatii
1503 2349 1608 2391 sormsi
1625 2360 1787 2383 sacrorum

1091 2410 1268 2441 canonum,
1296 2405 1324 2433 et
1348 2401 1480 2434 concilii
1508 2401 1715 2441 Tridentini,
1744 2413 1788 2435 cc-

1093 2454 1168 2486 teris
1185 2464 1250 2486 non
1272 2453 1481 2494 obstantibus,
1498 2454 1540 2486 ad
1559 2455 1679 2497 fratres
1704 2456 1788 2489 eins-

1092 2507 1163 2540 dem
1190 2506 1323 2541 Ordinis
1348 2508 1430 2540 citra
1454 2512 1575 2541 montes
1591 2509 1766 2552 deqentes?

1085 2588 1094 2613 1
1114 2586 1162 2614 Ed.
1177 2586 1256 2614 Main.
1267 2587 1332 2621 legit
1342 2587 1490 2615 vindicare
1543 2589 1730 2623 usurparem.
1740 2591 1787 2625 τ.).

1082 2631 1097 2657 2
1114 2630 1271 2658 Huiusmodi
1287 2631 1421 2658 facultatis
1436 2632 1640 2659 concessionem
1661 2632 1745 2661 habes
1760 2635 1786 2660 in

1808 371 1874 387 tiones
1890 371 1991 393 [war-*ipit

1810 402 1819 411 ι,

1823 395 1866 414 ΜΝ
1875 400 1925 415 iati-

1809 1240 1918 1260 Contraria
1930 1241 1990 1261 tollit.

1848 1400 1953 1426 Exempli<
1970 1402 1991 1420 Γι-

1809 1427 1854 1447 deii]
1871 1428 1913 1447 xult
1930 1428 1992 1448 adlit—

1808 1454 1861 1475 beri.

322 2664 337 2708 ἓ
355 2663 385 2697 3.
401 2665 464 2699 Nos
481 2665 671 2708 praemissis,
693 2670 843 2709 quantum
862 2676 933 2698 cum
954 2666 1014 2699 Do·
1048 2675 1125 2703 Pauli
1144 2676 1166 2702 V
1185 2675 1275 2704 const.
1297 2682 1312 2703 L
1331 2676 1377 2704 Ad
1392 2676 1491 2706 uberes
1507 2676 1544 2713 (in
1558 2675 1586 2704 h.
1601 2685 1629 2705 n.
1647 2677 1710 2706 edit.
1726 2684 1786 2714 Lm,
1809 2672 1812 2675 ’

389 2726 468 2755 Bult.
483 2727 567 2756 Rom.
579 2742 613 2748 —
631 2727 692 2756 Vol.
709 2727 775 2756 XII.
938 2728 972 2755 82
