2293 3231
59 295 108 324 An.
124 295 153 323 C.
175 294 239 323 16²1

852 294 1027 320 GREGORIUS
1054 294 1095 319 XV
1120 295 1167 319 PP-

302 446 368 490 Ego
379 447 408 482 S.
425 447 589 492 presbyter
601 447 766 482 cardinalis
783 449 812 482 S.
827 449 995 489 Susannae,

344 500 372 534 S.
391 501 425 534 R.
443 501 474 534 E.
492 500 757 534 bibliothecarius,

256 557 279 806 —i-t-—i-—i-—i-
255 345 278 488 —i-—i-—t-

304 765 370 809 Ego
394 765 495 799 Guido
519 766 600 799 tituli
625 766 654 799 S.
673 766 787 799 Mariae
811 766 849 799 de
875 766 996 810 Populo

344 819 507 864 presbyter
524 819 691 853 cardinalis
709 819 895 853 Bentivolus.

257 874 281 915 †
304 873 371 915 Ego
384 872 415 906 P.
432 872 514 905 tituli
532 872 560 905 S.
579 872 747 906 Salvatoris
765 873 795 905 in
814 873 914 905 Lauro
929 883 997 917 pre-

346 926 450 970 sbfiter
470 925 636 959 cardinalis
655 926 804 959 Valerius.

258 1036 280 1073 †
306 1033 371 1076 Ego
400 1033 523 1066 loannis
549 1033 632 1066 Frid.
662 1033 741 1067 tituli
774 1033 802 1066 S.
829 1033 997 1067 Clementis

346 1085 509 1130 presbyter
527 1086 693 1120 cardinalis
710 1087 747 1119 de
764 1087 926 1119 Cremona.

257 1143 281 1339 —i-t-—i--i-

305 1299 371 1341 Ego
396 1299 549 1332 Antonius
566 1300 647 1332 tituli
667 1300 696 1333 S.
720 1299 886 1332 i‘udentiae
911 1310 994 1342 pres-

346 1352 437 1396 byter
454 1352 621 1385 cardinalis
638 1353 809 1386 Caietanus.

307 1514 372 1558 Ego
392 1515 566 1548 Alexander
583 1516 611 1548 S.
625 1515 738 1548 Mariae
757 1515 787 1547 in
804 1514 921 1546 Vialata
937 1514 999 1546 dia—

349 1577 446 1600 conus
462 1568 629 1600 cardinalis
650 1567 794 1601 Estensis.

260 1624 287 1962 t-—t--t-—t--r-nss-—b
259 1408 282 1555 —i-—e-i-

271 1963 278 1983 l

262 1993 298 2038 †'
310 1995 377 2038 Ego
401 1996 433 2028 F.
459 1996 487 2029 S.
505 1996 616 2039 Angeli
634 1996 664 2029 in
683 1996 765 2030 Foro
783 1997 918 2030 Piscium
936 2007 1001 2029 car-

351 2049 461 2082 dinalis
477 2050 750 2094 Boncompagnus.

263 2105 286 2144 †
310 2102 376 2146 Ego
399 2102 610 2148 Hieronymus
634 2103 662 2137 S.
684 2104 797 2137 Mariae
818 2106 920 2138 Novae
937 2105 1002 2137 dia-

352 2165 449 2188 conus
466 2155 633 2189 cardinalis
651 2156 912 2189 Aldobrandinns.

587 2299 683 2332 XLIV.

266 2369 420 2403 Facultas
427 2370 570 2413 episcopo
577 2370 765 2403 Ebroicensi
773 2371 919 2414 eriyendi
928 2371 1005 2406 Con-

309 2423 530 2466 9re9cttionem
565 2423 798 2466 lzospz'talare'm
832 2424 1004 2467 utriusque

309 2486 402 2509 semus
425 2477 463 2509 in
482 2476 598 2520 oppido
616 2476 842 2509 Locovare'ensi
862 2476 1005 2509 eiusdem

310 2529 511 2563 Ebroicensis
520 2529 670 2562 dioecesis
683 2540 718 2562 su
725 2530 741 2563 b
750 2540 826 2573 reyu
833 2530 862 2563 Isi
872 2529 1005 2563 Ordinis

311 2583 477 2616 Minorum
501 2583 607 2616 sancti
630 2583 811 2623 Francisci,
834 2583 1005 2617 nonnullis

311 2635 434 2669 additis
453 2637 707 2670 concessionibus
733 2640 761 2669 et
782 2636 966 2680 privileyiis
983 2636 1001 2668 ¹.

305 2698 315 2724 1
339 2696 377 2724 Ex
392 2697 500 2733 Regem.
525 2699 552 2726 in
567 2698 668 2726 Secret.
686 2697 764 2726 Brev.
784 2712 789 2717 ι

1673 284 1737 318 635

1084 342 1252 370 Venerabili
1271 342 1358 370 tratri
1378 341 1517 376 episcopo
1536 341 1704 370 Ebroicensi

1225 387 1381 422 Gregorius
1409 387 1487 421 Papa
1513 387 1568 414 XV.

1239 441 1424 468 Venerabilis
1444 441 1549 473 frater,

1064 485 1193 512 salutem
1210 488 1240 512 et
1261 486 1454 518 apostolicam
1480 485 1730 513 benedictionem.

1074 556 1214 599 Superna
1239 556 1454 600 dispositione,
1472 567 1489 589 a
1511 557 1599 589 cuius
1620 556 1769 589 inscruta-

1029 607 1084 641 bili
1111 609 1308 652 providentia
1340 610 1568 642 ordinationem
1595 610 1770 653 suscipiunt

1030 661 1186 703 universa,
1212 667 1409 697 sacrosantae
1433 663 1593 697 militantis
1614 663 1770 696 Ecclesiae

1030 715 1187 757 regimini,
1204 716 1291 749 nullo
1308 717 1380 749 licet
1404 717 1516 749 merito
1541 721 1659 757 nostro,
1677 727 1770 760 prae-

1031 767 1175 810 sidentes,
1202 769 1255 813 pia
1279 769 1530 802 christifidelium
1556 769 1769 813 quorumlibet

1030 827 1110 862 vota,
1123 823 1310 866 praesertim
1330 823 1368 855 ad
1385 823 1480 855 divini
1493 823 1630 856 numinis
1647 823 1770 856 laudem

1031 880 1060 908 et
1084 876 1228 918 gloriam,
1254 877 1425 910 catholicae
1442 877 1605 919 religionis
1621 887 1773 920 propaga-

1032 928 1169 970 tionem,
1195 936 1224 962 et
1253 940 1427 974 pauperum
1461 931 1718 974 peregrinorum,
1744 936 1773 963 et

1031 992 1236 1025 personarum
1258 983 1413 1026 pestiferis
1433 988 1461 1015 et
1480 983 1547 1016 aliis
1565 984 1712 1026 gravibus
1728 983 1773 1016 in—

1031 1035 1453 1069 firmitatibuslaborantium
1466 1047 1574 1069 curam
1589 1040 1617 1070 et
1635 1037 1773 1069 consola-

1032 1087 1148 1120 tionem
1168 1088 1336 1128 tendentia,
1355 1089 1393 1121 ad
1410 1089 1618 1122 exauditionis
1638 1089 1771 1131 gratiam

1031 1141 1164 1173 libenter
1181 1142 1385 1181 admittimus,
1402 1142 1609 1185 {tc—favoribus
1622 1147 1649 1175 et
1664 1142 1774 1185 gratiis

1032 1194 1256 1237 prosequimur
1281 1195 1486 1238 opportunis,
1511 1206 1546 1228 ac
1570 1195 1645 1228 alias
1671 1196 1701 1228 in
1725 1196 1774 1227 liis

1032 1247 1196 1290 pastoralis
1209 1247 1303 1280 officii
1317 1248 1415 1281 nostri
1435 1253 1540 1291 partes
1560 1248 1775 1281 favorabiliter

1033 1301 1272 1345 interponimus,
1298 1308 1391 1345 prout
1417 1312 1641 1345 personarum,
1667 1313 1774 1335 rerum

1013 1359 1059 1401 ,et
1086 1360 1265 1398 temporum
1283 1355 1485 1398 qualitatibus
1510 1355 1613 1388 debite
1638 1356 1775 1399 pensatis

1033 1409 1243 1452 conspicimus
1254 1409 1283 1441 in
1293 1409 1427 1442 Domino
1438 1409 1606 1443 salubriter
1615 1409 1774 1453 expedire.

1077 1462 1091 1505 ξ
1111 1462 1140 1494 ’1.
1166 1462 1285 1506 Exponi
1303 1463 1457 1505 siquidem
1474 1463 1564 1496 nobis
1581 1474 1684 1507 nuper
1699 1464 1776 1496 sece-

1032 1518 1104 1547 runt
1129 1515 1233 1548 dilecti
1259 1515 1314 1547 filii
1339 1516 1449 1549 Petrus
1474 1516 1570 1548 David
1590 1521 1619 1548 et
1635 1516 1775 1549 Andreas

1033 1568 1072 1600 du
1093 1568 1236 1612 Saussay,
1257 1579 1292 1602 ac
1316 1569 1453 1602 Renatus
1470 1569 1721 1613 Boroutesauge,
1747 1575 1776 1605 et

1034 1621 1195 1665 Philippus
1219 1622 1357 1661 Bilainc,
1389 1623 1560 1656 Maturinus
1592 1624 1620 1656 le
1652 1623 1775 1664 riszam,

1034 1674 1164 1707 Ioannes
1180 1676 1209 1707 le
1225 1675 1356 1708 Feullon
1382 1681 1411 1708 et
1434 1676 1572 1709 Marinus
1589 1677 1617 1709 le
1634 1677 1774 1715 Leurier,

1034 1728 1234 1762 Ebroicensis
1255 1739 1311 1761 seu
1333 1729 1462 1762 alterius
1476 1729 1640 1771 dioecesis,
1652 1740 1775 1763 necnon

1034 1781 1165 1814 dilectae
1189 1783 1221 1814 in
1245 1782 1367 1816 Christo
1388 1782 1471 1815 filiae
1486 1783 1652 1816 Catharina
1668 1783 1697 1817 le
1715 1783 1775 1826 Bis,

1035 1845 1069 1868 ac
1094 1835 1260 1869 Francisca
1285 1836 1323 1869 de
1347 1836 1376 1868 la
1399 1837 1501 1870 Croux
1533 1842 1563 1870 et
1591 1837 1717 1871 Claudia
1748 1838 1777 1870 le

1035 1888 1135 1922 Caron
1150 1916 1157 1929 ,
1182 1889 1297 1922 Ioanna
1321 1890 1349 1922 le
1374 1889 1444 1930 Bis,
1469 1890 1565 1923 Maria
1595 1890 1624 1922 le
1655 1890 1776 1931 Caron,

1036 1942 1150 1975 Ioanna
1171 1943 1208 1975 de
1234 1943 1363 1987 Santay,
1388 1943 1543 1977 Caroletta
1561 1945 1589 1977 le
1608 1944 1724 1987 Pigeon
1749 1950 1777 1977 et

1035 1997 1130 2029 Maria
1154 1997 1297 2037 Bourier,
1311 1996 1461 2031 mulieres
1487 1998 1612 2031 illarum
1629 1999 1778 2042 partium,

1036 2050 1119 2093 quod
1143 2050 1202 2093 ipsi
1227 2051 1401 2095 (cupientes
1415 2053 1434 2092 ¹,
1459 2057 1489 2085 et
1517 2052 1593 2085 alias
1620 2062 1684 2085 non
1712 2053 1778 2085 sine

1036 2104 1131 2136 animi
1155 2103 1265 2137 dolore
1288 2105 1535 2148 perpendentes,
1559 2106 1674 2139 multos
1699 2106 1781 2138 chri-

1037 2156 1195 2196 stifideles,
1213 2157 1266 2200 qui
1285 2167 1319 2190 ex
1340 2157 1515 2198 devotione,
1529 2163 1581 2190 aut
1597 2158 1675 2191 votis
1690 2158 1781 2191 emis-

1037 2209 1079 2242 sis
1099 2209 1137 2241 ad
1162 2209 1192 2241 id
1213 2209 1363 2250 adstricti,
1384 2211 1599 2251 ecclesiarum,
1617 2211 1648 2243 in
1665 2211 1780 2254 quibus

1037 2262 1222 2296 Sanctorum
1244 2268 1273 2296 et
1293 2263 1478 2297 Sanctarum
1503 2263 1780 2296 intercessionibus

1037 2315 1143 2348 divina
1163 2316 1308 2349 maiestas
1332 2316 1484 2349 miracula
1508 2317 1632 2360 operari
1659 2322 1687 2349 et
1713 2326 1780 2359 gra-

1037 2368 1094 2401 tias
1120 2379 1191 2401 suas
1224 2369 1275 2412 pie
1304 2369 1522 2402 invocantibus
1552 2369 1706 2413 impartiri
1732 2369 1779 2401 di-

1037 2426 1166 2463 gnatur,
1190 2421 1415 2455 visitandarum
1434 2423 1536 2465 gratia
1553 2423 1645 2455 etiam
1671 2432 1688 2454 a
1712 2423 1780 2455 lon-

1038 2474 1780 2519 ginquispartibusperegrinantur,facultatibus

1038 2528 1212 2569 destitutos,
1225 2534 1355 2572 propter
1368 2529 1507 2562 modicas
1524 2530 1611 2563 hisce
1625 2530 1781 2563 calamito-

1039 2581 1080 2613 sis
1104 2586 1134 2613 et
1158 2581 1189 2613 in
1209 2581 1383 2614 exercenda
1401 2582 1551 2615 charitate
1569 2582 1681 2626 tepidis
1703 2587 1779 2617 tem-

1783 293 1872 320 Aac.
1896 294 1958 321 1621

1810 567 1929 588 Exordium.

1859 1473 1974 1494 Nonnulla»)

1791 1500 1838 1525 piae
1864 1502 1974 1528 utriusque

1790 1533 1852 1547 sexus
1871 1533 1974 1553 personae

1791 1554 1891 1575 Ordinem
1905 1555 1975 1580 limpi-

1791 1581 1863 1601 talium
1874 1587 1911 1606 pro
1921 1582 1976 1601 chri-

1790 1607 1871 1627 stianae
1883 1608 1975 1628 charita-

1791 1634 1816 1653 tis
1825 1634 1947 1655 exercendis
1956 1640 1977 1653 o·

1790 1660 1876 1686 peribu<
1894 1661 1975 1686 erigere

1790 1689 1918 1712 satagerunt.

1039 2634 1170 2679 poribus
1203 2635 1418 2679 eleemosynas
1449 2636 1572 2680 erogari
1604 2637 1710 2670 solitas
1745 2647 1780 2669 ac
1809 2666 1813 2669 .

1077 2700 1089 2725 1
1100 2698 1155 2726 Nisi
1164 2698 1218 2734 legi
1228 2698 1325 2727 debeat
1334 2700 1481 2728 audientes
1488 2700 1529 2728 vel
1538 2700 1682 2736 capientes
1690 2701 1779 2736 (aaz).
