2293 3231
95 300 147 328 An.
163 300 191 326 C.
216 299 281 326 1622

138 994 278 1015 tui-amentum

94 1021 243 1047 praestandum
251 1021 277 1041 ab

94 1048 189 1069 alumnis.

119 2278 200 2300 Causae
214 2279 277 2300 huius

93 2304 259 2326 Constitutienis.

893 300 1069 324 Gnssoomus
1093 301 1136 323 XV
1160 300 1208 323 Pt‘.

291 347 415 380 dalibus
445 347 585 380 conciliis
615 347 726 386 editis,
751 348 952 390 generalibus
982 349 1028 380 vel

292 400 480 444 specialibus
504 401 777 434 constitutionibus
805 407 834 433 et
865 401 1047 434 ordinatio-

292 453 393 491 nibus,
420 453 592 496 privilegiis
617 464 753 497 quoque,
778 453 904 487 indultis
928 458 957 488 el
987 454 1030 486 lit·
1045 449 1047 471 ¹

292 506 367 538 teris
392 506 594 549 apostolicis
589 516 618 538 in
636 513 762 539 conitar
766 506 827 538 ium
847 517 893 549 pr
887 507 1031 539 {emisso-

293 569 362 591 rum
388 560 622 602 quomodolibet
642 570 753 592 conce
757 560 808 597 sis
826 560 1029 599 consumatis

293 617 323 645 et
348 612 509 645 innovatis.
528 612 645 651 Quibus
666 613 811 646 omnibus
836 617 865 646 et
889 613 1030 655 singulis,

293 675 403 698 eorum
435 666 575 698 omnium
613 672 640 698 et
678 665 873 709 singulorum
909 670 1031 699 tenores

293 718 510 761 praesentibus
535 729 592 761 pro
617 719 706 762 plene
726 725 755 751 et.
779 719 968 751 sufficienter
984 729 1032 751 ex-

293 771 410 814 pressis
424 777 453 804 et
466 771 503 803 ad
518 772 647 804 verbum
662 771 786 804 insertis
801 772 957 811 babentes,
972 771 1031 804 illis

292 824 368 856 alias
388 824 418 856 in
443 834 498 857 suo
516 825 632 857 robore
649 825 874 868 permansuris,
892 825 948 857 bac
965 825 1031 857 vice

292 877 453 910 dumtaxat
478 878 654 921 specialiter
678 884 708 910 et
731 889 877 922 expresse
902 877 1030 920 deroga-

294 941 374 970 mus,
392 931 566 974 ceterisque
583 931 749 964 contrariis
769 931 1028 974 quibuscumque.

338 984 352 1027 ᾖ
378 983 405 1016 7.
432 984 580 1016 Volumus
604 990 726 1023 autem,
751 989 784 1016 ut
817 984 956 1016 eiusdem
982 995 1029 1017 se-

293 1037 417 1069 minarii
442 1037 559 1069 alumni
592 1048 650 1081 pro
682 1042 823 1080 tempore
846 1037 1028 1077 existentes,

292 1089 502 1123 iuramentum
528 1090 565 1122 de
585 1090 746 1123 redeundo
764 1091 794 1122 in
811 1090 954 1132 Angliam
973 1101 1029 1122 suo

292 1148 443 1186 tempore,
461 1149 492 1175 et
511 1143 586 1175 alias
610 1153 666 1186 per
691 1143 825 1175 aliorum
850 1143 1030 1176 seminario-

290 1206 360 1228 rum
375 1196 553 1229 huiusmodi
567 1197 710 1229 alumnos
727 1196 881 1239 praestari
892 1195 1028 1236 solitum,

289 1253 450 1292 praestare
467 1249 595 1282 omnino
612 1254 786 1282 teneantur.

334 1301 445 1334 Datum
471 1302 597 1342 Romae,
622 1302 703 1345 apud
731 1301 760 1334 S.
785 1301 913 1334 Mariam
937 1302 1030 1334 Maio-

291 1364 369 1395 rem,
390 1354 448 1387 sub
472 1355 586 1388 annulo
611 1355 787 1395 Piscatoris,
801 1355 850 1387 die
872 1364 940 1388 xxti
964 1365 1030 1399 sep-

290 1407 421 1440 tembris
435 1417 575 1448 mncxxn,
585 1408 785 1451 pontificatus
798 1408 896 1442 nostri
905 1418 986 1441 anno
997 1418 1027 1441 11.

326 1469 384 1496 Dat..
401 1469 444 1497 die
459 1470 492 1496 ‘22
508 1470 668 1505 septembris
685 1471 762 1505 1622,
780 1475 853 1506 pont.
871 1479 941 1498 anno
957 1477 983 1498 11.

606 1597 718 1630 LXXX.

290 1667 455 1701 Eoetinctio
484 1677 580 1699 curae
608 1668 799 1700 animarum
826 1666 1028 1710 parochialis

333 1720 482 1754 ecclesiae
492 1720 523 1754 S.
539 1720 671 1753 Nicolaz'
683 1721 719 1752 in-
732 1720 757 1754 A
765 1730 855 1761 eone,
873 1719 1029 1753 eiusdem-

332 1784 394 1817 que
417 1773 594 1817 applicatio
618 1773 860 1816 parochialibus
889 1773 1028 1805 ecclesiis

334 1827 585 1867 circumvicinis,
605 1838 642 1859 ac
666 1827 770 1870 ipsius
788 1826 935 1859 ecclesiae
954 1837 1028 1859 cum

332 1881 468 1913 cameris
491 1880 703 1913 rectoralibus
728 1883 757 1912 et
780 1880 931 1912 universa
957 1890 1028 1923 sup-

329 1933 488 1976 pellectili
511 1934 667 1966 concessio
687 1933 950 1975 confraternilali
969 1933 1027 1964 sub

332 1986 533 2019 invocatione
553 1986 600 2019 Ss.
624 1985 755 2019 Nicolai
775 1989 804 2019 et
830 1985 1028 2020 Catharinae

333 2039 477 2071 nacionis
493 2039 797 2082 Locharinyiorum.

487 2109 644 2143 Gregorius
664 2109 828 2143 Episcopus

473 2161 580 2181 servus
601 2162 755 2181 servorum
775 2155 836 2185 Dei,

409 2198 446 2224 ad
466 2202 643 2232 perpetuam
661 2199 708 2226 rei
728 2199 907 2226 memoriam.

335 2258 414 2291 Dum
439 2258 477 2291 ad
502 2269 621 2292 sacram
646 2259 728 2291 beati
748 2259 830 2292 Petri
848 2258 970 2300 Sedem,
988 2258 1031 2291 in-

292 2311 452 2345 scrutabili
484 2312 610 2356 superni
645 2312 744 2346 Patris
779 2312 966 2356 prudentia,
998 2312 1029 2344 in

291 2365 516 2408 plenitudinem
540 2365 711 2409 potestatis,
736 2365 855 2398 meritis
878 2365 950 2397 licet
973 2364 1030 2397 im-

289 2418 429 2461 paribus,
453 2418 614 2461 assumpti,
638 2418 751 2450 mentis
774 2423 899 2450 nostrae
919 2417 1029 2460 dirigi-

290 2481 360 2504 mus
377 2471 476 2504 aciem
493 2481 568 2514 erga
585 2476 674 2514 grata
689 2475 720 2503 et
739 2475 868 2514 accepta
888 2470 1029 2503 sincerae

289 2523 362 2557 fidei
393 2529 424 2557 et
450 2534 624 2569 propensae
655 2524 830 2557 devotionis
855 2524 1027 2567 obsequia,

290 2588 379 2620 quae,
403 2579 485 2612 inter
508 2583 628 2612 ceteras
651 2578 788 2611 universi
813 2577 898 2610 orbis
922 2578 960 2610 ad
989 2579 1028 2610 al-

290 2641 374 2664 mam
398 2632 514 2666 Urbem
542 2638 682 2665 nostram
713 2632 906 2665 confluentes
937 2636 966 2664 et
996 2631 1027 2664 in

291 2689 460 2729 conspectu
473 2690 583 2719 nostro
596 2685 744 2728 degentes
757 2685 908 2725 nationes,
921 2684 1026 2718 dilecti

1707 287 1764 320 741

1062 348 1115 380 sitii
1141 347 1343 387 Lotharingii,
1370 346 1481 380 veleris
1506 345 1682 378 Austrasiac
1710 345 1798 384 ruam

1045 410 1172 443 genus,
1191 400 1219 432 in
1238 401 1375 433 Romanii
1394 399 1479 431 curi-‘i
1495 409 1552 441 pro
1572 399 1653 430 illius
1671 404 1701 430 et
1716 398 1804 429 Sedis

1045 454 1258 513 iApostolicae
1284 453 1396 486 decore
1423 452 1481 484 iam
1501 452 1539 484 ab
1560 451 1802 484 immemorabili

1045 494 1090 538 fi·
1097 516 1128 538 re
1153 511 1294 549 tempore
1320 505 1431 537 eximia
1454 505 1544 536 etiam
1572 504 1748 546 integritate
1773 509 1803 536 et

1066 558 1216 590 indefessa
1246 558 1409 589 sedulitate
1441 561 1597 600 praestare
1628 566 1800 589 consueve-

1067 617 1148 651 runt,
1173 611 1314 652 dignum,
1331 611 1405 655 quin
1433 611 1535 654 potius
1560 610 1698 643 debitum
1725 609 1805 642 arbi-

1066 670 1195 703 tramur,
1210 670 1365 697 uteorum
1386 674 1505 707 pri-ces,
1522 664 1589 695 illae
1608 663 1803 706 praesertim,

1065 727 1143 760 quae
1168 717 1296 760 prodire
1317 717 1544 759 dignosmntut·
1568 727 1604 748 ex
1630 716 1738 749 intuito
1755 715 1805 748 de-

1066 770 1199 802 votionis
1215 770 1337 809 affictu,
1355 780 1447 812 quem
1466 780 1540 809 crea
1559 769 1731 811 gloriosum
1751 768 1802 801 Dei

1064 824 1274 856 consessorem
1290 823 1414 855 beatum
1433 823 1594 855 Nicolaum
1609 822 1802 866 episcopum,

1065 877 1294 919 Lotharingiae,
1311 882 1345 909 ut
1369 876 1556 919 accepimus,
1575 880 1604 909 et
1623 875 1727 908 Barris
1751 876 1804 908 du-

1064 930 1170 961 catus¹
1196 933 1407 973 protectorem
1433 934 1462 961 et
1488 929 1661 968 tutelarem,
1679 932 1801 971 gerunt,

1063 982 1145 1025 apud
1170 993 1226 1016 nos
1252 988 1281 1015 et
1305 983 1418 1015 dictam
1437 982 1547 1014 Scdem
1568 982 1605 1014 ad
1631 981 1802 1014 exauditio-

1064 1036 1110 1067 nis
1135 1037 1267 1078 gratiam
1293 1036 1426 1078 benigne
1451 1035 1663 1075 admittantur,
1682 1035 1802 1078 ipsique

1064 1089 1166 1121 locum
1180 1093 1389 1132 opportunum
1405 1092 1435 1122 et
1447 1089 1606 1131 cognitum
1620 1099 1678 1131 pro
1692 1098 1800 1121 eorum

1064 1142 1327 1174 confraternitatis
1351 1147 1381 1175 et
1405 1142 1613 1185 spiritualium
1639 1141 1801 1174 exercitio-

1064 1205 1133 1226 rum
1165 1195 1441 1228 commoditatibus
1473 1195 1504 1226 in
1529 1194 1612 1228 dieta
1637 1195 1739 1234 Urbe,
1763 1195 1801 1227 ad

1064 1247 1162 1279 instar
1179 1247 1310 1279 aliarum
1327 1247 1486 1280 nationum
1502 1247 1531 1279 in
1549 1249 1585 1279 ea
1600 1247 1801 1287 versantium,

1063 1310 1098 1331 ex
1124 1304 1249 1333 nostrae
1266 1305 1296 1332 et
1320 1300 1459 1333 eiusdem
1479 1300 1566 1334 Sedis
1587 1301 1799 1333 munificentia

1063 1357 1093 1384 et
1117 1351 1312 1392 liberalitate,
1333 1353 1489 1385 dictorum
1511 1353 1736 1396 obsetpiiorum
1758 1353 1802 1385 in-

1063 1405 1142 1438 tuitu
1154 1411 1183 1438 et
1196 1406 1329 1439 aliorum
1345 1406 1540 1446 meritorum,
1552 1407 1665 1449 quibus
1679 1406 1801 1439 abunde

1063 1469 1116 1491 eos
1132 1464 1260 1492 ornatos
1277 1469 1344 1491 esse
1361 1459 1450 1492 nobis
1468 1465 1598 1500 constat,
1611 1460 1802 1503 contempla-

1062 1513 1145 1545 tione
1165 1519 1407 1556 consequantur.

1106 1566 1174 1609 §t
1204 1566 1280 1599 Cum
1312 1567 1415 1609 itaque
1449 1566 1639 1610 parochialis
1671 1567 1802 1600 ecclesia

1062 1618 1090 1651 S.
1116 1619 1235 1652 Nicolai
1259 1620 1289 1652 in
1313 1621 1420 1662 Agoue
1445 1620 1615 1663 nuncupati
1646 1621 1683 1653 de
1709 1621 1800 1661 Urbe,

1061 1683 1141 1715 quae
1165 1673 1204 1705 ab
1228 1673 1358 1707 ecclesia
1383 1673 1412 1706 S.
1438 1673 1596 1705 Laurentii
1622 1674 1651 1705 in
1668 1674 1801 1707 Damaso

1061 1725 1100 1757 (le
1123 1725 1205 1759 dicta
1230 1726 1312 1759 Urbe
1332 1731 1493 1769 tamquam
1514 1726 1580 1759 eius
1606 1727 1734 1759 matrice
1751 1727 1801 1759 de-

1061 1779 1193 1822 pendet,
1220 1784 1249 1811 et
1281 1780 1324 1811 illi
1362 1779 1541 1812 immediate
1573 1780 1711 1812 subiecta
1736 1786 1800 1822 est,

1062 1832 1222 1875 cuiusque,
1236 1832 1309 1865 dum
1328 1843 1387 1876 pro
1406 1838 1547 1876 tempore
1563 1839 1659 1873 vacat,
1676 1834 1800 1867 collatio

1061 1891 1092 1918 et
1115 1886 1295 1919 omnimoda
1326 1887 1490 1929 dispositio
1515 1887 1552 1919 ad
1577 1898 1635 1930 pro
1659 1893 1801 1931 tempore

1062 1939 1245 1972 existentem
1263 1939 1401 1972 eiusdem
1417 1939 1445 1972 S.
1460 1940 1617 1973 Laurentii
1635 1940 1800 1973 diaconum

1062 2003 1116 2024 seu
1140 1992 1358 2035 presbyterum
1390 1992 1580 2025 cardinalem
1610 1999 1746 2036 spectat,
1772 1997 1801 2027 et

1063 2055 1154 2088 quam
1170 2044 1327 2088 quondam
1348 2045 1479 2077 Ioannes
1499 2045 1636 2088 Baptista
1661 2045 1800 2078 Bellobo—

1062 2108 1120 2130 nus
1137 2097 1234 2140 ipsius
1251 2098 1399 2130 ecclcsiae
1416 2098 1444 2130 S.
1460 2098 1576 2131 Nicolai
1595 2104 1708 2138 rector,
1726 2099 1799 2131 dum

1065 2150 1189 2190 viveret,
1207 2151 1376 2190 obtinebat,
1394 2161 1450 2194 per
1464 2151 1583 2184 obitum
1601 2152 1699 2195 ipsius
1716 2152 1802 2186 loan-

1062 2203 1110 2235 nis
1135 2203 1310 2247 Baptistae,
1336 2205 1389 2247 qui
1414 2204 1520 2244 hodie,
1546 2216 1600 2237 seu
1628 2215 1744 2248 nuper,
1770 2205 1800 2237 in

1063 2257 1144 2290 dicta
1169 2257 1256 2289 curia
1280 2257 1362 2289 diem
1387 2258 1496 2290 clausit
1514 2263 1699 2298 extremum,
1717 2269 1801 2291 vaca-

1064 2310 1142 2343 verit
1158 2315 1188 2343 et
1205 2315 1292 2343 vacet
1309 2311 1346 2343 ad
1365 2321 1529 2354 praesens,

1107 2364 1165 2407 ξ
1108 2363 1174 2396 ⁶2.
1196 2364 1242 2403 Et,
1260 2364 1340 2397 sicut
1359 2364 1495 2396 exhibita
1512 2365 1602 2397 nobis
1621 2376 1724 2408 nuper
1740 2376 1799 2409 pro
1822 2405 1845 2418 c
1835 2372 1946 2419 ηΐΓ(ῧῖὶξιιιιΙ
1942 2375 1999 2419 ιιιιιιζ

1063 2421 1150 2460 parte
1181 2417 1366 2450 dilectorum
1403 2418 1542 2450 filiorum
1574 2418 1822 2451 modernorsum
1826 2426 1870 2470 ιιι)-
1867 2432 1899 2445 w
1908 2427 1999 2446 vatieno

1063 2475 1222 2503 tectomm
1252 2475 1282 2502 et
1310 2470 1505 2503 confratrum
1535 2462 1823 2504 consiateinitatisf
1815 2480 1859 2523 ιιι
1840 2453 1999 2498 festini*

1062 2523 1199 2556 eiusdem
1219 2523 1247 2556 S
1266 2523 1382 2556 Nicolai
1399 2523 1486 2556 Lolli
1480 2534 1619 2566 umgtoi
1622 2535 1673 2557 um
1692 2525 1800 2568 petitio
1814 2505 1998 2557 Ldiiiinssgtka¹²³³

1062 2576 1248 2615 continebat,
1273 2576 1354 2608 dicta
1378 2576 1509 2609 ecclesia
1533 2577 1560 2609 S.
1587 2577 1704 2610 Nicolai
1729 2589 1799 2622 sep-

1062 2629 1201 2672 tuaginta
1223 2629 1334 2662 domos
1357 2640 1413 2662 seu
1442 2630 1590 2670 familias,
1619 2631 1666 2663 vel
1698 2631 1799 2670 circa,
1828 2672 1832 2674 ι

1101 2694 1107 2719 l
1129 2692 1198 2719 Edit.
1212 2692 1295 2720 Maia.
1311 2692 1376 2727 legit
1390 2692 1494 2720 ducatu
1512 2698 1547 2725 tn.
1563 2692 1610 2727 r).

1819 296 1866 321 An.
1883 295 1911 321 C.
1936 295 2002 322 1622

1854 1573 1949 1594 Vacante
1964 1580 2000 1600 pa·

1817 1600 1904 1620 rochiali
1934 1603 2000 1621 ercle-

1816 1627 1847 1647 sin
1859 1627 1924 1647 sancti
1940 1628 2000 1648 Nico-

1817 1655 1843 1673 tai
1860 1660 1879 1674 m
1896 1655 1973 1679 Agaue,
