2293 3231
907 244 1006 273 mnsx
1029 244 1139 273 numm
1680 231 1743 267 839

1010 352 1038 386 H

250 464 408 498 Henricus
432 462 603 497 cardinalis
629 463 668 496 do
693 462 772 502 Rez,
799 461 862 494 508
887 471 916 494 α.
946 459 983 494 Εἰ
1015 460 1185 493 commissa
1210 466 1286 491 cura
1312 458 1576 491 monasteriorum
1602 457 1788 490 monIalium

340 517 590 552 Reformatarum
615 515 747 551 Ordinis
772 516 875 548 sancti
899 513 1063 547 Benedicti
1089 514 1120 546 in
1145 521 1244 555 regno
1271 511 1433 551 Franciae,
1452 509 1529 543 ibid.
1556 510 1686 544 Praesul
1706 509 1790 544 Pari—

341 571 468 610 siensis,
490 570 552 603 535
577 580 612 609 113
638 568 696 603 sub
722 569 791 602 eius
816 568 969 611 auspiciis
987 566 1196 610 Congregatio
1214 566 1244 599 S.
1261 565 1362 600 Mauri
1383 565 1639 598 reformationem
1656 566 1788 608 accepit,

346 623 422 657 ibid.
449 627 479 657 et
503 626 662 667 protector
692 622 836 656 eiusdem
868 620 1131 664 Congregationis
1160 621 1286 654 noviter
1310 623 1435 653 erectae
1461 619 1647 663 deputatur,
1673 618 1736 651 536
1761 617 1787 650 b.

341 677 457 712 Curam
476 676 662 710 monialium
680 676 932 709 Reforniatarum
949 674 979 708 S.
996 673 1161 708 Benedicti
1181 675 1212 707 in
1233 683 1332 716 regno
1350 673 1502 707 Franciae
1523 672 1661 713 dimittit,
1678 671 1742 705 714
1762 670 1787 704 b.

252 731 411 766 Henrieus
435 730 607 764 cardinalis
635 729 844 773 Portugalliae
870 728 973 761 infans
996 727 1206 761 Elborensem
1224 730 1465 762 universitatem
1483 726 1660 761 studiorum
1680 726 1789 769 erigit,

341 784 405 818 610
431 794 459 817 α.
484 783 523 818 Et
546 783 710 817 Societatis
735 783 810 816 Iesu
835 783 1016 826 praeposito
1042 780 1211 824 submittit,
1233 782 1297 815 610
1324 782 1351 814 b.

251 839 411 873 Henricus
435 836 635 872 Bourbonius
660 836 800 871 Condaei
825 838 974 880 princeps
998 834 1168 879 collegium
1195 836 1364 870 Societatis
1394 835 1468 869 lesu
1493 834 1695 869 Castoriense
1720 834 1790 868 fun-

341 892 411 925 dari
435 895 536 933 curat,
561 891 625 925 770
651 901 679 924 a.

253 945 468 980 Hibernorum
492 944 662 988 collegium
683 943 873 987 Ulissypone
899 946 1056 982 erectum,
1083 943 1146 977 204
1170 943 1196 977 b.
1223 944 1249 977 Α
1267 942 1485 977 iurisdictione
1503 941 1666 977 Ordinarii
1683 950 1788 975 exem-

343 1002 431 1042 ptum
455 997 530 1031 Sedi
555 996 758 1041 Apostolicae
783 996 965 1030 immediate
990 995 1168 1038 subiicitur,
1197 996 1272 1030 ibid.

255 1051 405 1087 Horatius
429 1052 469 1085 de
494 1050 596 1086 Oddis
621 1051 747 1085 auditor
771 1050 880 1083 nuncii
905 1049 997 1082 Sedis
1013 1049 1216 1093 Apostolicae
1241 1052 1273 1084 in
1297 1051 1406 1094 regnis
1426 1049 1662 1093 Hispaniarum,
1680 1047 1743 1081 544
1761 1048 1788 1086 b;

343 1107 444 1149 ipsius
469 1106 627 1139 sententia
652 1104 713 1138 lata
738 1105 769 1136 in
796 1104 937 1137 favorem
969 1112 1115 1136 camerae
1147 1105 1338 1148 apostolicae
1370 1107 1479 1138 contra
1510 1102 1650 1136 iudicem
1682 1102 1789 1135 curiae

342 1158 624 1201 archiepiscopalis
648 1157 848 1200 Hispalensis
873 1158 1086 1199 confirmatur,
1109 1158 1171 1191 545
1191 1170 1253 1203 seq.

253 1211 402 1246 Horatius
426 1210 638 1243 Lancellottus
669 1219 781 1243 sacrae
816 1209 915 1243 Rotae
951 1211 1085 1252 auditor,
1112 1211 1174 1244 488
1199 1222 1228 1244 α.
1254 1211 1426 1245 Processus
1451 1220 1548 1254 super
1567 1210 1734 1244 sanctitate
1760 1213 1791 1242 et.

340 1263 503 1298 miraculis
527 1263 614 1298 beati
638 1263 752 1297 Isidori
777 1263 945 1307 Agricolae
971 1266 1157 1298 auctoritate
1182 1264 1340 1298 ordinaria
1374 1265 1552 1298 effortnatos
1578 1274 1617 1297 cx
1643 1262 1790 1296 mandato

341 1317 432 1351 Pauli
455 1317 514 1351 ΡΡ.
539 1318 563 1351 V
584 1319 764 1359 examinat,
789 1327 952 1362 novosque
978 1319 1047 1351 fieri
1073 1322 1197 1360 censet,
1224 1329 1302 1363 quos
1328 1317 1483 1362 approbat
1509 1317 1570 1350 488
1595 1317 1621 1350 b.

253 1370 415 1416 Hospitale
439 1371 637 1405 dementium
661 1371 778 1405 Romae
804 1374 954 1412 erectum,
980 1372 1043 1405 800
1060 1372 1086 1405 b.
1105 1373 1194 1414 Quae
1219 1375 1259 1407 sit
1284 1372 1456 1406 cardinalis
1481 1372 1668 1416 protectoris
1693 1371 1792 1404 iuris-

342 1424 448 1466 dictio,
466 1425 571 1469 quoad
591 1434 705 1459 causas
725 1424 803 1458 illud
825 1428 1006 1469 spectantes
1026 1429 1057 1459 et
1074 1435 1128 1459 eos
1145 1429 1199 1472 qui
1224 1427 1309 1462 illius
1326 1429 1457 1461 servitio
1475 1426 1594 1460 addicti
1611 1428 1694 1466 sunt,
1714 1423 1790 1458 ibid.

254 1478 466 1524 Hospitalium
490 1488 548 1513 seu
572 1478 779 1521 collegiorum
803 1478 1034 1522 Gregorianum
1060 1481 1091 1512 in
1115 1479 1199 1514 L'rbe
1225 1483 1403 1515 Institutum
1428 1491 1486 1524 pro
1518 1481 1702 1523 receptione
1727 1488 1793 1513 mo-

345 1532 520 1566 nachorum
552 1536 777 1566 extraneorum
810 1534 906 1566 totius
938 1531 1069 1567 Ordinis
1100 1533 1130 1567 S.
1155 1534 1319 1569 Benedicti
1351 1535 1390 1568 ad
1419 1533 1536 1568 Urbem
1560 1532 1791 1574 accedentium,

347 1585 410 1619 540
435 1596 453 1618 α
462 1597 473 1625 ,·
498 1585 725 1630 Exemptiones
750 1586 794 1619 illi
820 1596 1001 1631 concessae,
1020 1588 1081 1622 541
1108 1598 1128 1621 a
1145 1593 1177 1623 et
1201 1600 1262 1634 seq.
1288 1590 1535 1624 Constitutiones
1559 1589 1668 1632 ipsius,
1686 1587 1746 1622 541
1765 1587 1791 1620 b.

345 1638 527 1684 Privilegia,
553 1640 627 1683 542,
653 1640 716 1675 543
741 1650 770 1673 α.

1019 1773 1032 1807 1

254 1908 389 1945 lacobus
413 1908 454 1944 de
479 1908 576 1944 Sincb
600 1907 863 1954 archiepiscopus
879 1908 1078 1943 Trevirensis
1096 1906 1271 1943 studiorum
1293 1906 1538 1942 universitatem
1558 1907 1663 1951 erigit,
1684 1906 1747 1940 559
1764 1906 1790 1939 b.

256 1963 390 1998 lacobus
412 1963 572 1998 Mercatus
596 1963 823 1997 monachorum
848 1962 1117 2006 Sylvestrinorum
1141 1964 1293 2005 magister
1317 1962 1491 2005 generalis,
1517 1961 1580 1994 398
1606 1972 1635 1994 a.
1661 1959 1793 1996 Obtinet

343 2027 419 2052 suae
444 2017 691 2061 Congregationi
716 2017 887 2061 privilegia
912 2016 1045 2050 aliorum
1069 2015 1227 2051 OrdInum
1252 2015 1404 2057 concedi,
1432 2014 1508 2047 ibid.

255 2070 387 2106 Iacobus
412 2072 582 2106 cardinalis
606 2072 700 2105 Serra
724 2071 887 2105 Ferrariae
912 2071 1044 2114 legatus,
1070 2070 1134 2103 784
1159 2081 1188 2103 α.

254 2124 417 2160 Indiarum
441 2125 688 2160 occidentalium
712 2126 856 2169 episcopi
881 2124 1023 2168 gandent
1052 2123 1200 2158 facultate
1232 2124 1376 2157 lauream
1400 2122 1581 2156 doctoratus
1606 2124 1653 2155 eis
1678 2129 1791 2155 conce-

343 2179 442 2213 dendi
466 2181 520 2224 qui
545 2181 577 2213 in
601 2179 719 2213 scholis
750 2180 956 2222 collegiorum
988 2177 1153 2211 Societatis
1179 2176 1251 2210 Iesu
1281 2186 1339 2220 per
1363 2177 1619 2222 quinquennium
1649 2175 1791 2208 scientiis

344 2242 476 2276 operam
502 2232 593 2274 dant,
620 2233 684 2266 554
709 2232 735 2265 b.

257 2285 472 2331 Inquisitionis
498 2285 610 2320 Officio
635 2287 837 2330 assignantur
860 2284 991 2329 quidam
1015 2283 1158 2318 redditus
1183 2293 1223 2317 ex
1248 2283 1393 2328 collegiis
1417 2283 1598 2318 Maurorum
1623 2283 1654 2316 in
1679 2281 1790 2326 Regno

345 2338 518 2381 Valentiae,
546 2340 607 2373 277
633 2339 659 2372 b.

255 2392 396 2427 Ioachim
421 2392 478 2437 (S.)
504 2393 602 2427 festus
628 2392 698 2427 dies
723 2404 766 2427 xx
792 2394 896 2426 martii
921 2390 1143 2434 celebrandus,
1165 2392 1229 2426 758
1253 2402 1283 2424 α.

255 2447 390 2481 Ioannes
422 2446 682 2491 archiepiscopus
710 2446 914 2490 Maguntinus
948 2446 1110 2481 Matthiam
1141 2446 1172 2479 in
1203 2455 1367 2480 romanum
1399 2446 1625 2490 imperatorem
1658 2443 1793 2479 electum

345 2504 491 2542 coronat,
517 2501 579 2534 194
605 2512 634 2533 a.

259 2553 392 2589 loannes
415 2554 555 2599 Baptista
579 2554 734 2589 Coccinus
759 2563 869 2589 sacrae
893 2554 991 2589 Rotae
1017 2553 1166 2595 decanus,
1192 2554 1255 2588 488
1281 2553 1308 2587 b.
1332 2552 1379 2587 De
1404 2551 1607 2597 processibus
1632 2553 1664 2586 in
1697 2561 1792 2586 causa

346 2609 592 2643 canonizationis
605 2609 635 2642 S.
651 2608 764 2643 Isidori
781 2607 950 2653 Agricolae
974 2607 1102 2650 iudicat,
1122 2607 1199 2641 ibid.
1217 2607 1295 2642 Item
1319 2617 1376 2651 pro
1401 2608 1637 2642 canonizatione
1661 2607 1691 2641 S.
1714 2606 1789 2641 The·
1841 2621 1846 2624 ·

346 2662 466 2705 resiae,
491 2662 556 2697 679
580 2672 610 2696 a.
