2293 3231
85 275 133 302 Αη.
150 273 179 301 C.
200 273 268 301 1612

930 276 1048 301 mvnvs
1069 276 1088 300 V
1110 278 1155 301 ΙΨ.

282 321 380 353 felicis
405 320 630 354 reeordationis
661 321 735 354 sixti
767 323 865 366 Papae
891 324 911 355 Y
937 335 1022 367 prae-

281 373 455 406 decessoris
471 373 599 413 nostri¹,
614 374 692 407 intra
706 375 882 419 spiindecim
901 376 966 408 (lies
983 377 1021 409 ab

281 425 368 460 obitu
394 426 534 470 ipsorum
560 428 755 460 notariorum
781 439 816 461 ae
841 429 1021 472 publicatio-

280 479 327 512 nis
351 479 562 522 praesentium
588 481 759 524 respective
783 482 1019 524 computandos,

280 531 452 576 scripturas
468 533 643 576 praedictas
661 544 731 566 eum
750 534 876 567 nomine
896 535 1018 576 notarii,

280 584 369 617 euius
394 585 510 617 suerint
533 586 697 626 haeredes,
723 586 780 618 sub
804 588 905 630 poena
929 587 1019 619 :unis-

279 637 375 671 sionis
400 637 554 670 dictarum
580 638 808 682 seripturarum
840 644 870 671 et
903 641 1020 673 emolu-

279 693 457 724 mentorum
471 690 542 723 inde
558 691 820 734 provenientium,
834 692 1015 735 eonsignent

277 742 417 775 archivio
443 741 552 785 Populi
578 742 719 783 Romani,
744 743 832 775 cuius
857 749 962 776 custos
986 745 1018 777 li-

277 794 370 827 brum
394 799 508 835 teneat,
526 794 557 827 in
582 805 644 838 quo
669 805 725 838 per
750 795 957 828 inventarium
976 796 1018 828 di-

277 852 345 880 etae
362 847 537 892 scripturae
554 847 751 880 adnotentur.

321 900 394 934 119.
420 900 622 934 Notariorum
639 900 740 933 officia
758 900 787 933 in
804 901 891 934 curia
907 901 945 934 de
962 902 1016 935 Sa-

276 952 366 985 bellis
390 952 453 986 duo
477 957 598 986 tanturn
623 953 815 994 habeantur,
839 964 941 997 neque.
966 955 1016 987 bie

275 1015 427 1038 numerus
458 1005 524 1038 ullo
552 1009 715 1048 praetextu
744 1007 853 1048 augeri
877 1016 1014 1050 unquam

274 1057 383 1101 possit,
396 1062 427 1090 et
443 1057 463 1090 ii
478 1057 571 1090 etiam
587 1057 780 1102 approbandi
795 1058 856 1090 sint
869 1058 907 1090 ab
925 1059 1015 1093 Urbis

275 1110 487 1153 gubernatore
503 1121 561 1154 pro
577 1115 719 1154 tempore
734 1110 892 1143 existente.

319 1162 391 1196 120.
417 1163 564 1196 Notarius
588 1163 694 1196 curiae
717 1163 827 1196 Turris
844 1165 948 1197 Nonae
964 1165 1015 1197 ob-

274 1223 378 1251 servet
401 1218 539 1252 tabulam
563 1219 760 1253 notariorum
785 1221 891 1254 euriae
911 1220 1016 1253 Sabel-

274 1273 388 1306 lorum.

318 1326 391 1359 121.
416 1327 536 1365 Notarii
561 1328 705 1361 locorum
730 1328 856 1371 piorum
882 1328 1011 1362 debeant

273 1393 400 1417 servare
413 1383 529 1423 stilum,
544 1383 812 1424 consuetudinem,
823 1389 849 1416 et
866 1389 950 1417 taxas
965 1385 1014 1418 tri-

273 1437 397 1472 bunalis
422 1437 541 1479 vicarii,
560 1448 618 1471 nee
643 1449 774 1482 prorsus
799 1439 917 1483 aliquid
938 1440 1014 1473 reei-

272 1503 348 1537 pere
377 1493 458 1526 ultra
489 1493 573 1536 quod
602 1492 715 1526 notarii
744 1493 852 1525 vicarii
885 1493 915 1525 in
949 1494 1012 1526 suis

273 1547 376 1579 causis
407 1546 576 1579 ordinariis
610 1546 753 1590 recipere
786 1550 925 1590 possunt.
956 1548 1011 1587 Qui

271 1603 376 1634 autem
408 1610 444 1632 ex
476 1599 520 1632 eis
550 1600 648 1643 gratis
676 1605 743 1632 sunt
770 1600 930 1643 deputati,
955 1611 1012 1634 nee

271 1653 387 1686 habent
411 1653 549 1686 officium
574 1653 663 1687 titulo
687 1663 834 1694 oneroso,
858 1664 920 1686 non
944 1665 1012 1698 pos-

271 1706 333 1739 sint
345 1706 470 1750 exigere
483 1707 541 1739 nisi
555 1718 614 1751 pro
629 1707 794 1739 medietate
807 1707 907 1741 dictae
925 1712 1011 1741 laxae

270 1760 467 1794 notariorum
492 1759 610 1800 vicarii,
628 1765 657 1793 et
674 1770 735 1794 non
756 1761 848 1801 ultra,
868 1761 897 1793 in
915 1762 1011 1794 omni-

269 1812 328 1846 bus
346 1818 376 1846 et
392 1824 449 1858 per
466 1814 580 1846 onmia.

314 1866 387 1900 122.
412 1867 559 1900 Notarius
575 1867 717 1911 Ripettae
734 1878 792 1911 pro
812 1869 1010 1912 publicandis

269 1919 485 1954 instrumentis
502 1925 533 1953 et
556 1921 588 1953 in
612 1921 770 1964 publicam
788 1922 920 1955 sormam
938 1923 1010 1956 dan-

269 1973 317 2007 dis
333 1974 437 2017 exigat
452 1974 537 2007 iuxta
554 1975 688 2007 formam
706 1980 893 2008 statutorum
907 1976 1007 2009 Urbis.

313 2027 386 2061 123.
411 2028 449 2061 Et
473 2028 504 2060 in
521 2028 724 2061 conficiendis
740 2030 931 2063 extractibus
947 2041 1010 2063 ser-

269 2085 319 2114 vet
342 2081 476 2114 sormam
496 2081 712 2125 Capitolinam,
730 2087 761 2114 et
776 2092 920 2115 normam
941 2084 1009 2116 aliis

268 2134 506 2178 praescriptam.

313 2187 390 2220 124.
415 2188 515 2230 Atque
540 2187 570 2219 in
593 2187 695 2231 prima
726 2187 870 2221 instantia
904 2191 1008 2223 nullus

269 2241 300 2274 in
322 2240 411 2274 curia
430 2241 572 2284 Ripettae
589 2240 642 2273 fiat
658 2246 824 2282 extractus,
842 2242 1007 2288 minusque

268 2295 300 2327 in
317 2294 453 2327 secunda
470 2304 577 2327 eoram
593 2294 747 2337 praeside,
765 2294 823 2327 nisi
840 2295 878 2327 de
897 2296 1008 2329 utrius-

268 2358 329 2392 que
349 2347 447 2391 partis
472 2356 645 2386 consensu,
671 2347 718 2378 vel
751 2348 890 2380 notarius
914 2349 1007 2382 suerit

269 2401 387 2434 iuratus
403 2405 576 2444 suspectus,
593 2400 635 2433 ita
650 2405 681 2432 ut
708 2405 775 2433 arta
801 2404 1004 2445 transportari

268 2454 418 2494 debeant3
443 2459 489 2495 et,
515 2453 539 2486 si
564 2464 653 2486 secus
676 2454 791 2486 sactum
816 2454 927 2494 suerit,
953 2456 1004 2499 qui

268 2507 395 2540 arrham
420 2506 506 2540 dedit
536 2512 634 2540 totum
659 2507 696 2540 de
726 2517 782 2540 suo
813 2507 935 2541 solvere
960 2513 1005 2541 te-

303 2590 315 2614 1
337 2587 402 2615 Sixti
424 2588 447 2614 V
462 2588 496 2615 de
521 2588 632 2615 notariis
655 2587 771 2615 habetur
795 2588 887 2615 Const.
909 2594 953 2615 x1x
978 2588 1003 2615 in

267 2635 332 2660 tom.
353 2638 410 2666 viu,
425 2639 486 2667 pag.
503 2631 565 2666 621,
582 2636 609 2660 et
624 2640 693 2668 seq.;
714 2632 761 2659 sed
783 2632 834 2659 alia
849 2632 940 2660 forsan
960 2632 1004 2660 bic

266 2676 388 2704 innuitur
405 2678 443 2707 (n.
461 2677 510 2711 τ.).

329 2729 407 2757 Bull.
427 2730 504 2758 Rom.
524 2746 558 2750 —
580 2731 640 2758 Vol.
656 2730 721 2758 XII.
849 2730 882 2758 13

1718 274 1757 304 ’.17

1056 331 1187 363 uratur,
1220 335 1274 357 ner
1307 326 1366 358 ulla
1398 327 1488 359 ‹lt-tur
1521 327 1629 359 cellula
1662 328 1791 371 ‹ti-positi

1055 384 1161 411 contra
1187 379 1291 411 alium.

1104 431 1171 463 1⁹25.
1198 432 1323 463 Nullum
1349 432 1527 464 mandatum
1554 433 1692 466 notarius
1717 434 1791 466 <lare

1053 484 1148 526 possit
1172 496 1228 527 pro
1248 485 1368 517 indiciis
1385 486 1501 529 absqut·
1525 487 1634 519 iudicis
1658 487 1789 521 lit-entia.

1103 536 1169 568 1211.
1186 537 1322 579 Singulis
1339 543 1441 570 autem
1459 538 1578 579 diebus,
1600 540 1692 571 etiam
1713 541 1791 572 t'rsti-

1053 589 1108 629 vis‚
1133 590 1171 621 ab
1196 594 1266 624 ortu
1293 591 1366 623 solis
1392 603 1490 635 usque
1515 592 1552 625 ad
1575 604 1731 632 ort-asum,
1749 594 1790 625 os-

1052 642 1156 674 ticium
1183 648 1327 685 apertum
1354 649 1458 677 tenere
1483 645 1602 685 debeat,
1627 656 1727 689 neque
1751 646 1789 678 ab

1052 694 1104 727 illo
1122 694 1255 727 discedat
1276 696 1341 728 sine
1355 699 1448 729 rausa
1461 698 1661 731 necessitatis.

1101 748 1168 780 127.
1194 748 1337 792 Deposita
1356 760 1416 782 non
1447 751 1585 794 recipiat,
1603 751 1660 783 nisi
1690 762 1789 795 usque

1051 800 1089 832 ad
1113 811 1267 833 summam
1298 802 1501 845 permissam,
1527 808 1556 836 et
1588 814 1683 847 penes
1714 815 1786 837 eum

1050 854 1138 893 sacta,
1158 859 1225 897 post
1251 854 1411 888 decretum
1436 855 1473 887 de
1498 857 1722 899 consignando,
1740 858 1789 890 de-

1050 906 1120 939 beat
1144 906 1272 939 omnino
1297 907 1375 939 infra
1401 908 1483 941 diem
1508 909 1704 952 consignare,
1730 911 1787 943 sub

1050 960 1150 1002 poena
1167 959 1297 993 arbitrio
1313 960 1477 1003 praesidis.

1366 1030 1380 1072 ἓ
1404 1030 1465 1063 XX.

1158 1099 1203 1130 De
1227 1098 1386 1141 reqz'strz's,
1413 1100 1621 1140 effrenibus,
1649 1105 1678 1133 et

1223 1151 1389 1194 exemplis,
1409 1161 1464 1183 seit
1481 1152 1607 1195 copiis&

1094 1222 1122 1254 1.
1141 1222 1246 1260 Quoad
1267 1222 1400 1265 registra
1416 1227 1445 1257 et.
1461 1229 1616 1257 extractus
1634 1230 1786 1269 perpetuo

1049 1276 1214 1308 statuimus
1231 1281 1259 1308 et
1278 1276 1471 1315 ordinanms,
1489 1278 1572 1321 quod
1591 1279 1620 1310 in
1641 1280 1786 1313 omnibus

1048 1334 1075 1361 et
1102 1329 1352 1373 quilmscumque
1377 1331 1477 1364 causis
1495 1332 1721 1377 cuiuscumque
1738 1345 1787 1377 ge-

1047 1383 1132 1416 neris
1156 1383 1325 1416 ordinariis
1356 1384 1386 1416 in
1418 1385 1668 1429 quilmseumque
1696 1388 1786 1420 Urbis

1047 1436 1266 1477 tribunalibus,
1281 1442 1310 1470 et
1323 1449 1428 1471 coram
1440 1439 1602 1482 quilmsvis
1619 1441 1782 1483 iudicibus,

1046 1490 1140 1523 nullis
1156 1501 1287 1534 prorsus
1303 1492 1452 1535 exeeptis,
1469 1493 1563 1525 motis
1577 1498 1605 1526 et
1623 1496 1784 1528 movendis

1047 1544 1140 1587 (quae
1165 1544 1284 1577 seilicet
1313 1556 1329 1577 a
1360 1545 1518 1590 principio
1549 1547 1597 1579 via
1625 1548 1784 1582 ordinaria

1047 1598 1240 1631 introductae
1258 1599 1381 1639 suerint,
1395 1600 1516 1633 etiamsi
1530 1601 1560 1633 in
1575 1601 1697 1634 illarum
1715 1614 1784 1646 pro-

1045 1662 1156 1694 gressu
1181 1662 1242 1684 una
1268 1653 1381 1691 forsan,
1397 1658 1450 1685 aut
1466 1654 1573 1697 plures
1591 1656 1782 1689 commissio-

1045 1715 1100 1737 nes
1124 1706 1374 1748 supervenerint,
1392 1716 1427 1738 ae
1452 1707 1581 1740 materia
1607 1707 1782 1742 introducta

1045 1758 1093 1790 vizi
1117 1758 1274 1791 ordinaria
1292 1769 1355 1792 non
1379 1760 1485 1792 essct2
1505 1760 1542 1792 de
1568 1761 1781 1795 iurisdictione

1044 1812 1156 1844 iudicis
1176 1812 1351 1856 ordinarii),
1371 1814 1455 1845 nulla
1472 1813 1595 1857 penitus
1612 1814 1685 1847 fiant
1703 1817 1781 1859 regi-

1044 1871 1128 1904 stra,
1154 1865 1207 1898 sed
1234 1870 1352 1899 tantum
1377 1871 1533 1899 extractus
1558 1867 1725 1911 simplices,
1751 1875 1781 1901 et

1042 1921 1159 1964 absque
1177 1920 1279 1963 aliqua
1297 1920 1503 1953 terminorum
1520 1922 1709 1955 extensione:
1726 1923 1779 1966 qui

1043 1975 1073 2007 in
1097 1984 1160 2008 uno
1185 1974 1326 2014 consecti,
1352 1974 1381 2006 in
1406 1974 1568 2018 quibusvis
1593 1976 1661 2008 aliis
1687 1977 1780 2010 tribu-

1042 2028 1174 2068 nalibus,
1193 2028 1217 2060 si
1234 2028 1272 2060 ad
1296 2027 1349 2060 illa
1374 2032 1635 2071 transportantur,
1653 2030 1777 2073 plenam

1042 2082 1136 2115 fidem
1161 2082 1274 2115 saciant
1298 2082 1327 2113 in
1353 2082 1497 2114 omnibus
1522 2087 1552 2115 et
1575 2093 1633 2126 per
1656 2084 1776 2124 onmia,

1042 2136 1171 2179 perinde
1188 2146 1224 2168 ac
1241 2135 1265 2167 si
1282 2140 1385 2168 essent
1401 2135 1534 2178 registra
1547 2142 1681 2169 extensa.

1085 2189 1114 2221 2.
1140 2189 1302 2231 Minusque
1326 2193 1481 2221 extractus
1512 2189 1542 2220 in
1572 2190 1673 2222 causis
1697 2191 1777 2223 ordi-

1040 2242 1137 2275 nariis
1160 2242 1252 2279 fiant,
1278 2242 1370 2274 etiam
1396 2243 1456 2274 una
1481 2243 1527 2274 vel
1552 2244 1683 2286 utraque
1708 2254 1776 2287 par-

1041 2296 1117 2329 tium
1141 2299 1274 2338 petente,
1294 2294 1352 2326 nisi
1378 2294 1416 2326 de
1434 2294 1570 2327 iudicum
1596 2295 1718 2329 licentia
1744 2297 1773 2328 in

1040 2348 1165 2392 seriptis
1192 2348 1330 2387 obtenta,
1356 2348 1402 2379 vel
1431 2347 1489 2379 nisi
1515 2353 1581 2379 aeta
1610 2354 1710 2381 essent
1736 2350 1773 2382 ad

1039 2402 1134 2434 alium
1160 2401 1293 2433 iudicem
1321 2401 1568 2444 transportanda.

1083 2455 1112 2487 3.
1138 2455 1171 2487 ln
1196 2464 1268 2486 vere
1292 2458 1396 2485 autem
1421 2453 1648 2486 commissaliis
1673 2456 1774 2488 causis

1039 2519 1195 2541 summam
1222 2508 1407 2541 ducatorum
1427 2507 1633 2541 ducentorum
1651 2509 1718 2542 auri
1736 2509 1774 2543 de

1074 2589 1085 2615 1
1108 2587 1147 2614 Ad
1171 2587 1237 2614 haec
1254 2587 1313 2615 vide
1329 2590 1403 2614 taxas
1424 2587 1591 2614 notariorum
1603 2609 1610 2622 ,
1627 2588 1660 2616 de
1676 2589 1774 2624 quibus

1037 2633 1064 2660 in
1085 2633 1176 2660 Const.
1193 2640 1250 2667 seq.
1272 2640 1321 2667 per
1337 2635 1420 2659 totum
1436 2632 1474 2667 (n.
1490 2639 1514 2658 T.
1536 2640 1568 2659 ex
1587 2632 1728 2668 Cherub).

1072 2677 1088 2704 2
1108 2676 1173 2704 Male
1189 2676 1254 2704 edit.
1270 2675 1350 2704 Mein.
1366 2675 1448 2704 habet
1462 2684 1519 2703 esse
1532 2676 1561 2712 (a
1574 2677 1634 2712 τ.)..

1807 282 1842 306 An
1878 283 1904 307 t).
1926 284 1990 309 1012
