2293 3231
906 269 1082 296 crisconius
1106 269 1150 295 xv
1170 270 1217 295 ιη).
1724 259 1787 293 485
1835 268 1882 295 An.
1900 267 1926 295 e.
1953 269 2012 296 1621

306 320 342 353 ad
367 320 426 353 hoc
451 319 637 353 iniuriarum
673 320 809 364 perfecta
839 320 1043 359 condonatio;
1063 323 1172 363 ‘saepe
1197 318 1417 359 affirmaverat,
1443 329 1505 351 non
1530 318 1633 362 perire
1660 318 1717 361 ipsi
1744 324 1818 350 tem-

306 372 480 415 coniugalis
504 379 666 416 praeterea
690 373 824 414 castitas,
850 384 943 417 quam
969 384 1046 405 seni-
1079 383 1147 415 pus,
1173 372 1256 415 quod
1290 372 1319 404 in
1353 371 1538 415 obsequium
1571 371 1623 403 Dei
1658 370 1818 414 impende-

156 438 292 464 coniugatam
307 435 363 469 per
381 425 560 459 inviolatam
586 426 737 459 servavit:
755 437 842 470 quas,
864 432 1045 470 ceterasque
1079 431 1176 458 retur.

108 467 227 512 mutarem
247 471 292 485 ω’
307 489 416 511 omnes
440 478 570 512 virtutes
602 479 680 512 adeo
704 480 836 513 mirifice
869 479 988 519 coluit,
1013 484 1045 511 ut
1124 479 1138 522 {J
1163 480 1191 511 ti.
1218 480 1233 510 s
1234 480 1333 512 trabat
1358 479 1404 511 vir
1421 479 1473 511 Dei
1491 479 1521 511 in
1540 478 1677 511 fiet-tesia
1695 483 1818 510 sanctae
1850 490 1944 534 „isin-2¹1..
1960 493 1971 508 a
1987 490 2016 508 tu-

308 532 459 576 proximis
482 533 597 565 nedum
623 533 777 577 exemplo,
796 532 850 566 sed
875 532 967 565 etiam
997 531 1047 564 ad·
1834 515 2018 540 ¹''s‘''¹‘'''¹¹⁵⁰“'

108 272 158 299 Λη.
175 273 205 300 C.
225 271 287 299 ¹62⁴

156 757 218 778 Plura
232 756 290 781 signa

107 788 145 809 per
163 784 220 804 ntum
242 788 291 809 npe-

107 812 166 831 ratur
181 809 242 831 Deus.

106 969 128 990 ln
139 969 200 998 arido
214 974 290 994 aquam

107 997 202 1016 ιιιεοιῑιι

134 2088 207 2114 Angeia
218 2093 256 2114 pro
268 2094 293 2109 eo

109 2120 181 2139 aarum
195 2116 271 2135 cotum.

1079 531 1192 564 Mariae
1217 533 1426 575 ltlagdalenae‚
1455 543 1527 565 eum
1560 532 1596 563 ad
1622 543 1692 564 eum
1718 542 1891 564 acces-mnu
1909 543 1991 561 anem.

308 586 465 618 mirationi
492 591 589 627 esset,
614 587 667 630 qui
694 586 832 619 videntes
857 596 954 630 opera
979 585 1046 618 eius
1080 594 1148 617 sere
1173 585 1300 628 quidam
1333 586 1516 618 nunciantes
1549 585 1666 617 asinam
1700 585 1766 617 eius
1790 585 1819 616 in

1079 638 1221 671 saucibus
1243 639 1309 682 lupi
1336 639 1395 671 iam
1422 650 1499 678 esse,
1518 650 1574 671 ner
1593 639 1711 671 servari
1729 649 1819 681 posse

1079 691 1138 724 nisi
1163 701 1298 735 propere
1324 692 1524 725 subveniret:
1551 698 1576 724 at
1606 693 1677 732 ille,
1703 692 1756 735 qui
1783 692 1822 724 ia-

1080 745 1180 777 etabat
1207 746 1237 777 in
1262 746 1395 779 Domino
1427 747 1598 789 cogitatum
1624 757 1714 779 suum
1731 773 1738 786 ,
1763 757 1820 779 nec

1079 797 1246 831 minimum
1261 799 1387 842 quidem
1405 805 1591 839 commotus,
1608 804 1717 842 pacato
1736 799 1820 832 vultu

1078 851 1254 895 respondit:
1273 852 1321 885 Ite²
1346 853 1381 885 in
1405 863 1481 895 pace
1499 852 1575 894 filii,
1595 853 1653 895 fiat
1671 853 1820 885 voluntas

1078 905 1146 938 Dei.
1160 906 1316 946 Ceterum,
1330 906 1476 949 precibus
1490 906 1631 949 expletis,
1647 906 1822 938 eeclesiam-

1078 969 1139 1003 que
1163 970 1320 1001 egressus,
1345 959 1462 991 asinam
1490 959 1600 999 vivam,
1619 960 1727 1002 lupum
1746 970 1819 992 vero

1078 1012 1226 1045 divinitus
1250 1023 1457 1056 percussum,
1483 1018 1510 1045 et
1537 1013 1620 1045 iuxta
1645 1023 1712 1045 eam
1739 1024 1820 1046 inor-

1078 1071 1166 1098 tuum
1194 1065 1319 1098 invenit.

1123 1119 1137 1161 ξ
1163 1119 1190 1151 7.
1217 1118 1378 1161 Magnifice
1399 1119 1491 1151 etiam
1514 1124 1643 1151 testatus
1668 1125 1713 1151 est
1738 1120 1818 1152 Deus

1078 1171 1379 1209 misericordiarum,
1396 1183 1489 1215 quam
1516 1178 1662 1216 aceeptus
1680 1173 1706 1205 ei
1724 1173 1817 1206 suerit

1078 1235 1186 1257 servus
1211 1236 1285 1257 suus
1310 1225 1340 1257 in
1371 1225 1595 1258 n‘iisericordiis
1625 1236 1817 1270 pauperum:

1078 1279 1202 1322 saepius
1227 1278 1309 1311 enim
1328 1289 1423 1322 panes
1443 1284 1473 1311 et
1489 1279 1602 1320 edulia,
1617 1280 1654 1311 ad
1680 1279 1819 1312 resectio-

1078 1342 1150 1365 nem
1175 1342 1347 1375 egenorum
1374 1332 1411 1364 ab
1437 1343 1473 1365 eo
1496 1337 1685 1376 comparata,
1703 1333 1733 1365 in
1758 1343 1820 1366 ma-

1078 1386 1169 1418 nibus
1201 1386 1268 1418 eius
1300 1386 1533 1429 multiplicavit:
1561 1387 1697 1429 quodam
1734 1387 1818 1419 enim

1078 1439 1138 1479 die,
1163 1450 1234 1472 cum
1260 1440 1384 1480 onmia,
1417 1450 1495 1483 quae
1526 1440 1556 1472 in
1590 1440 1676 1473 eibos
1696 1451 1817 1484 paupe—

1079 1503 1148 1525 rum
1176 1498 1350 1537 paraverat,
1379 1493 1598 1533 distribuisset,
1627 1504 1748 1538 pauper
1772 1505 1820 1527 su<

1078 1546 1221 1589 pervenit
1250 1546 1480 1590 eleemosynam
1509 1546 1703 1589 efflagitans:
1722 1552 1750 1579 at
1772 1547 1819 1579 vir

1078 1605 1202 1632 sanetus
1227 1610 1356 1632 uxorem
1383 1610 1470 1632 suam
1496 1600 1582 1632 iussit
1609 1600 1773 1643 inspicere,
1794 1601 1818 1632 si

1078 1653 1153 1695 quid
1178 1653 1287 1686 cibarii
1312 1654 1342 1685 in
1367 1653 1427 1686 olla
1445 1653 1655 1693 remansisset,
1671 1659 1763 1697 atque
1781 1654 1819 1686 ad

1079 1707 1166 1739 illum
1191 1707 1329 1740 desei-re:
1348 1718 1482 1751 euinque
1508 1707 1559 1740 illa
1584 1708 1752 1751 quicquam
1771 1719 1819 1741 su—

1078 1760 1230 1804 perfuisse
1254 1766 1395 1803 negaret,
1412 1761 1560 1801 Isidorus,
1574 1762 1634 1794 fide
1652 1762 1773 1796 fervens
1790 1768 1819 1795 et

1079 1815 1230 1848 charitate
1256 1820 1456 1855 exaestuans,
1482 1826 1592 1848 rursus
1621 1816 1761 1857 instetit,
1787 1822 1819 1849 ut

1079 1868 1193 1901 iterum
1220 1868 1399 1911 inspieeretz
1416 1868 1500 1912 quod
1518 1879 1588 1901 euin
1607 1869 1739 1909 ferisset,
1756 1880 1819 1910 vas,

1079 1922 1162 1965 quod
1187 1932 1319 1954 vacuum
1346 1921 1491 1954 relietum
1522 1926 1609 1962 erat,
1635 1923 1820 1956 mirabiliter

1078 1976 1241 2019 pulmento
1266 1975 1393 2019 plenum
1412 1981 1574 2019 repertum
1596 1981 1651 2016 est,
1668 1981 1761 2020 atque
1780 1977 1820 2009 ita

1080 2039 1197 2072 egenus
1234 2029 1356 2061 abunde
1392 2034 1558 2062 saturatus.
1585 2030 1723 2071 Rursus,
1749 2041 1819 2063 eum

1079 2083 1213 2126 quodam
1230 2084 1307 2116 sesto
1325 2082 1374 2115 die
1396 2083 1433 2115 de
1448 2093 1535 2115 more
1553 2094 1570 2115 a
1585 2083 1644 2127 piis
1661 2084 1820 2117 nonnullis

1079 2136 1239 2169 sodalibus
1260 2136 1436 2169 convivium
1455 2142 1612 2179 ageretur,
1630 2137 1682 2169 Dei
1700 2147 1819 2176 servus,

1079 2190 1214 2222 orationi
1235 2189 1381 2229 intentus,
1399 2189 1429 2221 in
1447 2189 1586 2222 Ecclesia
1605 2189 1722 2222 diutius
1739 2200 1820 2222 com-

1079 2248 1220 2275 moratus
1245 2246 1311 2283 est,
1335 2253 1392 2275 nee
1417 2254 1451 2275 ac
1477 2243 1654 2275 convivium
1679 2244 1818 2283 accessit,

1079 2295 1138 2328 nisi
1155 2295 1208 2328 illo
1224 2300 1363 2339 peraeto,
1380 2295 1539 2328 addueens
1554 2306 1658 2328 seeum
1674 2306 1820 2329 numero-

1079 2359 1148 2381 suin
1161 2359 1333 2392 pauperum
1356 2359 1652 2392 g·1‘ege1n;(·1iinque
1672 2349 1710 2382 de
1734 2355 1818 2383 tanto

1079 2412 1250 2445 egenorum
1284 2413 1417 2435 numero
1450 2402 1525 2435 socii
1558 2402 1816 2445 indignarentur,

1080 2467 1150 2489 eum
1175 2456 1253 2488 nihil
1279 2457 1362 2499 quod
1394 2457 1455 2489 illis
1483 2467 1641 2500 apponere
1674 2463 1816 2501 possent,

1080 2515 1206 2553 praeter
1231 2509 1355 2542 unicam
1380 2515 1500 2553 partem
1536 2510 1656 2543 Isidoro
1681 2521 1817 2544 reserva-

1080 2568 1153 2603 tam,
1179 2568 1367 2606 superesset,
1394 2574 1456 2603 ras,
1479 2563 1508 2595 in
1533 2574 1596 2607 quo
1621 2574 1656 2596 ea
1680 2565 1817 2608 reposita

1081 2621 1157 2658 erat,
1175 2617 1252 2650 adeo
1280 2616 1459 2650 redundans
1484 2617 1680 2658 invenerunt,
1697 2623 1729 2651 ut
1754 2628 1817 2652 non

1082 2671 1182 2705 solum
1198 2670 1321 2708 abunde
1344 2670 1561 2714 praesentibus
1578 2671 1744 2712 sufficeret,
1763 2669 1817 2705 sed

306 638 398 680 bona,
424 639 641 682 glorificabant
669 640 765 673 Deum
792 640 924 679 Patrem,
942 639 995 682 qui
1015 639 1045 671 in

308 692 400 725 caelis
424 698 478 725 est.

352 746 366 789 ᾗ
390 745 419 779 3.
444 746 542 785 Quam
569 757 641 780 vero
674 747 809 780 validum
834 751 863 779 et
885 746 1046 779 inconeus-

307 809 376 831 sum
401 799 494 832 fuerit
519 799 753 833 fundamentum
778 799 861 840 fidei,
889 809 952 843 quo
979 799 1045 831 eius

309 852 437 886 virtutes
460 852 680 893 innitebantur,
696 852 839 897 pluribus
860 858 890 886 et
913 852 1046 885 admira-

307 904 421 938 bilibus
446 906 543 948 signis
568 906 743 939 Altissimus
767 905 994 949 comprobavit.

352 959 366 1002 g
389 959 418 992 4.
445 961 544 1003 Atque
569 959 644 992 illud
662 959 692 991 in
710 959 821 1003 primis
837 958 1045 992 memorabile

308 1011 374 1045 suit:
385 1022 466 1054 nam,
477 1023 549 1045 euin
562 1012 665 1045 media
674 1017 790 1045 aestate
803 1012 949 1046 dominus
966 1013 1044 1056 agri,

307 1076 401 1110 quem
427 1066 474 1098 vir
497 1066 549 1098 Dei
581 1066 720 1099 Isidorus
753 1066 895 1107 colebat,
920 1077 958 1099 eo
982 1067 1046 1100 siti-

307 1119 430 1152 bundus
447 1119 638 1159 accessisset,
655 1119 823 1163 ipsumque
839 1126 991 1163 rogasset,
1012 1126 1045 1153 ut

309 1171 361 1206 ubi
386 1172 501 1216 aliquid
520 1182 618 1216 aquae
634 1173 830 1216 reperiretur
855 1173 1044 1214 ostenderet,

307 1226 410 1259 locum
427 1226 464 1258 ad
483 1225 619 1259 vicinum
645 1231 784 1259 montem
805 1226 1043 1260 demonstravit:

307 1289 369 1323 quo
394 1289 465 1312 eum
498 1279 548 1312 ille
583 1279 793 1322 perrexisset,
823 1284 915 1323 atque
939 1280 1045 1313 onmia

306 1332 435 1373 arentia,
460 1343 495 1365 ae
527 1332 602 1366 solis
626 1333 792 1366 ardoribus
817 1338 924 1366 exusta
948 1343 1041 1377 repe-

306 1386 418 1427 riisset,
437 1397 508 1419 cum
524 1386 736 1430 indignatione
752 1387 841 1431 quasi
864 1387 991 1420 delusus
1007 1387 1045 1420 ad

306 1450 378 1472 eum
402 1441 580 1474 revertitur.
606 1442 643 1474 At
667 1441 714 1474 vir
739 1445 862 1475 sanetus
887 1441 990 1474 statim
1007 1441 1044 1474 ad

306 1493 452 1527 eumdem
476 1495 580 1528 locum
615 1494 718 1528 redire
752 1494 880 1535 suadet,
909 1506 1044 1539 eumque

307 1547 484 1588 comitatur,
501 1552 530 1581 et
546 1548 606 1581 fide
624 1548 746 1581 sortiter
765 1548 930 1589 animatus,
948 1549 1045 1582 instar

306 1600 439 1645 Moysis,
464 1601 590 1634 stimulo
618 1612 712 1646 quem
738 1602 866 1645 gerebat
890 1603 1043 1646 percussit

306 1658 441 1694 terrain,
466 1659 495 1687 et
520 1654 622 1688 statim
652 1654 806 1688 ssuxerunt
832 1656 863 1687 in
888 1655 971 1688 sicco
995 1666 1046 1699 pe-

306 1717 419 1741 rennes
444 1718 563 1752 aquae:
589 1709 742 1753 duratque
767 1709 970 1742 admirandus
994 1709 1045 1742 ille

306 1760 374 1795 fons
397 1762 491 1795 nullis
514 1773 664 1807 umquam
697 1763 862 1796 ardoribus
893 1763 1045 1797 arefactus

306 1825 404 1859 usque
429 1815 467 1848 ad
490 1821 687 1859 praesentem
705 1816 798 1858 diem,
820 1822 847 1850 et
866 1819 978 1860 magna
995 1827 1047 1860 po-

308 1869 454 1912 pulorum
479 1869 654 1913 frequentia
680 1869 867 1909 celebratur,
892 1871 933 1903 ob
959 1870 1046 1903 innu-

308 1933 395 1956 mera
407 1924 569 1965 mirac-ula,
582 1936 662 1968 quae
679 1926 710 1957 in
728 1925 890 1958 sanitatem
905 1925 1045 1968 gentium

308 1976 427 2009 meritis
450 1977 535 2010 Beati
552 1978 662 2011 Isidori
678 1989 735 2022 per
752 1978 818 2012 eius
835 1989 934 2022 aquae
953 1990 1045 2013 usum

309 2028 511 2073 Omnipotens
535 2037 692 2075 operatur.

352 2083 367 2125 ἓ
391 2082 420 2115 5.
437 2083 607 2118 Accusatus
623 2084 724 2117 suerat
744 2095 759 2117 a
780 2085 890 2118 vicinis
910 2086 1046 2120 Isidorus

308 2135 391 2179 apud
415 2133 681 2179 agridominum,
704 2138 798 2181 quod,
823 2138 957 2172 orationi
981 2141 1047 2183 plu—

308 2189 423 2221 rimum
448 2190 593 2230 intentus,
613 2190 716 2223 minus
741 2201 834 2234 quarn
858 2202 915 2235 par
932 2198 997 2225 erat
1015 2193 1046 2225 in

308 2242 430 2275 cultura
454 2242 540 2275 fundi
565 2240 738 2276 laboraret:
764 2254 899 2287 eumque
915 2245 954 2277 ad
974 2255 1044 2278 eum

308 2305 414 2328 severe
439 2296 647 2339 castigaturus
671 2296 817 2329 dominus
841 2297 1044 2338 accurrisset,

307 2359 419 2392 agrum
445 2359 536 2382 suum
569 2349 685 2393 triplici
716 2350 790 2393 iugo
822 2350 939 2382 bovum
963 2351 1045 2384 arari

307 2401 488 2446 prospexitg
507 2402 630 2435 duobus
655 2402 780 2446 quidem
806 2403 844 2435 ab
869 2403 1047 2436 adolescen-

308 2454 410 2496 tibus,
435 2455 576 2489 candidis
609 2456 746 2490 vestibus
778 2456 914 2497 indutis,
949 2457 1025 2489 actis
1037 2484 1051 2502 ‚l

309 2507 400 2541 tertio
412 2518 487 2541 vero
501 2509 540 2541 ab
554 2508 675 2541 Isidoro
685 2520 692 2548 ;
711 2519 782 2541 eum
801 2509 1047 2553 appropinquas-

308 2565 354 2592 set
375 2565 481 2593 autem
496 2551 661 2603 dominus,
679 2562 781 2595 solum
798 2562 909 2595 Isidori
936 2562 1045 2606 iugum

308 2613 417 2655 cernit,
433 2615 554 2659 reliqua
573 2626 635 2650 non
660 2616 750 2656 vidit;
767 2616 979 2660 intellexitque
997 2616 1047 2650 de-

309 2679 395 2702 mum
419 2670 616 2705 verissimum
641 2681 726 2713 esse,
751 2671 834 2715 quod
858 2670 913 2704 Dei
938 2681 1048 2705 servus

1871 1126 1933 1147 Cibos
1949 1127 2017 1146 mutu-

1833 1155 1897 1179 pticat
1918 1153 1938 1173 in
1960 1154 2018 1173 auxi·

1835 1183 1882 1201 tium
1893 1184 2018 1206 pauperum,
