2293 3231
155 302 205 329 An.
222 301 249 327 C.
273 300 339 326 1614

184 1155 304 1178 Exordium.

197 1633 345 1659 Archiepisco-

160 1665 199 1685 pus
215 1660 344 1686 compostel-

159 1687 236 1711 lanus,
270 1693 345 1714 perpe-

160 1715 208 1734 tuus
234 1715 344 1740 cappellae

160 1741 231 1765 regiae
239 1742 345 1767 cappella-

160 1772 212 1792 nus,

352 357 404 381 xiv
430 346 561 379 ianuarii
596 355 728 383 ancxir,
758 344 957 388 pontificatus
989 345 1088 376 nostri

351 410 433 433 anno
459 409 500 432 lx.

387 462 444 489 Dat*
465 461 509 488 die
530 462 561 488 14
581 460 699 487 ianuarii
723 460 799 493 1614,
822 460 916 494 pontif.
935 467 978 485 an.
998 467 1034 485 ix.

649 610 793 644 CCXLIII.

354 694 441 734 Quae
464 693 530 725 sint
549 691 719 735 facultates
736 689 923 734 cappellani
942 688 1089 727 maioris,

396 750 424 778 et
448 745 718 789 cappellanorum
742 741 909 786 cappellae
933 741 1018 784 reyis
1043 751 1093 773 ca-

399 799 512 831 tholici
535 796 809 841 Hispanico-mn&

353 878 532 907 Charissimo
553 878 584 905 in
609 877 725 905 Christo
750 876 811 904 fllio
832 878 935 903 nostro
957 874 1093 908 Philippo

486 923 697 957 Hispaniarum
716 921 779 955 regi
809 920 958 948 catholico

594 977 703 1004 Paulus
724 977 802 1008 Papa
822 974 854 1001 V.

449 1039 626 1067 charissime
642 1038 673 1065 in
689 1037 807 1064 Christo
821 1036 864 1063 fili
879 1039 993 1067 noster,

391 1085 521 1111 salutem
544 1087 575 1111 et
595 1082 790 1117 apostolicam
809 1081 1058 1109 benedictionem.

1072 1119 1102 1143 ὁ

402 1145 462 1178 Piis
494 1145 721 1178 catholicorum
754 1154 865 1185 regum
899 1142 1004 1183 votis,
1039 1152 1096 1185 per

356 1209 435 1242 quae
460 1198 584 1231 divinus
609 1198 711 1230 cultus
740 1196 849 1239 augeri
880 1202 908 1228 et
941 1195 1097 1228 ministro-

357 1263 427 1285 rum
453 1251 738 1285 ecclesiasticorum
763 1249 948 1293 praesertim
977 1249 1098 1292 ealsipel-

356 1307 458 1338 larum
471 1305 631 1348 regiarum
649 1303 776 1337 servitio
789 1303 1022 1346 adscriptorum
1039 1307 1098 1334 sta-

356 1366 406 1393 tus
429 1360 466 1393 ad
498 1359 552 1392 Dei
585 1359 718 1401 gloriam
749 1357 915 1400 tranquille
946 1367 982 1389 ac
1012 1361 1096 1388 recte

356 1413 451 1456 dirigi
484 1416 512 1446 et
542 1412 713 1455 gubernari
746 1412 861 1449 valeat,
886 1410 1021 1442 libenter
1046 1420 1098 1441 an—

357 1467 493 1506 nuimus,
511 1477 546 1499 ac
571 1465 745 1509 privilegiis
762 1469 791 1498 et
809 1464 935 1497 indultis
960 1474 1099 1496 commu-

358 1520 473 1559 nimus,
499 1525 529 1552 et
552 1519 627 1551 alias
651 1518 868 1562 disponimuS,
894 1523 987 1561 prout
1011 1527 1100 1549 cons-

359 1574 493 1617 picimus
510 1573 541 1605 in
566 1572 698 1605 Domino
723 1571 893 1604 salubriter
918 1570 1075 1614 expedire.

403 1627 418 1670 g
443 1627 472 1659 1.
498 1627 613 1669 ltaque,
633 1625 771 1668 vestigiis
796 1625 1009 1657 Romanorum
1024 1624 1101 1656 Pon-

360 1680 479 1713 tificum
497 1679 776 1723 praedecessorum
794 1683 975 1711 nostrorum
992 1677 1099 1709 inhae-

360 1739 474 1774 rentes,
491 1744 525 1766 ac
543 1732 823 1776 supplicationibus
840 1731 1009 1763 maiestatis
1030 1736 1100 1763 tuae

359 1787 487 1822 nomine
517 1787 610 1819 nobis
640 1785 800 1818 humiliter
826 1784 981 1828 porrectis
1011 1784 1099 1816 incli-

359 1840 433 1880 nati,
458 1840 560 1873 eidem
585 1839 736 1872 maiestati
761 1844 849 1878 tuae,
874 1843 905 1870 ut
931 1837 1101 1881 archiepis-

360 1904 458 1937 copus
482 1893 753 1936 Composteltanus
777 1902 835 1935 pro
860 1896 1005 1935 tempore
1023 1891 1101 1923 exis-

361 1952 429 1980 tens
454 1947 536 1990 (cui,
562 1947 640 1979 sicut
670 1957 707 1979 ex
738 1946 934 1978 institutione
959 1945 1099 1978 eiusdem

360 2000 532 2033 maiestatis
546 2006 617 2033 tuae
633 2000 760 2033 nomine
776 1999 869 2032 nobis
886 2009 988 2042 nuper
999 1998 1079 2031 faeta
1091 1998 1101 2014 ²

361 2053 549 2096 accepimus,
566 2063 641 2085 cura
658 2053 763 2095 regiae
780 2052 915 2084 familiae
933 2056 1014 2091 tuae,
1029 2061 1102 2084 con-

361 2105 618 2148 sanguineorum,
643 2105 783 2138 affinium
808 2110 948 2145 tuorum,
972 2115 1006 2137 ac
1032 2115 1100 2137 om-

361 2159 449 2192 nium
463 2169 670 2202 personarum
686 2158 715 2190 in
726 2158 813 2191 curia
827 2160 878 2191 tua
892 2169 950 2202 pro
961 2158 1101 2201 negociis

362 2212 589 2245 confluentium
605 2216 632 2244 et
651 2211 925 2251 commorantium,
938 2212 1100 2254 ipsamque

363 2266 483 2300 curiam
515 2265 730 2309 sequentium,
753 2270 911 2308 tamquam
943 2265 1100 2307 cappellae

362 2325 434 2353 tuae
458 2319 642 2362 cappellano
668 2317 779 2351 maiori
803 2327 839 2349 ex
866 2317 984 2350 indulto
1009 2327 1101 2360 apos-

364 2372 469 2413 tolico,
493 2371 696 2414 aut'antiqua
717 2375 745 2403 et
771 2369 1013 2402 immemorabili
1030 2379 1103 2401 con-

363 2424 537 2465 suetudine,
562 2423 740 2466 incumbit),
757 2423 788 2455 in
807 2421 970 2466 quibusvis
993 2421 1101 2454 civita-

363 2478 467 2519 tibus,
491 2477 616 2522 oppidis
641 2483 670 2510 et
695 2477 771 2510 loeis
796 2476 827 2508 in
849 2475 963 2519 quibus
986 2475 1101 2507 dietam

364 2532 555 2564 maiestatem
569 2535 665 2571 tuam,
676 2536 823 2573 tuamque
845 2529 963 2571 regiam
981 2528 1101 2561 curiam

363 2595 421 2628 pro
439 2588 579 2628 tempore
601 2584 739 2617 residere
759 2582 937 2626 contigerit,
955 2582 1102 2615 continue

401 2658 411 2684 1
435 2656 472 2683 Ex
491 2656 597 2692 Regest.
618 2656 645 2682 in
664 2656 766 2683 Secret.
789 2655 866 2682 Brev.

400 2701 416 2728 2
431 2701 486 2728 Nisi
502 2701 578 2729 malis
593 2701 684 2735 legere
697 2700 841 2735 patefiunt
857 2701 894 2728 (R.
911 2700 956 2725 TI.

999 295 1117 320 PAULUS
1136 295 1154 318 V
1174 295 1221 318 Pe.

1765 281 1829 314 ⁶245
1877 291 1926 315 Αη.
1944 291 1970 315 (τ.
1995 290 2060 316 16¹4

1124 344 1170 375 vet
1196 342 1233 375 ad
1260 348 1382 385 tempus
1398 350 1505 373 curam
1524 339 1700 372 animarum
1729 339 1863 371 familiae

1124 401 1203 432 tuae,
1220 394 1425 437 omniumque
1443 399 1471 425 et
1497 392 1692 435 singularum
1717 402 1865 435 persona-

1124 460 1205 488 rum,
1232 455 1293 481 tam
1315 460 1350 480 ex
1377 448 1437 480 tuis
1455 447 1561 489 regnis
1587 452 1615 478 et
1640 445 1788 478 dominiis
1805 445 1865 477 ori-
1901 457 2063 477 Animarumcu-

1124 501 1228 544 ginem
1262 501 1479 539 trahentium,
1511 510 1605 543 quain
1642 504 1864 531 extraneorum
1880 484 2064 536 ffu'i''r‘l÷¹}‘1³3¹1'1¹2i3⁵-

1125 553 1290 586 curialium
1316 564 1351 586 ac
1376 553 1490 585 dictam
1516 553 1636 585 curiam
1654 551 1864 595 sequentium,
1880 539 2064 563 ‘'mmmmm‘'

1126 606 1351 648 cuiuscumque
1376 611 1495 641 status.
1528 605 1645 647 gradus
1660 632 1667 644 ‚
1692 604 1812 637 ordinis
1836 609 1866 636 et

1126 658 1315 691 conditionis
1325 669 1359 691 ac
1374 659 1637 702 praeeminentiae
1656 657 1865 697 existentium,

1127 717 1190 744 tam
1215 712 1499 745 ecclesiasticorum
1532 723 1626 755 quam
1659 711 1866 749 secularium,

1127 765 1372 809 archiepiscopis
1389 771 1417 798 et
1435 766 1590 809 episcopis
1607 765 1755 808 exceptis,
1781 775 1867 797 exer-

1127 829 1198 852 cere
1208 818 1227 858 ¹,
1242 829 1413 861 carumque
1431 824 1535 851 rector
1548 818 1734 861 nuncupari,
1752 828 1867 860 easque

1128 872 1288 914 corrigere
1314 878 1341 904 ct
1368 872 1509 907 visitare,
1534 882 1568 903 ac
1594 872 1624 903 in
1653 871 1777 903 easdem
1803 882 1869 903 om-

1128 925 1287 958 nimodam
1313 925 1560 957 iurisdictionem
1578 925 1781 963 ordinariam,
1799 934 1866 956 om-
1922 935 2066 965 ordinariam-

1128 979 1240 1022 niaque
1261 984 1288 1011 et
1312 979 1435 1021 singula
1462 978 1520 1010 alia
1538 988 1616 1021 quim
1637 963 2066 1020 archiepiscopi32¹3:¹2¹1i'e⁸r⁴¹c'e⁶=¹.¹⁰⁴

1129 1037 1156 1064 et
1183 1032 1324 1075 episcopi
1350 1042 1384 1064 ac
1415 1031 1466 1063 alii
1493 1032 1633 1064 locorum
1659 1030 1815 1064 Ordinarii
1837 1031 1867 1062 in

1129 1085 1325 1118 dioecesibus
1342 1085 1405 1117 suis
1427 1085 1465 1117 [le
1494 1085 1560 1117 iure
1579 1085 1625 1116 vel
1643 1084 1868 1116 consuetudine

1129 1143 1181 1173 aut
1206 1139 1281 1171 alias
1298 1138 1532 1182 quomodolibet
1555 1139 1655 1170 facere
1676 1143 1702 1169 et
1722 1147 1868 1170 exercere

1130 1198 1371 1233 consueverunt,
1397 1204 1431 1225 ac
1460 1202 1515 1235 per
1539 1202 1581 1231 se,
1606 1192 1653 1223 vel
1682 1191 1760 1223 alios
1782 1191 1870 1223 mini-

1130 1253 1231 1285 stros,
1267 1258 1355 1279 suam
1390 1245 1640 1278 iurisdictionem
1677 1244 1869 1277 ordinariam

1130 1312 1299 1339 exercere',

1175 1355 1189 1396 ,ξ
1220 1354 1249 1387 Q.
1282 1352 1344 1387 N'ec
1378 1363 1439 1386 non
1472 1352 1631 1385 ministros
1661 1356 1687 1383 et
1722 1352 1870 1384 officiales
1910 1359 2018 1380 minim
2040 1361 2069 1381 os.

1130 1407 1323 1440 necessarios
1347 1406 1384 1439 ad
1402 1405 1605 1438 exercendam
1627 1404 1798 1447 apostolica
1816 1414 1870 1436 au-
1884 1387 2069 1435 iimiissfffssarii‘}

1131 1461 1274 1494 ctoritate
1300 1459 1478 1492 huiusmodi
1504 1458 1719 1491 omnimodam
1746 1457 1871 1490 iurisdi-
1884 1440 1980 1466 dmum

1132 1515 1267 1547 ctionem
1283 1519 1343 1546 tam
1362 1513 1467 1545 curiae
1481 1512 1596 1555 palatii.
1610 1521 1704 1554 quam
1718 1510 1761 1543 uti
1779 1510 1871 1543 iudex

1132 1568 1292 1612 cappellae
1306 1566 1486 1599 huiusmodi
1501 1571 1528 1598 et
1543 1565 1677 1597 aliorum
1700 1563 1872 1607 praedicto-

1133 1633 1215 1661 rum,
1233 1621 1287 1666 qui
1315 1621 1352 1653 ab
1370 1631 1407 1653 eo
1426 1625 1454 1652 et
1472 1619 1539 1652 eius
1555 1618 1702 1651 mandato
1722 1618 1873 1650 nominati

1133 1680 1298 1707 exerceant
1317 1684 1426 1706 corum
1444 1672 1557 1711 officia,
1575 1677 1603 1704 et
1625 1671 1872 1703 iurisdictionem

1133 1739 1237 1768 suam,
1263 1733 1325 1760 tam
1351 1727 1381 1758 in
1404 1726 1506 1758 causis
1532 1724 1731 1757 familiarium
1753 1724 1874 1766 cappel-

1134 1783 1277 1814 lanorum
1309 1780 1511 1813 servientium
1545 1778 1675 1811 oratorii
1712 1778 1873 1820 cappellae

1133 1840 1297 1868 cantorum
1311 1838 1340 1868 et
1357 1833 1584 1870 ministrorum,
1599 1831 1692 1864 etiam
1710 1831 1873 1871 laicorum,

1133 1889 1272 1921 eiusdem
1299 1887 1469 1931 cappellae,
1494 1896 1588 1929 quani
1613 1885 1743 1917 aliarum
1770 1894 1875 1926 perso-

1134 1953 1245 1975 narum
1263 1950 1535 1985 quarumcumque
1553 1939 1715 1971 nationum
1737 1937 1791 1971 tibi
1808 1947 1874 1969 ser-

1134 1996 1295 2033 vientium,
1321 2006 1356 2027 ac
1382 2003 1590 2037 personarum
1614 1991 1820 2034 regularium,
1845 1996 1874 2023 et

1134 2050 1240 2093 regiae
1269 2048 1386 2092 prolis,
1421 2048 1450 2079 in
1477 2046 1546 2079 illos
1571 2050 1691 2078 tantum
1716 2044 1769 2087 qui
1802 2054 1874 2076 vere

1134 2107 1205 2136 sunt
1229 2102 1374 2141 curiales,
1391 2111 1447 2133 nec
1473 2110 1535 2132 non
1560 2098 1818 2142 cappellanorum
1844 2096 1873 2128 in

1134 2155 1294 2189 ruralibus
1304 2154 1452 2187 domibus
1465 2164 1520 2186 seu
1533 2152 1656 2196 palatiis
1674 2151 1735 2184 tuis
1745 2150 1876 2183 existen-

1134 2210 1223 2248 tium,
1238 2208 1417 2247 nominare3
1432 2217 1488 2239 nec
1506 2216 1580 2245 non,
1590 2215 1648 2249 per
1660 2216 1691 2237 se
1703 2209 1755 2236 aut
1771 2203 1876 2236 minis-

1134 2268 1198 2295 tros
1210 2272 1292 2301 suos,
1307 2261 1500 2294 confessores
1515 2259 1687 2301 regulares
1698 2257 1736 2289 de
1750 2256 1875 2288 licentia

1134 2326 1264 2348 suorum
1275 2314 1486 2357 superiorum,
1501 2318 1550 2345 aut
1567 2312 1724 2344 seculares
1732 2320 1790 2353 pro
1801 2311 1876 2342 cura

1134 2369 1311 2401 animarum
1343 2367 1417 2400 dicti
1448 2365 1554 2410 palatii
1587 2370 1615 2397 et
1647 2364 1752 2396 curiae
1782 2362 1876 2395 etiam

1172 2476 1182 2501 1
1201 2474 1312 2510 Semper
1327 2473 1451 2500 omnibus
1467 2471 1605 2499 infinitivis
1621 2469 1798 2506 sequentibus
1814 2468 1877 2496 sub⁴

1135 2519 1253 2554 intellige
1268 2519 1371 2551 valeat,
1388 2517 1589 2544 auctoritatem
1601 2515 1795 2547 concedimus,
1807 2521 1877 2549 quae

1137 2563 1219 2591 verba
1234 2563 1359 2598 leguntur
1375 2562 1400 2588 in
1417 2562 1469 2588 fine
1486 2562 1498 2595 ξ
1513 2562 1538 2594 5,
1555 2569 1617 2587 nam
1633 2568 1664 2587 eo
1680 2567 1765 2595 usque
1781 2567 1877 2586 sensus

1136 2612 1258 2636 remanet
1269 2607 1450 2634 inabsolutus.
1464 2606 1546 2632 Porro
1563 2613 1704 2640 perperam
1719 2603 1782 2631 edit.
1795 2603 1875 2630 Main⁴

1137 2653 1196 2680 heic
1210 2651 1304 2679 scribit
1318 2659 1460 2682 caeercem,
1482 2658 1544 2677 nam
1566 2649 1634 2676 ratio
1650 2648 1768 2684 syntaxis
1788 2648 1876 2676 intini—

1137 2697 1219 2724 tivum
1237 2695 1349 2731 requirit
1360 2699 1386 2722 et
1401 2695 1562 2729 gerundium
1575 2702 1626 2721 non
1642 2687 1873 2727 admittit(n.'·r.j.
