<?xml version="1.0" encoding="UTF-8"?>
<!DOCTYPE html PUBLIC "-//W3C//DTD XHTML 1.0 Transitional//EN"
    "http://www.w3.org/TR/xhtml1/DTD/xhtml1-transitional.dtd">
<html xmlns="http://www.w3.org/1999/xhtml" xml:lang="en" lang="en">
 <head>
  <title>
</title>
<meta http-equiv="Content-Type" content="text/html;charset=utf-8" />
  <meta name='ocr-system' content='tesseract 3.04.00' />
  <meta name='ocr-capabilities' content='ocr_page ocr_carea ocr_par ocr_line ocrx_word'/>
</head>
<body>
  <div class='ocr_page' id='page_1' title='image "./bullarumdiplomat12cath_0223.png"; bbox 0 0 2293 3231; ppageno 0'>
   <div class='ocr_carea' id='block_1_1' title="bbox 109 277 295 305">
    <p class='ocr_par' dir='ltr' id='par_1_1' title="bbox 46 255 295 318">
     <span class='ocr_line' id='line_1_1' title="bbox 109 277 295 305; baseline 0.004 -0.747"><span class='ocrx_word' id='word_1_1' title='bbox 109 277 158 305; x_wconf 73' lang='lat' dir='ltr'>An.</span> <span class='ocrx_word' id='word_1_2' title='bbox 176 277 205 304; x_wconf 85' lang='lat' dir='ltr'>c.</span> <span class='ocrx_word' id='word_1_3' title='bbox 228 278 295 305; x_wconf 78' lang='lat'>16¹2</span> 
     </span>
    </p>
   </div>
   <div class='ocr_carea' id='block_1_2' title="bbox 52 708 290 765">
    <p class='ocr_par' dir='ltr' id='par_1_2' title="bbox 52 708 290 765">
     <span class='ocr_line' id='line_1_2' title="bbox 167 708 290 730; baseline 0 0"><span class='ocrx_word' id='word_1_4' title='bbox 167 708 240 730; x_wconf 76' lang='lat' dir='ltr'>Poena</span> <span class='ocrx_word' id='word_1_5' title='bbox 254 713 290 730; x_wconf 77' lang='lat' dir='ltr'>aas</span> 
     </span>
     <span class='ocr_line' id='line_1_3' title="bbox 52 735 270 765; baseline 0 -8"><span class='ocrx_word' id='word_1_6' title='bbox 52 764 55 765; x_wconf 22' lang='lat'><em>⁷</em></span> <span class='ocrx_word' id='word_1_7' title='bbox 106 735 270 758; x_wconf 72' lang='lat' dir='ltr'><strong>admittentium.</strong></span> 
     </span>
    </p>
   </div>
   <div class='ocr_carea' id='block_1_3' title="bbox 105 1183 288 1238">
    <p class='ocr_par' dir='ltr' id='par_1_3' title="bbox 105 1183 288 1238">
     <span class='ocr_line' id='line_1_4' title="bbox 131 1183 288 1210; baseline 0.006 -6"><span class='ocrx_word' id='word_1_8' title='bbox 131 1183 288 1210; x_wconf 74' lang='lat' dir='ltr'>Exequutorum</span> 
     </span>
     <span class='ocr_line' id='line_1_5' title="bbox 105 1209 223 1238; baseline 0 -7"><span class='ocrx_word' id='word_1_9' title='bbox 105 1209 223 1238; x_wconf 80' lang='lat' dir='ltr'>deputatio.</span> 
     </span>
    </p>
   </div>
   <div class='ocr_carea' id='block_1_4' title="bbox 104 1873 286 1921">
    <p class='ocr_par' dir='ltr' id='par_1_4' title="bbox 104 1873 286 1921">
     <span class='ocr_line' id='line_1_6' title="bbox 174 1873 286 1903; baseline 0 -9"><span class='ocrx_word' id='word_1_10' title='bbox 174 1873 286 1903; x_wconf 68' lang='lat' dir='ltr'>Derogauo</span> 
     </span>
     <span class='ocr_line' id='line_1_7' title="bbox 104 1902 265 1921; baseline 0.006 -1"><span class='ocrx_word' id='word_1_11' title='bbox 104 1902 265 1921; x_wconf 77' lang='lat' dir='ltr'>contrariorum.</span> 
     </span>
    </p>
   </div>
   <div class='ocr_carea' id='block_1_5' title="bbox 0 0 85 2152">
    <p class='ocr_par' dir='ltr' id='par_1_5' title="bbox 0 0 85 2152">
     <span class='ocr_line' id='line_1_8' title="bbox 0 0 85 2152; baseline 0 0"><span class='ocrx_word' id='word_1_12' title='bbox 0 0 85 2152; x_wconf 95' lang='lat' dir='ltr'> </span> 
     </span>
    </p>
   </div>
   <div class='ocr_carea' id='block_1_6' title="bbox 60 2084 288 2132">
    <p class='ocr_par' dir='ltr' id='par_1_6' title="bbox 60 2084 288 2132">
     <span class='ocr_line' id='line_1_9' title="bbox 124 2084 288 2111; baseline 0 -6"><span class='ocrx_word' id='word_1_13' title='bbox 124 2088 128 2092; x_wconf 67' lang='lat'><strong><em>⁴</em></strong></span> <span class='ocrx_word' id='word_1_14' title='bbox 137 2084 288 2111; x_wconf 82' lang='lat' dir='ltr'>Transumpto-</span> 
     </span>
     <span class='ocr_line' id='line_1_10' title="bbox 60 2111 225 2132; baseline 0 0"><span class='ocrx_word' id='word_1_15' title='bbox 60 2117 62 2120; x_wconf 64' lang='grc'>’</span> <span class='ocrx_word' id='word_1_16' title='bbox 103 2116 149 2132; x_wconf 85' lang='lat' dir='ltr'>rum</span> <span class='ocrx_word' id='word_1_17' title='bbox 163 2111 225 2132; x_wconf 80' lang='lat' dir='ltr'>fides.</span> 
     </span>
    </p>
   </div>
   <div class='ocr_carea' id='block_1_7' title="bbox 0 2152 71 3231">
    <p class='ocr_par' dir='ltr' id='par_1_7' title="bbox 0 2152 71 3231">
     <span class='ocr_line' id='line_1_11' title="bbox 0 2152 71 3231; baseline 0 0"><span class='ocrx_word' id='word_1_18' title='bbox 0 2152 71 3231; x_wconf 95' lang='lat' dir='ltr'> </span> 
     </span>
    </p>
   </div>
   <div class='ocr_carea' id='block_1_8' title="bbox 53 2631 87 3231">
    <p class='ocr_par' dir='ltr' id='par_1_8' title="bbox 53 2631 87 3231">
     <span class='ocr_line' id='line_1_12' title="bbox 53 2631 87 3231; textangle 90"><span class='ocrx_word' id='word_1_19' title='bbox 61 3039 87 3231; x_wconf 46' lang='lat' dir='ltr'>msa-¹122»,</span> <span class='ocrx_word' id='word_1_20' title='bbox 53 2964 79 3016; x_wconf 65' lang='lat'>³¹-2&#39;2</span> <span class='ocrx_word' id='word_1_21' title='bbox 57 2939 60 2943; x_wconf 88' lang='lat'>·</span> <span class='ocrx_word' id='word_1_22' title='bbox 56 2867 74 2910; x_wconf 48' lang='grc' dir='ltr'>ωε</span> <span class='ocrx_word' id='word_1_23' title='bbox 56 2796 75 2852; x_wconf 73' lang='lat'>.·›&#39;··³</span> <span class='ocrx_word' id='word_1_24' title='bbox 74 2740 75 2745; x_wconf 58' lang='lat'><em>„</em></span> <span class='ocrx_word' id='word_1_25' title='bbox 55 2675 59 2679; x_wconf 89' lang='lat'>·</span> <span class='ocrx_word' id='word_1_26' title='bbox 56 2631 70 2659; x_wconf 68' lang='lat'>&#39;¹&#39;</span> 
     </span>
    </p>
   </div>
   <div class='ocr_carea' id='block_1_9' title="bbox 946 278 1178 302">
    <p class='ocr_par' dir='ltr' id='par_1_9' title="bbox 946 278 1178 302">
     <span class='ocr_line' id='line_1_13' title="bbox 946 278 1178 302; baseline -0.004 -1"><span class='ocrx_word' id='word_1_27' title='bbox 946 278 1062 302; x_wconf 70' lang='lat' dir='ltr'>PAuLt&#39;s</span> <span class='ocrx_word' id='word_1_28' title='bbox 1087 278 1106 301; x_wconf 79' lang='lat' dir='ltr'>V</span> <span class='ocrx_word' id='word_1_29' title='bbox 1131 278 1178 302; x_wconf 72' lang='lat' dir='ltr'>FP.</span> 
     </span>
    </p>
   </div>
   <div class='ocr_carea' id='block_1_10' title="bbox 304 325 1047 792">
    <p class='ocr_par' dir='ltr' id='par_1_10' title="bbox 305 325 1047 675">
     <span class='ocr_line' id='line_1_14' title="bbox 306 325 1045 369; baseline -0.001 -11"><span class='ocrx_word' id='word_1_30' title='bbox 306 325 598 359; x_wconf 71' lang='lat' dir='ltr'>communicationis</span> <span class='ocrx_word' id='word_1_31' title='bbox 623 326 702 358; x_wconf 86' lang='lat' dir='ltr'>latae</span> <span class='ocrx_word' id='word_1_32' title='bbox 728 325 897 358; x_wconf 84' lang='lat' dir='ltr'>sententiae</span> <span class='ocrx_word' id='word_1_33' title='bbox 922 327 1023 369; x_wconf 79' lang='lat' dir='ltr'>poena</span> <span class='ocrx_word' id='word_1_34' title='bbox 1038 352 1045 362; x_wconf 81' lang='grc'>,</span> 
     </span>
     <span class='ocr_line' id='line_1_15' title="bbox 305 376 1047 422; baseline -0.001 -11"><span class='ocrx_word' id='word_1_35' title='bbox 305 390 322 411; x_wconf 90' lang='lat' dir='ltr'>a</span> <span class='ocrx_word' id='word_1_36' title='bbox 347 389 408 422; x_wconf 90' lang='lat' dir='ltr'>qua</span> <span class='ocrx_word' id='word_1_37' title='bbox 432 376 559 411; x_wconf 89' lang='lat' dir='ltr'>nonnisi</span> <span class='ocrx_word' id='word_1_38' title='bbox 581 390 597 410; x_wconf 88' lang='lat' dir='ltr'>a</span> <span class='ocrx_word' id='word_1_39' title='bbox 622 378 722 415; x_wconf 75' lang='lat' dir='ltr'>nobis,</span> <span class='ocrx_word' id='word_1_40' title='bbox 744 389 797 411; x_wconf 80' lang='lat' dir='ltr'>scu</span> <span class='ocrx_word' id='word_1_41' title='bbox 815 379 955 411; x_wconf 82' lang='lat' dir='ltr'>Romano</span> <span class='ocrx_word' id='word_1_42' title='bbox 972 378 1047 411; x_wconf 84' lang='lat' dir='ltr'>Pon-</span> 
     </span>
     <span class='ocr_line' id='line_1_16' title="bbox 307 430 1045 474; baseline -0.001 -11"><span class='ocrx_word' id='word_1_43' title='bbox 307 430 387 464; x_wconf 79' lang='lat' dir='ltr'>tifice</span> <span class='ocrx_word' id='word_1_44' title='bbox 403 441 461 474; x_wconf 85' lang='lat' dir='ltr'>pro</span> <span class='ocrx_word' id='word_1_45' title='bbox 479 435 619 474; x_wconf 80' lang='lat' dir='ltr'>tempore</span> <span class='ocrx_word' id='word_1_46' title='bbox 638 431 798 469; x_wconf 74' lang='lat' dir='ltr'>existente,</span> <span class='ocrx_word' id='word_1_47' title='bbox 824 435 1045 474; x_wconf 69' lang='lat' dir='ltr'>przwterquam</span> 
     </span>
     <span class='ocr_line' id='line_1_17' title="bbox 306 483 1047 527; baseline -0.001 -11"><span class='ocrx_word' id='word_1_48' title='bbox 306 483 336 516; x_wconf 92' lang='lat' dir='ltr'>in</span> <span class='ocrx_word' id='word_1_49' title='bbox 362 483 472 517; x_wconf 89' lang='lat' dir='ltr'>mortis</span> <span class='ocrx_word' id='word_1_50' title='bbox 489 483 632 523; x_wconf 79' lang='lat' dir='ltr'>articulo,</span> <span class='ocrx_word' id='word_1_51' title='bbox 647 483 765 515; x_wconf 68' lang='lat' dir='ltr'>absolvi</span> <span class='ocrx_word' id='word_1_52' title='bbox 781 483 915 527; x_wconf 77' lang='lat' dir='ltr'>possint,</span> <span class='ocrx_word' id='word_1_53' title='bbox 929 493 967 514; x_wconf 84' lang='lat' dir='ltr'>ne</span> <span class='ocrx_word' id='word_1_54' title='bbox 985 493 1047 515; x_wconf 91' lang='lat' dir='ltr'>mo-</span> 
     </span>
     <span class='ocr_line' id='line_1_18' title="bbox 305 535 1046 580; baseline -0.001 -11"><span class='ocrx_word' id='word_1_55' title='bbox 305 536 443 569; x_wconf 88' lang='lat' dir='ltr'>nasteria</span> <span class='ocrx_word' id='word_1_56' title='bbox 469 536 628 580; x_wconf 86' lang='lat' dir='ltr'>praedicta</span> <span class='ocrx_word' id='word_1_57' title='bbox 658 540 820 580; x_wconf 81' lang='lat' dir='ltr'>praetextu</span> <span class='ocrx_word' id='word_1_58' title='bbox 849 535 1046 568; x_wconf 88' lang='lat' dir='ltr'>licentiarum</span> 
     </span>
     <span class='ocr_line' id='line_1_19' title="bbox 306 589 1042 632; baseline -0.003 -10"><span class='ocrx_word' id='word_1_59' title='bbox 306 589 485 628; x_wconf 84' lang='lat' dir='ltr'>huiusmodi</span> <span class='ocrx_word' id='word_1_60' title='bbox 511 589 633 632; x_wconf 78' lang='lat' dir='ltr'>ingredi</span> <span class='ocrx_word' id='word_1_61' title='bbox 658 589 806 628; x_wconf 83' lang='lat' dir='ltr'>audeant,</span> <span class='ocrx_word' id='word_1_62' title='bbox 831 600 886 621; x_wconf 88' lang='lat' dir='ltr'>seu</span> <span class='ocrx_word' id='word_1_63' title='bbox 910 598 1042 632; x_wconf 82' lang='lat' dir='ltr'>praesu-</span> 
     </span>
     <span class='ocr_line' id='line_1_20' title="bbox 305 647 401 675; baseline -0.01 0"><span class='ocrx_word' id='word_1_64' title='bbox 305 647 401 675; x_wconf 87' lang='lat' dir='ltr'>mant.</span> 
     </span>
    </p>

    <p class='ocr_par' dir='ltr' id='par_1_11' title="bbox 304 693 1046 792">
     <span class='ocr_line' id='line_1_21' title="bbox 350 693 1046 739; baseline -0.004 -11"><span class='ocrx_word' id='word_1_65' title='bbox 350 695 364 738; x_wconf 65' lang='grc' dir='ltr'><strong>ἓ</strong></span> <span class='ocrx_word' id='word_1_66' title='bbox 388 694 417 728; x_wconf 82' lang='lat'>3.</span> <span class='ocrx_word' id='word_1_67' title='bbox 444 695 589 739; x_wconf 89' lang='lat' dir='ltr'>Ipsorum</span> <span class='ocrx_word' id='word_1_68' title='bbox 615 705 688 728; x_wconf 76' lang='lat' dir='ltr'>vero</span> <span class='ocrx_word' id='word_1_69' title='bbox 707 693 972 728; x_wconf 88' lang='lat' dir='ltr'>monasteriorum</span> <span class='ocrx_word' id='word_1_70' title='bbox 990 694 1046 726; x_wconf 87' lang='lat' dir='ltr'>ab·</span> 
     </span>
     <span class='ocr_line' id='line_1_22' title="bbox 304 746 1045 792; baseline -0.004 -11"><span class='ocrx_word' id='word_1_71' title='bbox 304 748 444 789; x_wconf 68' lang='lat' dir='ltr'>bassssis,</span> <span class='ocrx_word' id='word_1_72' title='bbox 469 759 525 781; x_wconf 90' lang='lat' dir='ltr'>seu</span> <span class='ocrx_word' id='word_1_73' title='bbox 548 748 726 792; x_wconf 89' lang='lat' dir='ltr'>priorissis,</span> <span class='ocrx_word' id='word_1_74' title='bbox 751 758 787 781; x_wconf 89' lang='lat' dir='ltr'>ac</span> <span class='ocrx_word' id='word_1_75' title='bbox 811 746 1045 791; x_wconf 82' lang='lat' dir='ltr'>superioribus,</span> 
     </span>
    </p>
   </div>
   <div class='ocr_carea' id='block_1_11' title="bbox 305 798 1048 844">
    <p class='ocr_par' dir='ltr' id='par_1_12' title="bbox 305 798 1048 844">
     <span class='ocr_line' id='line_1_23' title="bbox 305 798 1048 844; baseline -0.004 -10"><span class='ocrx_word' id='word_1_76' title='bbox 305 801 363 834; x_wconf 88' lang='lat' dir='ltr'>sub</span> <span class='ocrx_word' id='word_1_77' title='bbox 386 800 508 841; x_wconf 77' lang='lat' dir='ltr'>eadem,</span> <span class='ocrx_word' id='word_1_78' title='bbox 526 812 562 833; x_wconf 90' lang='lat' dir='ltr'>ac</span> <span class='ocrx_word' id='word_1_79' title='bbox 580 800 764 844; x_wconf 74' lang='lat' dir='ltr'>privationis</span> <span class='ocrx_word' id='word_1_80' title='bbox 785 810 914 833; x_wconf 89' lang='lat' dir='ltr'>suorum</span> <span class='ocrx_word' id='word_1_81' title='bbox 931 798 1048 832; x_wconf 81' lang='lat' dir='ltr'>officio—</span> 
     </span>
    </p>
   </div>
   <div class='ocr_carea' id='block_1_12' title="bbox 273 851 1047 2710">
    <p class='ocr_par' dir='ltr' id='par_1_13' title="bbox 304 851 1047 1150">
     <span class='ocr_line' id='line_1_24' title="bbox 304 851 1046 897; baseline -0.005 -11"><span class='ocrx_word' id='word_1_82' title='bbox 304 863 376 886; x_wconf 90' lang='lat' dir='ltr'>rum</span> <span class='ocrx_word' id='word_1_83' title='bbox 402 863 483 897; x_wconf 89' lang='lat' dir='ltr'>quae</span> <span class='ocrx_word' id='word_1_84' title='bbox 500 853 650 894; x_wconf 81' lang='lat' dir='ltr'>obtinent,</span> <span class='ocrx_word' id='word_1_85' title='bbox 668 858 698 886; x_wconf 88' lang='lat' dir='ltr'>et</span> <span class='ocrx_word' id='word_1_86' title='bbox 718 851 921 885; x_wconf 74' lang='lat' dir='ltr'>inhabilitatis</span> <span class='ocrx_word' id='word_1_87' title='bbox 939 851 977 883; x_wconf 87' lang='lat' dir='ltr'>ad</span> <span class='ocrx_word' id='word_1_88' title='bbox 994 851 1046 883; x_wconf 85' lang='lat' dir='ltr'>illa</span> 
     </span>
     <span class='ocr_line' id='line_1_25' title="bbox 305 904 1045 950; baseline -0.004 -11"><span class='ocrx_word' id='word_1_89' title='bbox 305 906 336 939; x_wconf 91' lang='lat' dir='ltr'>in</span> <span class='ocrx_word' id='word_1_90' title='bbox 354 910 517 950; x_wconf 88' lang='lat' dir='ltr'>posterum</span> <span class='ocrx_word' id='word_1_91' title='bbox 530 905 708 946; x_wconf 86' lang='lat' dir='ltr'>obtinenda,</span> <span class='ocrx_word' id='word_1_92' title='bbox 726 906 795 949; x_wconf 89' lang='lat' dir='ltr'>ipso</span> <span class='ocrx_word' id='word_1_93' title='bbox 809 906 890 938; x_wconf 84' lang='lat' dir='ltr'>facto</span> <span class='ocrx_word' id='word_1_94' title='bbox 907 904 971 937; x_wconf 90' lang='lat' dir='ltr'>sine</span> <span class='ocrx_word' id='word_1_95' title='bbox 985 904 1045 936; x_wconf 79' lang='lat' dir='ltr'>alia</span> 
     </span>
     <span class='ocr_line' id='line_1_26' title="bbox 305 957 1047 1002; baseline -0.004 -10"><span class='ocrx_word' id='word_1_96' title='bbox 305 959 517 993; x_wconf 79' lang='lat' dir='ltr'>declaratione</span> <span class='ocrx_word' id='word_1_97' title='bbox 532 959 729 992; x_wconf 77' lang='lat' dir='ltr'>incurrendis</span> <span class='ocrx_word' id='word_1_98' title='bbox 741 958 862 1002; x_wconf 86' lang='lat' dir='ltr'>poenis,</span> <span class='ocrx_word' id='word_1_99' title='bbox 879 968 917 990; x_wconf 90' lang='lat' dir='ltr'>nc</span> <span class='ocrx_word' id='word_1_100' title='bbox 935 967 987 990; x_wconf 91' lang='lat' dir='ltr'>cas</span> <span class='ocrx_word' id='word_1_101' title='bbox 1004 957 1047 989; x_wconf 89' lang='lat' dir='ltr'>in-</span> 
     </span>
     <span class='ocr_line' id='line_1_27' title="bbox 304 1010 1047 1053; baseline -0.003 -9"><span class='ocrx_word' id='word_1_102' title='bbox 304 1011 481 1053; x_wconf 85' lang='lat' dir='ltr'>troducere,</span> <span class='ocrx_word' id='word_1_103' title='bbox 495 1022 551 1045; x_wconf 89' lang='lat' dir='ltr'>seu</span> <span class='ocrx_word' id='word_1_104' title='bbox 564 1011 739 1052; x_wconf 73' lang='lat' dir='ltr'>admittere,</span> <span class='ocrx_word' id='word_1_105' title='bbox 751 1011 798 1043; x_wconf 76' lang='lat' dir='ltr'>vel</span> <span class='ocrx_word' id='word_1_106' title='bbox 812 1010 963 1043; x_wconf 88' lang='lat' dir='ltr'>admissas</span> <span class='ocrx_word' id='word_1_107' title='bbox 972 1020 1047 1053; x_wconf 90' lang='lat' dir='ltr'>quo-</span> 
     </span>
     <span class='ocr_line' id='line_1_28' title="bbox 304 1064 1046 1108; baseline -0.005 -10"><span class='ocrx_word' id='word_1_108' title='bbox 304 1075 366 1108; x_wconf 87' lang='lat' dir='ltr'>quo</span> <span class='ocrx_word' id='word_1_109' title='bbox 391 1064 484 1098; x_wconf 91' lang='lat' dir='ltr'>modo</span> <span class='ocrx_word' id='word_1_110' title='bbox 509 1065 645 1098; x_wconf 89' lang='lat' dir='ltr'>retinere</span> <span class='ocrx_word' id='word_1_111' title='bbox 671 1064 814 1104; x_wconf 82' lang='lat' dir='ltr'>audeant,</span> <span class='ocrx_word' id='word_1_112' title='bbox 840 1074 894 1096; x_wconf 90' lang='lat' dir='ltr'>seu</span> <span class='ocrx_word' id='word_1_113' title='bbox 919 1072 1046 1106; x_wconf 88' lang='lat' dir='ltr'>praesu-</span> 
     </span>
     <span class='ocr_line' id='line_1_29' title="bbox 304 1121 398 1150; baseline 0.021 -2"><span class='ocrx_word' id='word_1_114' title='bbox 304 1121 398 1150; x_wconf 86' lang='lat' dir='ltr'>mant.</span> 
     </span>
    </p>

    <p class='ocr_par' dir='ltr' id='par_1_14' title="bbox 301 1167 1045 1853">
     <span class='ocr_line' id='line_1_30' title="bbox 347 1167 1045 1213; baseline -0.006 -10"><span class='ocrx_word' id='word_1_115' title='bbox 347 1170 363 1213; x_wconf 65' lang='grc' dir='ltr'><strong>ἓ</strong></span> <span class='ocrx_word' id='word_1_116' title='bbox 385 1169 415 1202; x_wconf 78' lang='grc'>4.</span> <span class='ocrx_word' id='word_1_117' title='bbox 445 1169 597 1209; x_wconf 81' lang='lat' dir='ltr'>Quocirca</span> <span class='ocrx_word' id='word_1_118' title='bbox 627 1169 748 1202; x_wconf 86' lang='lat' dir='ltr'>dilectis</span> <span class='ocrx_word' id='word_1_119' title='bbox 778 1168 851 1201; x_wconf 85' lang='lat' dir='ltr'>filiis</span> <span class='ocrx_word' id='word_1_120' title='bbox 875 1167 991 1201; x_wconf 91' lang='lat' dir='ltr'>nostris</span> <span class='ocrx_word' id='word_1_121' title='bbox 1015 1171 1045 1200; x_wconf 86' lang='lat' dir='ltr'>et</span> 
     </span>
     <span class='ocr_line' id='line_1_31' title="bbox 303 1220 1041 1266; baseline -0.003 -11"><span class='ocrx_word' id='word_1_122' title='bbox 303 1222 501 1266; x_wconf 84' lang='lat' dir='ltr'>Apostolicae</span> <span class='ocrx_word' id='word_1_123' title='bbox 519 1222 607 1256; x_wconf 87' lang='lat' dir='ltr'>Sedis</span> <span class='ocrx_word' id='word_1_124' title='bbox 631 1233 688 1266; x_wconf 93' lang='lat' dir='ltr'>pro</span> <span class='ocrx_word' id='word_1_125' title='bbox 710 1227 852 1266; x_wconf 86' lang='lat' dir='ltr'>tempore</span> <span class='ocrx_word' id='word_1_126' title='bbox 878 1220 1041 1254; x_wconf 88' lang='lat' dir='ltr'>existenti-</span> 
     </span>
     <span class='ocr_line' id='line_1_32' title="bbox 303 1275 1043 1317; baseline -0.001 -9"><span class='ocrx_word' id='word_1_127' title='bbox 303 1275 362 1308; x_wconf 88' lang='lat' dir='ltr'>bus</span> <span class='ocrx_word' id='word_1_128' title='bbox 378 1275 500 1309; x_wconf 87' lang='lat' dir='ltr'>nunciis</span> <span class='ocrx_word' id='word_1_129' title='bbox 512 1303 519 1317; x_wconf 90' lang='lat'>‚</span> <span class='ocrx_word' id='word_1_130' title='bbox 541 1287 577 1309; x_wconf 84' lang='lat' dir='ltr'>ae</span> <span class='ocrx_word' id='word_1_131' title='bbox 608 1277 751 1309; x_wconf 87' lang='lat' dir='ltr'>locorum</span> <span class='ocrx_word' id='word_1_132' title='bbox 768 1276 950 1315; x_wconf 83' lang='lat' dir='ltr'>Ordina1·iis‚</span> <span class='ocrx_word' id='word_1_133' title='bbox 972 1286 1043 1307; x_wconf 85' lang='lat' dir='ltr'>nec-</span> 
     </span>
     <span class='ocr_line' id='line_1_33' title="bbox 303 1329 1042 1373; baseline 0 -11"><span class='ocrx_word' id='word_1_134' title='bbox 303 1339 367 1363; x_wconf 90' lang='lat' dir='ltr'>non</span> <span class='ocrx_word' id='word_1_135' title='bbox 383 1329 540 1363; x_wconf 90' lang='lat' dir='ltr'>dictorum</span> <span class='ocrx_word' id='word_1_136' title='bbox 561 1331 826 1363; x_wconf 75' lang='lat' dir='ltr'>monasteriorum</span> <span class='ocrx_word' id='word_1_137' title='bbox 850 1330 998 1373; x_wconf 84' lang='lat' dir='ltr'>praelatis</span> <span class='ocrx_word' id='word_1_138' title='bbox 1015 1335 1042 1362; x_wconf 88' lang='lat' dir='ltr'>et</span> 
     </span>
     <span class='ocr_line' id='line_1_34' title="bbox 305 1384 1042 1428; baseline 0.001 -12"><span class='ocrx_word' id='word_1_139' title='bbox 305 1384 522 1428; x_wconf 88' lang='lat' dir='ltr'>superioribus</span> <span class='ocrx_word' id='word_1_140' title='bbox 552 1385 764 1428; x_wconf 85' lang='lat' dir='ltr'>praecipimus</span> <span class='ocrx_word' id='word_1_141' title='bbox 789 1390 818 1417; x_wconf 88' lang='lat' dir='ltr'>et</span> <span class='ocrx_word' id='word_1_142' title='bbox 843 1384 1042 1425; x_wconf 86' lang='lat' dir='ltr'>mandamus,</span> 
     </span>
     <span class='ocr_line' id='line_1_35' title="bbox 303 1438 1042 1483; baseline 0.004 -13"><span class='ocrx_word' id='word_1_143' title='bbox 303 1443 456 1482; x_wconf 88' lang='lat' dir='ltr'>quatenus</span> <span class='ocrx_word' id='word_1_144' title='bbox 485 1442 666 1482; x_wconf 81' lang='lat' dir='ltr'>praesentes</span> <span class='ocrx_word' id='word_1_145' title='bbox 690 1438 810 1471; x_wconf 84' lang='lat' dir='ltr'>litteras</span> <span class='ocrx_word' id='word_1_146' title='bbox 838 1439 993 1483; x_wconf 85' lang='lat' dir='ltr'>publicari</span> <span class='ocrx_word' id='word_1_147' title='bbox 1014 1446 1042 1473; x_wconf 91' lang='lat' dir='ltr'>et</span> 
     </span>
     <span class='ocr_line' id='line_1_36' title="bbox 304 1491 1045 1537; baseline 0.004 -14"><span class='ocrx_word' id='word_1_148' title='bbox 304 1491 478 1534; x_wconf 85' lang='lat' dir='ltr'>praemissa</span> <span class='ocrx_word' id='word_1_149' title='bbox 503 1491 610 1524; x_wconf 83' lang='lat' dir='ltr'>onmia</span> <span class='ocrx_word' id='word_1_150' title='bbox 633 1491 793 1537; x_wconf 73' lang='lat' dir='ltr'>observari</span> <span class='ocrx_word' id='word_1_151' title='bbox 813 1492 948 1532; x_wconf 53' lang='lat' dir='ltr'>saeianu</span> <span class='ocrx_word' id='word_1_152' title='bbox 974 1504 1045 1526; x_wconf 87' lang='lat' dir='ltr'>con-</span> 
     </span>
     <span class='ocr_line' id='line_1_37' title="bbox 303 1545 1043 1590; baseline 0.005 -13"><span class='ocrx_word' id='word_1_153' title='bbox 303 1545 490 1579; x_wconf 87' lang='lat' dir='ltr'>tradictores</span> <span class='ocrx_word' id='word_1_154' title='bbox 515 1546 688 1590; x_wconf 88' lang='lat' dir='ltr'>quoslibet,</span> <span class='ocrx_word' id='word_1_155' title='bbox 713 1556 749 1578; x_wconf 86' lang='lat' dir='ltr'>ac</span> <span class='ocrx_word' id='word_1_156' title='bbox 774 1547 956 1590; x_wconf 81' lang='lat' dir='ltr'>praemissis</span> <span class='ocrx_word' id='word_1_157' title='bbox 981 1558 1043 1581; x_wconf 89' lang='lat' dir='ltr'>non</span> 
     </span>
     <span class='ocr_line' id='line_1_38' title="bbox 302 1598 1043 1643; baseline 0.003 -12"><span class='ocrx_word' id='word_1_158' title='bbox 302 1604 458 1643; x_wconf 84' lang='lat' dir='ltr'>parentes,</span> <span class='ocrx_word' id='word_1_159' title='bbox 471 1609 529 1642; x_wconf 90' lang='lat' dir='ltr'>per</span> <span class='ocrx_word' id='word_1_160' title='bbox 541 1598 718 1642; x_wconf 85' lang='lat' dir='ltr'>praedictas</span> <span class='ocrx_word' id='word_1_161' title='bbox 731 1603 760 1632; x_wconf 87' lang='lat' dir='ltr'>et</span> <span class='ocrx_word' id='word_1_162' title='bbox 775 1599 851 1632; x_wconf 85' lang='lat' dir='ltr'>alias</span> <span class='ocrx_word' id='word_1_163' title='bbox 865 1601 1043 1642; x_wconf 76' lang='lat' dir='ltr'>sententias,</span> 
     </span>
     <span class='ocr_line' id='line_1_39' title="bbox 303 1652 1042 1696; baseline 0.003 -11"><span class='ocrx_word' id='word_1_164' title='bbox 303 1662 451 1686; x_wconf 87' lang='lat' dir='ltr'>censuras</span> <span class='ocrx_word' id='word_1_165' title='bbox 475 1657 503 1685; x_wconf 87' lang='lat' dir='ltr'>et</span> <span class='ocrx_word' id='word_1_166' title='bbox 529 1662 657 1696; x_wconf 88' lang='lat' dir='ltr'>poenas,</span> <span class='ocrx_word' id='word_1_167' title='bbox 682 1652 804 1696; x_wconf 81' lang='lat' dir='ltr'>aliaque</span> <span class='ocrx_word' id='word_1_168' title='bbox 831 1653 907 1685; x_wconf 81' lang='lat' dir='ltr'>iuris</span> <span class='ocrx_word' id='word_1_169' title='bbox 925 1658 952 1685; x_wconf 88' lang='lat' dir='ltr'>et</span> <span class='ocrx_word' id='word_1_170' title='bbox 973 1655 1042 1687; x_wconf 86' lang='lat' dir='ltr'>facti</span> 
     </span>
     <span class='ocr_line' id='line_1_40' title="bbox 301 1705 1044 1750; baseline 0.004 -13"><span class='ocrx_word' id='word_1_171' title='bbox 301 1705 441 1738; x_wconf 87' lang='lat' dir='ltr'>remedia</span> <span class='ocrx_word' id='word_1_172' title='bbox 464 1710 659 1749; x_wconf 79' lang='lat' dir='ltr'>opportuna,</span> <span class='ocrx_word' id='word_1_173' title='bbox 685 1706 894 1749; x_wconf 83' lang='lat' dir='ltr'>appellatione</span> <span class='ocrx_word' id='word_1_174' title='bbox 919 1712 1044 1750; x_wconf 87' lang='lat' dir='ltr'>postpo-</span> 
     </span>
     <span class='ocr_line' id='line_1_41' title="bbox 303 1758 1043 1804; baseline 0.003 -13"><span class='ocrx_word' id='word_1_175' title='bbox 303 1759 371 1799; x_wconf 80' lang='lat' dir='ltr'>sita,</span> <span class='ocrx_word' id='word_1_176' title='bbox 383 1758 621 1803; x_wconf 87' lang='lat' dir='ltr'>compescendo,</span> <span class='ocrx_word' id='word_1_177' title='bbox 633 1759 777 1792; x_wconf 83' lang='lat' dir='ltr'>invocato</span> <span class='ocrx_word' id='word_1_178' title='bbox 797 1760 900 1801; x_wconf 84' lang='lat' dir='ltr'>etiam,</span> <span class='ocrx_word' id='word_1_179' title='bbox 921 1761 945 1792; x_wconf 91' lang='lat' dir='ltr'>si</span> <span class='ocrx_word' id='word_1_180' title='bbox 964 1771 1043 1804; x_wconf 90' lang='lat' dir='ltr'>opus</span> 
     </span>
     <span class='ocr_line' id='line_1_42' title="bbox 301 1812 875 1853; baseline 0.003 -9"><span class='ocrx_word' id='word_1_181' title='bbox 301 1812 405 1853; x_wconf 89' lang='lat' dir='ltr'>suerit,</span> <span class='ocrx_word' id='word_1_182' title='bbox 430 1812 545 1845; x_wconf 81' lang='lat' dir='ltr'>auxilio</span> <span class='ocrx_word' id='word_1_183' title='bbox 569 1812 690 1845; x_wconf 88' lang='lat' dir='ltr'>brachii</span> <span class='ocrx_word' id='word_1_184' title='bbox 715 1813 875 1846; x_wconf 87' lang='lat' dir='ltr'>secularis.</span> 
     </span>
    </p>

    <p class='ocr_par' dir='ltr' id='par_1_15' title="bbox 273 1865 1044 2070">
     <span class='ocr_line' id='line_1_43' title="bbox 346 1865 1044 1911; baseline 0.003 -13"><span class='ocrx_word' id='word_1_185' title='bbox 346 1866 361 1909; x_wconf 61' lang='grc' dir='ltr'><strong>ἓ</strong></span> <span class='ocrx_word' id='word_1_186' title='bbox 379 1865 407 1899; x_wconf 86' lang='grc'>5.</span> <span class='ocrx_word' id='word_1_187' title='bbox 424 1866 493 1899; x_wconf 86' lang='lat' dir='ltr'>Non</span> <span class='ocrx_word' id='word_1_188' title='bbox 506 1866 703 1899; x_wconf 82' lang='lat' dir='ltr'>obstantibus</span> <span class='ocrx_word' id='word_1_189' title='bbox 717 1866 911 1910; x_wconf 86' lang='lat' dir='ltr'>praemissis,</span> <span class='ocrx_word' id='word_1_190' title='bbox 924 1878 960 1900; x_wconf 87' lang='lat' dir='ltr'>ac</span> <span class='ocrx_word' id='word_1_191' title='bbox 977 1867 1044 1911; x_wconf 89' lang='lat' dir='ltr'>qui-</span> 
     </span>
     <span class='ocr_line' id='line_1_44' title="bbox 301 1919 1043 1954; baseline 0.001 -2"><span class='ocrx_word' id='word_1_192' title='bbox 301 1919 408 1952; x_wconf 91' lang='lat' dir='ltr'>busvis</span> <span class='ocrx_word' id='word_1_193' title='bbox 432 1919 706 1952; x_wconf 83' lang='lat' dir='ltr'>constitutionibus</span> <span class='ocrx_word' id='word_1_194' title='bbox 735 1925 763 1952; x_wconf 89' lang='lat' dir='ltr'>et</span> <span class='ocrx_word' id='word_1_195' title='bbox 794 1920 1043 1954; x_wconf 85' lang='lat' dir='ltr'>ordinationibus</span> 
     </span>
     <span class='ocr_line' id='line_1_45' title="bbox 273 1972 1042 2017; baseline 0.004 -13"><span class='ocrx_word' id='word_1_196' title='bbox 273 1993 283 2003; x_wconf 85' lang='lat'><strong><em>.</em></strong></span> <span class='ocrx_word' id='word_1_197' title='bbox 302 1972 496 2017; x_wconf 85' lang='lat' dir='ltr'>apostolicis,</span> <span class='ocrx_word' id='word_1_198' title='bbox 521 1973 695 2017; x_wconf 86' lang='lat' dir='ltr'>ceterisque</span> <span class='ocrx_word' id='word_1_199' title='bbox 721 1973 888 2007; x_wconf 79' lang='lat' dir='ltr'>contrariis</span> <span class='ocrx_word' id='word_1_200' title='bbox 913 1974 1042 2017; x_wconf 87' lang='lat' dir='ltr'>quibus-</span> 
     </span>
     <span class='ocr_line' id='line_1_46' title="bbox 303 2037 447 2070; baseline 0 -11"><span class='ocrx_word' id='word_1_201' title='bbox 303 2037 447 2070; x_wconf 88' lang='lat' dir='ltr'>eumque.</span> 
     </span>
    </p>

    <p class='ocr_par' dir='ltr' id='par_1_16' title="bbox 301 2079 1044 2485">
     <span class='ocr_line' id='line_1_47' title="bbox 347 2079 1042 2121; baseline 0.001 -9"><span class='ocrx_word' id='word_1_202' title='bbox 347 2080 362 2121; x_wconf 62' lang='grc' dir='ltr'><strong>ἓ</strong></span> <span class='ocrx_word' id='word_1_203' title='bbox 385 2079 415 2112; x_wconf 86' lang='grc'>6.</span> <span class='ocrx_word' id='word_1_204' title='bbox 439 2079 516 2117; x_wconf 85' lang='lat' dir='ltr'>Quia</span> <span class='ocrx_word' id='word_1_205' title='bbox 540 2089 615 2112; x_wconf 79' lang='lat' dir='ltr'>vero</span> <span class='ocrx_word' id='word_1_206' title='bbox 639 2079 764 2113; x_wconf 80' lang='lat' dir='ltr'>difficile</span> <span class='ocrx_word' id='word_1_207' title='bbox 781 2081 870 2120; x_wconf 79' lang='lat' dir='ltr'>soret,</span> <span class='ocrx_word' id='word_1_208' title='bbox 889 2081 943 2113; x_wconf 86' lang='lat' dir='ltr'>lias</span> <span class='ocrx_word' id='word_1_209' title='bbox 960 2081 1042 2113; x_wconf 85' lang='lat' dir='ltr'>litte-</span> 
     </span>
     <span class='ocr_line' id='line_1_48' title="bbox 303 2131 1042 2177; baseline 0.004 -14"><span class='ocrx_word' id='word_1_210' title='bbox 303 2142 354 2164; x_wconf 87' lang='lat' dir='ltr'>ras</span> <span class='ocrx_word' id='word_1_211' title='bbox 377 2131 415 2164; x_wconf 92' lang='lat' dir='ltr'>ad</span> <span class='ocrx_word' id='word_1_212' title='bbox 439 2132 544 2164; x_wconf 91' lang='lat' dir='ltr'>omnia</span> <span class='ocrx_word' id='word_1_213' title='bbox 561 2132 630 2165; x_wconf 88' lang='lat' dir='ltr'>loca</span> <span class='ocrx_word' id='word_1_214' title='bbox 646 2132 779 2173; x_wconf 81' lang='lat' dir='ltr'>deferri,</span> <span class='ocrx_word' id='word_1_215' title='bbox 798 2134 942 2166; x_wconf 83' lang='lat' dir='ltr'>volumus</span> <span class='ocrx_word' id='word_1_216' title='bbox 959 2135 1042 2177; x_wconf 86' lang='lat' dir='ltr'>quod</span> 
     </span>
     <span class='ocr_line' id='line_1_49' title="bbox 302 2184 1042 2229; baseline 0.003 -12"><span class='ocrx_word' id='word_1_217' title='bbox 302 2194 412 2217; x_wconf 87' lang='lat' dir='ltr'>earum</span> <span class='ocrx_word' id='word_1_218' title='bbox 430 2184 635 2228; x_wconf 80' lang='lat' dir='ltr'>transumptis</span> <span class='ocrx_word' id='word_1_219' title='bbox 651 2185 744 2217; x_wconf 85' lang='lat' dir='ltr'>etiam</span> <span class='ocrx_word' id='word_1_220' title='bbox 762 2185 936 2229; x_wconf 84' lang='lat' dir='ltr'>impressis,</span> <span class='ocrx_word' id='word_1_221' title='bbox 948 2197 1042 2220; x_wconf 87' lang='lat' dir='ltr'>manu</span> 
     </span>
     <span class='ocr_line' id='line_1_50' title="bbox 302 2237 1044 2282; baseline 0.003 -11"><span class='ocrx_word' id='word_1_222' title='bbox 302 2237 435 2271; x_wconf 88' lang='lat' dir='ltr'>alicuius</span> <span class='ocrx_word' id='word_1_223' title='bbox 458 2238 571 2271; x_wconf 89' lang='lat' dir='ltr'>notarii</span> <span class='ocrx_word' id='word_1_224' title='bbox 597 2238 715 2281; x_wconf 85' lang='lat' dir='ltr'>publici</span> <span class='ocrx_word' id='word_1_225' title='bbox 733 2239 928 2282; x_wconf 82' lang='lat' dir='ltr'>subscriptis,</span> <span class='ocrx_word' id='word_1_226' title='bbox 952 2250 987 2272; x_wconf 89' lang='lat' dir='ltr'>ac</span> <span class='ocrx_word' id='word_1_227' title='bbox 1005 2241 1044 2273; x_wconf 90' lang='lat' dir='ltr'>si-</span> 
     </span>
     <span class='ocr_line' id='line_1_51' title="bbox 301 2291 1044 2334; baseline 0.001 -10"><span class='ocrx_word' id='word_1_228' title='bbox 301 2291 376 2334; x_wconf 85' lang='lat' dir='ltr'>gillo</span> <span class='ocrx_word' id='word_1_229' title='bbox 401 2291 533 2324; x_wconf 88' lang='lat' dir='ltr'>alicuius</span> <span class='ocrx_word' id='word_1_230' title='bbox 556 2301 708 2334; x_wconf 81' lang='lat' dir='ltr'>personae</span> <span class='ocrx_word' id='word_1_231' title='bbox 730 2291 761 2323; x_wconf 91' lang='lat' dir='ltr'>in</span> <span class='ocrx_word' id='word_1_232' title='bbox 781 2291 930 2334; x_wconf 76' lang='lat' dir='ltr'>dignitate</span> <span class='ocrx_word' id='word_1_233' title='bbox 947 2293 1044 2325; x_wconf 87' lang='lat' dir='ltr'>ecclc-</span> 
     </span>
     <span class='ocr_line' id='line_1_52' title="bbox 301 2344 1043 2389; baseline 0.003 -12"><span class='ocrx_word' id='word_1_234' title='bbox 301 2344 425 2378; x_wconf 78' lang='lat' dir='ltr'>siastica</span> <span class='ocrx_word' id='word_1_235' title='bbox 451 2344 637 2377; x_wconf 79' lang='lat' dir='ltr'>constitutae</span> <span class='ocrx_word' id='word_1_236' title='bbox 662 2344 800 2384; x_wconf 87' lang='lat' dir='ltr'>munitis,</span> <span class='ocrx_word' id='word_1_237' title='bbox 825 2345 934 2377; x_wconf 88' lang='lat' dir='ltr'>eadem</span> <span class='ocrx_word' id='word_1_238' title='bbox 955 2357 1043 2389; x_wconf 90' lang='lat' dir='ltr'>pror-</span> 
     </span>
     <span class='ocr_line' id='line_1_53' title="bbox 301 2397 1041 2438; baseline 0.001 -7"><span class='ocrx_word' id='word_1_239' title='bbox 301 2408 354 2432; x_wconf 89' lang='lat' dir='ltr'>sus</span> <span class='ocrx_word' id='word_1_240' title='bbox 370 2398 449 2431; x_wconf 85' lang='lat' dir='ltr'>fides</span> <span class='ocrx_word' id='word_1_241' title='bbox 463 2398 660 2438; x_wconf 86' lang='lat' dir='ltr'>adhibeatur,</span> <span class='ocrx_word' id='word_1_242' title='bbox 679 2408 714 2430; x_wconf 91' lang='lat' dir='ltr'>ac</span> <span class='ocrx_word' id='word_1_243' title='bbox 729 2397 753 2429; x_wconf 79' lang='lat' dir='ltr'>si</span> <span class='ocrx_word' id='word_1_244' title='bbox 767 2403 873 2430; x_wconf 87' lang='lat' dir='ltr'>essent</span> <span class='ocrx_word' id='word_1_245' title='bbox 885 2398 1041 2432; x_wconf 81' lang='lat' dir='ltr'>exhibitae</span> 
     </span>
     <span class='ocr_line' id='line_1_54' title="bbox 301 2452 527 2485; baseline 0 -2"><span class='ocrx_word' id='word_1_246' title='bbox 301 2452 349 2485; x_wconf 85' lang='lat' dir='ltr'>vel</span> <span class='ocrx_word' id='word_1_247' title='bbox 374 2456 527 2484; x_wconf 88' lang='lat' dir='ltr'>ostensae.</span> 
     </span>
    </p>

    <p class='ocr_par' dir='ltr' id='par_1_17' title="bbox 301 2505 1040 2656">
     <span class='ocr_line' id='line_1_55' title="bbox 344 2505 1040 2548; baseline 0 -11"><span class='ocrx_word' id='word_1_248' title='bbox 344 2505 457 2538; x_wconf 85' lang='lat' dir='ltr'>Datum</span> <span class='ocrx_word' id='word_1_249' title='bbox 481 2505 599 2538; x_wconf 85' lang='lat' dir='ltr'>Romae</span> <span class='ocrx_word' id='word_1_250' title='bbox 623 2505 706 2548; x_wconf 89' lang='lat' dir='ltr'>apud</span> <span class='ocrx_word' id='word_1_251' title='bbox 731 2508 871 2538; x_wconf 88' lang='lat' dir='ltr'>sanctum</span> <span class='ocrx_word' id='word_1_252' title='bbox 892 2505 1040 2546; x_wconf 79' lang='lat' dir='ltr'>Marcum,</span> 
     </span>
     <span class='ocr_line' id='line_1_56' title="bbox 301 2558 1039 2599; baseline 0.001 -9"><span class='ocrx_word' id='word_1_253' title='bbox 301 2558 359 2591; x_wconf 89' lang='lat' dir='ltr'>sub</span> <span class='ocrx_word' id='word_1_254' title='bbox 384 2558 499 2591; x_wconf 89' lang='lat' dir='ltr'>annulo</span> <span class='ocrx_word' id='word_1_255' title='bbox 524 2558 701 2598; x_wconf 86' lang='lat' dir='ltr'>Piscatoris,</span> <span class='ocrx_word' id='word_1_256' title='bbox 726 2558 776 2590; x_wconf 90' lang='lat' dir='ltr'>die</span> <span class='ocrx_word' id='word_1_257' title='bbox 802 2568 821 2590; x_wconf 83' lang='lat' dir='ltr'>x</span> <span class='ocrx_word' id='word_1_258' title='bbox 838 2558 904 2590; x_wconf 91' lang='lat' dir='ltr'>iulii</span> <span class='ocrx_word' id='word_1_259' title='bbox 922 2568 1039 2599; x_wconf 72' lang='lat' dir='ltr'>Mncm,</span> 
     </span>
     <span class='ocr_line' id='line_1_57' title="bbox 301 2611 796 2656; baseline 0.002 -13"><span class='ocrx_word' id='word_1_260' title='bbox 301 2611 502 2656; x_wconf 84' lang='lat' dir='ltr'>pontificatus</span> <span class='ocrx_word' id='word_1_261' title='bbox 518 2611 617 2644; x_wconf 88' lang='lat' dir='ltr'>nostri</span> <span class='ocrx_word' id='word_1_262' title='bbox 634 2621 715 2644; x_wconf 87' lang='lat' dir='ltr'>anno</span> <span class='ocrx_word' id='word_1_263' title='bbox 732 2621 796 2644; x_wconf 82' lang='lat' dir='ltr'>vui.</span> 
     </span>
    </p>

    <p class='ocr_par' dir='ltr' id='par_1_18' title="bbox 336 2674 914 2710">
     <span class='ocr_line' id='line_1_58' title="bbox 336 2674 914 2710; baseline 0.003 -9"><span class='ocrx_word' id='word_1_264' title='bbox 336 2674 396 2703; x_wconf 85' lang='lat' dir='ltr'>Dat.</span> <span class='ocrx_word' id='word_1_265' title='bbox 412 2674 455 2702; x_wconf 82' lang='lat' dir='ltr'>die</span> <span class='ocrx_word' id='word_1_266' title='bbox 472 2675 506 2702; x_wconf 73' lang='lat'>10</span> <span class='ocrx_word' id='word_1_267' title='bbox 520 2674 578 2702; x_wconf 89' lang='lat' dir='ltr'>iulii</span> <span class='ocrx_word' id='word_1_268' title='bbox 594 2674 671 2709; x_wconf 68' lang='lat'>¹612,</span> <span class='ocrx_word' id='word_1_269' title='bbox 687 2675 783 2710; x_wconf 79' lang='lat' dir='ltr'>pontif.</span> <span class='ocrx_word' id='word_1_270' title='bbox 800 2683 844 2704; x_wconf 85' lang='lat' dir='ltr'>an.</span> <span class='ocrx_word' id='word_1_271' title='bbox 861 2682 914 2703; x_wconf 87' lang='lat' dir='ltr'>vnt.</span> 
     </span>
    </p>
   </div>
   <div class='ocr_carea' id='block_1_13' title="bbox 384 2728 956 2757">
    <p class='ocr_par' dir='ltr' id='par_1_19' title="bbox 384 2728 956 2757">
     <span class='ocr_line' id='line_1_59' title="bbox 384 2728 956 2757; baseline 0 -1"><span class='ocrx_word' id='word_1_272' title='bbox 384 2728 462 2756; x_wconf 88' lang='lat' dir='ltr'><strong><em>Bull.</em></strong></span> <span class='ocrx_word' id='word_1_273' title='bbox 482 2728 566 2756; x_wconf 85' lang='lat' dir='ltr'>Rom.</span> <span class='ocrx_word' id='word_1_274' title='bbox 581 2743 616 2749; x_wconf 94' lang='lat'>--</span> <span class='ocrx_word' id='word_1_275' title='bbox 633 2729 692 2757; x_wconf 86' lang='lat' dir='ltr'>Vol.</span> <span class='ocrx_word' id='word_1_276' title='bbox 713 2728 778 2757; x_wconf 89' lang='lat' dir='ltr'><em>XII.</em></span> <span class='ocrx_word' id='word_1_277' title='bbox 921 2728 956 2756; x_wconf 68' lang='lat'>24</span> 
     </span>
    </p>
   </div>
   <div class='ocr_carea' id='block_1_14' title="bbox 1058 815 1063 1806">
    <p class='ocr_par' dir='ltr' id='par_1_20' title="bbox 1058 815 1063 1806">
     <span class='ocr_line' id='line_1_60' title="bbox 1058 815 1063 1806; baseline 0 0"><span class='ocrx_word' id='word_1_278' title='bbox 1058 815 1063 1806; x_wconf 95' lang='lat' dir='ltr'> </span> 
     </span>
    </p>
   </div>
   <div class='ocr_carea' id='block_1_15' title="bbox 1387 266 2019 358">
    <p class='ocr_par' dir='ltr' id='par_1_21' title="bbox 1387 266 2019 358">
     <span class='ocr_line' id='line_1_61' title="bbox 1730 266 2019 310; baseline 0.003 -11"><span class='ocrx_word' id='word_1_279' title='bbox 1730 266 1789 299; x_wconf 77' lang='lat'>185</span> <span class='ocrx_word' id='word_1_280' title='bbox 1836 275 1884 310; x_wconf 50' lang='lat' dir='ltr'>An,</span> <span class='ocrx_word' id='word_1_281' title='bbox 1902 274 1928 301; x_wconf 87' lang='lat' dir='ltr'>c.</span> <span class='ocrx_word' id='word_1_282' title='bbox 1954 274 2019 301; x_wconf 78' lang='lat' dir='ltr'>ici-2</span> 
     </span>
     <span class='ocr_line' id='line_1_62' title="bbox 1387 324 1506 358; baseline -0.008 0"><span class='ocrx_word' id='word_1_283' title='bbox 1387 324 1506 358; x_wconf 80' lang='lat' dir='ltr'>CCXIX.</span> 
     </span>
    </p>
   </div>
   <div class='ocr_carea' id='block_1_16' title="bbox 1080 394 1822 586">
    <p class='ocr_par' dir='ltr' id='par_1_22' title="bbox 1080 394 1822 586">
     <span class='ocr_line' id='line_1_63' title="bbox 1080 394 1819 438; baseline -0.003 -10"><span class='ocrx_word' id='word_1_284' title='bbox 1080 395 1205 428; x_wconf 75' lang='lat' dir='ltr'>Erectio</span> <span class='ocrx_word' id='word_1_285' title='bbox 1231 395 1489 438; x_wconf 70' lang='lat' dir='ltr'>conqreqate&#39;om&#39;s</span> <span class='ocrx_word' id='word_1_286' title='bbox 1522 405 1558 427; x_wconf 86' lang='lat' dir='ltr'>ac</span> <span class='ocrx_word' id='word_1_287' title='bbox 1583 394 1748 437; x_wconf 75' lang='lat' dir='ltr'>deputatio</span> <span class='ocrx_word' id='word_1_288' title='bbox 1772 396 1819 437; x_wconf 82' lang='lat' dir='ltr'>os-</span> 
     </span>
     <span class='ocr_line' id='line_1_64' title="bbox 1123 447 1820 491; baseline -0.001 -11"><span class='ocrx_word' id='word_1_289' title='bbox 1123 448 1283 489; x_wconf 74' lang='lat' dir='ltr'>sice&#39;alz&#39;um</span> <span class='ocrx_word' id='word_1_290' title='bbox 1299 459 1396 491; x_wconf 76' lang='lat' dir='ltr'>saper</span> <span class='ocrx_word' id='word_1_291' title='bbox 1411 448 1526 491; x_wconf 78' lang='lat' dir='ltr'>Aquae</span> <span class='ocrx_word' id='word_1_292' title='bbox 1540 447 1668 481; x_wconf 79' lang='lat' dir='ltr'>Paulae</span> <span class='ocrx_word' id='word_1_293' title='bbox 1681 451 1709 479; x_wconf 88' lang='lat' dir='ltr'>et</span> <span class='ocrx_word' id='word_1_294' title='bbox 1725 447 1820 479; x_wconf 74' lang='lat' dir='ltr'>iltius</span> 
     </span>
     <span class='ocr_line' id='line_1_65' title="bbox 1123 501 1822 544; baseline 0 -11"><span class='ocrx_word' id='word_1_295' title='bbox 1123 502 1344 544; x_wconf 73' lang='lat' dir='ltr'>aquaeductus</span> <span class='ocrx_word' id='word_1_296' title='bbox 1369 503 1446 534; x_wconf 73' lang='lat' dir='ltr'>curci</span> <span class='ocrx_word' id='word_1_297' title='bbox 1472 506 1500 533; x_wconf 85' lang='lat' dir='ltr'>c!</span> <span class='ocrx_word' id='word_1_298' title='bbox 1533 501 1822 535; x_wconf 74' lang='lat' dir='ltr'>administratione</span> 
     </span>
     <span class='ocr_line' id='line_1_66' title="bbox 1123 554 1390 586; baseline 0 0"><span class='ocrx_word' id='word_1_299' title='bbox 1123 554 1160 586; x_wconf 62' lang='lat' dir='ltr'>‘in</span> <span class='ocrx_word' id='word_1_300' title='bbox 1184 554 1272 586; x_wconf 71' lang='lat' dir='ltr'>alma</span> <span class='ocrx_word' id='word_1_301' title='bbox 1301 554 1390 586; x_wconf 74' lang='lat' dir='ltr'>Urbe.</span> 
     </span>
    </p>
   </div>
   <div class='ocr_carea' id='block_1_17' title="bbox 1299 624 1602 659">
    <p class='ocr_par' dir='ltr' id='par_1_23' title="bbox 1299 624 1602 659">
     <span class='ocr_line' id='line_1_67' title="bbox 1299 624 1602 659; baseline 0.003 -8"><span class='ocrx_word' id='word_1_302' title='bbox 1299 624 1411 651; x_wconf 77' lang='lat' dir='ltr'>Paulus</span> <span class='ocrx_word' id='word_1_303' title='bbox 1433 625 1602 659; x_wconf 81' lang='lat' dir='ltr'>episcopus,</span> 
     </span>
    </p>
   </div>
   <div class='ocr_carea' id='block_1_18' title="bbox 1222 683 1676 763">
    <p class='ocr_par' dir='ltr' id='par_1_24' title="bbox 1222 683 1676 763">
     <span class='ocr_line' id='line_1_68' title="bbox 1271 683 1628 714; baseline 0.008 -6"><span class='ocrx_word' id='word_1_304' title='bbox 1271 689 1376 709; x_wconf 82' lang='lat' dir='ltr'>servus</span> <span class='ocrx_word' id='word_1_305' title='bbox 1397 689 1550 710; x_wconf 82' lang='lat' dir='ltr'>servorum</span> <span class='ocrx_word' id='word_1_306' title='bbox 1566 683 1628 714; x_wconf 84' lang='lat' dir='ltr'>Dei,</span> 
     </span>
     <span class='ocr_line' id='line_1_69' title="bbox 1222 735 1676 763; baseline -0.002 -1"><span class='ocrx_word' id='word_1_307' title='bbox 1222 735 1258 762; x_wconf 88' lang='lat' dir='ltr'>ad</span> <span class='ocrx_word' id='word_1_308' title='bbox 1278 735 1411 762; x_wconf 77' lang='lat' dir='ltr'>futuram</span> <span class='ocrx_word' id='word_1_309' title='bbox 1430 735 1475 762; x_wconf 83' lang='lat' dir='ltr'>rei</span> <span class='ocrx_word' id='word_1_310' title='bbox 1496 736 1676 763; x_wconf 84' lang='lat' dir='ltr'>memoriam.</span> 
     </span>
    </p>
   </div>
   <div class='ocr_carea' id='block_1_19' title="bbox 1075 802 2016 2545">
    <p class='ocr_par' dir='ltr' id='par_1_25' title="bbox 1077 802 2003 1589">
     <span class='ocr_line' id='line_1_70' title="bbox 1124 802 2003 847; baseline -0.001 -13"><span class='ocrx_word' id='word_1_311' title='bbox 1124 803 1157 835; x_wconf 92' lang='lat' dir='ltr'>In</span> <span class='ocrx_word' id='word_1_312' title='bbox 1182 802 1259 835; x_wconf 85' lang='lat' dir='ltr'>Sede</span> <span class='ocrx_word' id='word_1_313' title='bbox 1277 802 1360 834; x_wconf 85' lang='lat' dir='ltr'>beati</span> <span class='ocrx_word' id='word_1_314' title='bbox 1378 802 1477 843; x_wconf 87' lang='lat' dir='ltr'>Petri,</span> <span class='ocrx_word' id='word_1_315' title='bbox 1501 803 1621 835; x_wconf 89' lang='lat' dir='ltr'>meritis</span> <span class='ocrx_word' id='word_1_316' title='bbox 1638 803 1708 836; x_wconf 88' lang='lat' dir='ltr'>licet</span> <span class='ocrx_word' id='word_1_317' title='bbox 1725 804 1821 847; x_wconf 84' lang='lat' dir='ltr'>impa-</span> <span class='ocrx_word' id='word_1_318' title='bbox 1862 813 2003 834; x_wconf 74' lang='lat' dir='ltr'>Prooemium.</span> 
     </span>
     <span class='ocr_line' id='line_1_71' title="bbox 1079 854 1820 898; baseline 0.003 -11"><span class='ocrx_word' id='word_1_319' title='bbox 1079 855 1175 895; x_wconf 90' lang='lat' dir='ltr'>ribus,</span> <span class='ocrx_word' id='word_1_320' title='bbox 1200 854 1304 887; x_wconf 73' lang='lat' dir='ltr'>divina</span> <span class='ocrx_word' id='word_1_321' title='bbox 1329 855 1535 898; x_wconf 86' lang='lat' dir='ltr'>dispositione</span> <span class='ocrx_word' id='word_1_322' title='bbox 1552 856 1722 897; x_wconf 84' lang='lat' dir='ltr'>constituti,</span> <span class='ocrx_word' id='word_1_323' title='bbox 1746 857 1820 890; x_wconf 89' lang='lat' dir='ltr'>boni</span> 
     </span>
     <span class='ocr_line' id='line_1_72' title="bbox 1078 908 1821 952; baseline 0.004 -12"><span class='ocrx_word' id='word_1_324' title='bbox 1078 908 1214 952; x_wconf 88' lang='lat' dir='ltr'>pastoris</span> <span class='ocrx_word' id='word_1_325' title='bbox 1238 908 1403 951; x_wconf 80' lang='lat' dir='ltr'>fungentes</span> <span class='ocrx_word' id='word_1_326' title='bbox 1427 909 1546 949; x_wconf 83' lang='lat' dir='ltr'>officio,</span> <span class='ocrx_word' id='word_1_327' title='bbox 1571 909 1706 941; x_wconf 85' lang='lat' dir='ltr'>creditas</span> <span class='ocrx_word' id='word_1_328' title='bbox 1730 910 1821 943; x_wconf 87' lang='lat' dir='ltr'>nobis</span> 
     </span>
     <span class='ocr_line' id='line_1_73' title="bbox 1079 961 1822 1006; baseline 0.003 -13"><span class='ocrx_word' id='word_1_329' title='bbox 1079 972 1152 994; x_wconf 72' lang='lat' dir='ltr'>oves</span> <span class='ocrx_word' id='word_1_330' title='bbox 1166 971 1229 994; x_wconf 92' lang='lat' dir='ltr'>non</span> <span class='ocrx_word' id='word_1_331' title='bbox 1244 962 1346 994; x_wconf 90' lang='lat' dir='ltr'>solum</span> <span class='ocrx_word' id='word_1_332' title='bbox 1364 961 1461 994; x_wconf 86' lang='lat' dir='ltr'>sacris</span> <span class='ocrx_word' id='word_1_333' title='bbox 1477 972 1512 994; x_wconf 87' lang='lat' dir='ltr'>ac</span> <span class='ocrx_word' id='word_1_334' title='bbox 1530 962 1744 1006; x_wconf 87' lang='lat' dir='ltr'>spiritualibus</span> <span class='ocrx_word' id='word_1_335' title='bbox 1761 968 1822 996; x_wconf 88' lang='lat' dir='ltr'>stu-</span> 
     </span>
     <span class='ocr_line' id='line_1_74' title="bbox 1078 1014 1822 1059; baseline 0 -12"><span class='ocrx_word' id='word_1_336' title='bbox 1078 1014 1190 1047; x_wconf 87' lang='lat' dir='ltr'>demus</span> <span class='ocrx_word' id='word_1_337' title='bbox 1215 1014 1340 1047; x_wconf 89' lang='lat' dir='ltr'>munire</span> <span class='ocrx_word' id='word_1_338' title='bbox 1364 1014 1546 1058; x_wconf 75' lang='lat' dir='ltr'>praesidiiS,</span> <span class='ocrx_word' id='word_1_339' title='bbox 1572 1015 1626 1048; x_wconf 90' lang='lat' dir='ltr'>sed</span> <span class='ocrx_word' id='word_1_340' title='bbox 1644 1016 1822 1059; x_wconf 84' lang='lat' dir='ltr'>temporali-</span> 
     </span>
     <span class='ocr_line' id='line_1_75' title="bbox 1078 1069 1820 1113; baseline 0 -12"><span class='ocrx_word' id='word_1_341' title='bbox 1078 1069 1137 1101; x_wconf 90' lang='lat' dir='ltr'>bus</span> <span class='ocrx_word' id='word_1_342' title='bbox 1163 1069 1258 1101; x_wconf 86' lang='lat' dir='ltr'>etiam</span> <span class='ocrx_word' id='word_1_343' title='bbox 1276 1069 1462 1109; x_wconf 90' lang='lat' dir='ltr'>commodis,</span> <span class='ocrx_word' id='word_1_344' title='bbox 1480 1069 1604 1113; x_wconf 90' lang='lat' dir='ltr'>illisque</span> <span class='ocrx_word' id='word_1_345' title='bbox 1624 1069 1820 1113; x_wconf 86' lang='lat' dir='ltr'>praesertim,</span> 
     </span>
     <span class='ocr_line' id='line_1_76' title="bbox 1078 1122 1819 1165; baseline 0.001 -11"><span class='ocrx_word' id='word_1_346' title='bbox 1078 1133 1158 1165; x_wconf 89' lang='lat' dir='ltr'>quae</span> <span class='ocrx_word' id='word_1_347' title='bbox 1178 1126 1249 1155; x_wconf 86' lang='lat' dir='ltr'>sunt</span> <span class='ocrx_word' id='word_1_348' title='bbox 1266 1122 1423 1155; x_wconf 89' lang='lat' dir='ltr'>humanae</span> <span class='ocrx_word' id='word_1_349' title='bbox 1447 1122 1527 1155; x_wconf 81' lang='lat' dir='ltr'>vitae</span> <span class='ocrx_word' id='word_1_350' title='bbox 1544 1122 1615 1155; x_wconf 90' lang='lat' dir='ltr'>usui</span> <span class='ocrx_word' id='word_1_351' title='bbox 1632 1122 1819 1163; x_wconf 77' lang='lat' dir='ltr'>necessaria,</span> 
     </span>
     <span class='ocr_line' id='line_1_77' title="bbox 1078 1175 1820 1216; baseline 0 -9"><span class='ocrx_word' id='word_1_352' title='bbox 1078 1175 1274 1207; x_wconf 86' lang='lat' dir='ltr'>abundanter</span> <span class='ocrx_word' id='word_1_353' title='bbox 1299 1175 1462 1208; x_wconf 85' lang='lat' dir='ltr'>cumulare</span> <span class='ocrx_word' id='word_1_354' title='bbox 1487 1175 1577 1208; x_wconf 82' lang='lat' dir='ltr'>enixe-</span> <span class='ocrx_word' id='word_1_355' title='bbox 1602 1186 1761 1216; x_wconf 85' lang='lat' dir='ltr'>curamus,</span> <span class='ocrx_word' id='word_1_356' title='bbox 1786 1180 1820 1208; x_wconf 86' lang='lat' dir='ltr'>ut</span> 
     </span>
     <span class='ocr_line' id='line_1_78' title="bbox 1077 1227 1818 1271; baseline 0.001 -11"><span class='ocrx_word' id='word_1_357' title='bbox 1077 1227 1217 1271; x_wconf 85' lang='lat' dir='ltr'>apertius</span> <span class='ocrx_word' id='word_1_358' title='bbox 1242 1227 1354 1260; x_wconf 88' lang='lat' dir='ltr'>deinde</span> <span class='ocrx_word' id='word_1_359' title='bbox 1383 1227 1421 1260; x_wconf 88' lang='lat' dir='ltr'>ad</span> <span class='ocrx_word' id='word_1_360' title='bbox 1452 1228 1594 1271; x_wconf 90' lang='lat' dir='ltr'>supremi</span> <span class='ocrx_word' id='word_1_361' title='bbox 1623 1228 1758 1271; x_wconf 87' lang='lat' dir='ltr'>pastoris</span> <span class='ocrx_word' id='word_1_362' title='bbox 1783 1239 1818 1261; x_wconf 86' lang='lat' dir='ltr'>ac</span> 
     </span>
     <span class='ocr_line' id='line_1_79' title="bbox 1077 1280 1817 1323; baseline 0.001 -11"><span class='ocrx_word' id='word_1_363' title='bbox 1077 1280 1187 1312; x_wconf 90' lang='lat' dir='ltr'>mundi</span> <span class='ocrx_word' id='word_1_364' title='bbox 1215 1280 1354 1312; x_wconf 73' lang='lat' dir='ltr'>universi</span> <span class='ocrx_word' id='word_1_365' title='bbox 1386 1280 1600 1323; x_wconf 87' lang='lat' dir='ltr'>procreatoris</span> <span class='ocrx_word' id='word_1_366' title='bbox 1631 1280 1817 1313; x_wconf 87' lang='lat' dir='ltr'>immensam</span> 
     </span>
     <span class='ocr_line' id='line_1_80' title="bbox 1077 1334 1815 1377; baseline 0 -11"><span class='ocrx_word' id='word_1_367' title='bbox 1077 1334 1303 1377; x_wconf 76' lang='lat' dir='ltr'>benignitatem</span> <span class='ocrx_word' id='word_1_368' title='bbox 1328 1345 1362 1366; x_wconf 87' lang='lat' dir='ltr'>ac</span> <span class='ocrx_word' id='word_1_369' title='bbox 1388 1334 1635 1367; x_wconf 77' lang='lat' dir='ltr'>munificentiam</span> <span class='ocrx_word' id='word_1_370' title='bbox 1661 1335 1815 1367; x_wconf 78' lang='lat' dir='ltr'>extollen-</span> 
     </span>
     <span class='ocr_line' id='line_1_81' title="bbox 1077 1387 1820 1431; baseline 0 -12"><span class='ocrx_word' id='word_1_371' title='bbox 1077 1387 1159 1428; x_wconf 87' lang='lat' dir='ltr'>dam,</span> <span class='ocrx_word' id='word_1_372' title='bbox 1184 1388 1222 1420; x_wconf 87' lang='lat' dir='ltr'>ab</span> <span class='ocrx_word' id='word_1_373' title='bbox 1248 1387 1396 1431; x_wconf 88' lang='lat' dir='ltr'>operibus</span> <span class='ocrx_word' id='word_1_374' title='bbox 1413 1388 1499 1420; x_wconf 88' lang='lat' dir='ltr'>hisce</span> <span class='ocrx_word' id='word_1_375' title='bbox 1515 1387 1642 1428; x_wconf 80' lang='lat' dir='ltr'>nostris,</span> <span class='ocrx_word' id='word_1_376' title='bbox 1659 1393 1693 1420; x_wconf 86' lang='lat' dir='ltr'>ut</span> <span class='ocrx_word' id='word_1_377' title='bbox 1709 1388 1747 1419; x_wconf 91' lang='lat' dir='ltr'>ab</span> <span class='ocrx_word' id='word_1_378' title='bbox 1765 1388 1820 1420; x_wconf 90' lang='lat' dir='ltr'>hu-</span> 
     </span>
     <span class='ocr_line' id='line_1_82' title="bbox 1077 1441 1817 1484; baseline 0 -11"><span class='ocrx_word' id='word_1_379' title='bbox 1077 1441 1177 1474; x_wconf 84' lang='lat' dir='ltr'>manis</span> <span class='ocrx_word' id='word_1_380' title='bbox 1201 1441 1328 1484; x_wconf 78' lang='lat' dir='ltr'>linguis,</span> <span class='ocrx_word' id='word_1_381' title='bbox 1342 1441 1482 1484; x_wconf 87' lang='lat' dir='ltr'>quotidie</span> <span class='ocrx_word' id='word_1_382' title='bbox 1499 1441 1683 1481; x_wconf 81' lang='lat' dir='ltr'>excitentur,</span> <span class='ocrx_word' id='word_1_383' title='bbox 1700 1452 1735 1474; x_wconf 85' lang='lat' dir='ltr'>ac</span> <span class='ocrx_word' id='word_1_384' title='bbox 1754 1441 1817 1473; x_wconf 71' lang='lat' dir='ltr'>fida</span> 
     </span>
     <span class='ocr_line' id='line_1_83' title="bbox 1077 1492 1816 1525; baseline 0 -1"><span class='ocrx_word' id='word_1_385' title='bbox 1077 1492 1171 1524; x_wconf 69' lang='lat' dir='ltr'>veluti</span> <span class='ocrx_word' id='word_1_386' title='bbox 1188 1502 1284 1524; x_wconf 87' lang='lat' dir='ltr'>manu</span> <span class='ocrx_word' id='word_1_387' title='bbox 1297 1492 1335 1524; x_wconf 89' lang='lat' dir='ltr'>ad</span> <span class='ocrx_word' id='word_1_388' title='bbox 1348 1503 1454 1525; x_wconf 90' lang='lat' dir='ltr'>rerum</span> <span class='ocrx_word' id='word_1_389' title='bbox 1467 1492 1644 1524; x_wconf 70' lang='lat' dir='ltr'>divinarum</span> <span class='ocrx_word' id='word_1_390' title='bbox 1659 1492 1816 1525; x_wconf 86' lang='lat' dir='ltr'>assiduam</span> 
     </span>
     <span class='ocr_line' id='line_1_84' title="bbox 1077 1546 1815 1589; baseline -0.001 -10"><span class='ocrx_word' id='word_1_391' title='bbox 1077 1546 1388 1589; x_wconf 86' lang='lat' dir='ltr'>contemplationem,</span> <span class='ocrx_word' id='word_1_392' title='bbox 1406 1546 1595 1589; x_wconf 82' lang='lat' dir='ltr'>laudemque</span> <span class='ocrx_word' id='word_1_393' title='bbox 1611 1546 1815 1578; x_wconf 84' lang='lat' dir='ltr'>deducantur.</span> 
     </span>
    </p>

    <p class='ocr_par' dir='ltr' id='par_1_26' title="bbox 1076 1599 2016 1963">
     <span class='ocr_line' id='line_1_85' title="bbox 1121 1599 2016 1642; baseline -0.002 -11"><span class='ocrx_word' id='word_1_394' title='bbox 1121 1600 1136 1642; x_wconf 59' lang='grc' dir='ltr'><strong>ἓ</strong></span> <span class='ocrx_word' id='word_1_395' title='bbox 1161 1599 1189 1631; x_wconf 76' lang='lat' dir='ltr'>l.</span> <span class='ocrx_word' id='word_1_396' title='bbox 1215 1599 1302 1638; x_wconf 87' lang='lat' dir='ltr'>Quod</span> <span class='ocrx_word' id='word_1_397' title='bbox 1327 1599 1352 1631; x_wconf 91' lang='lat' dir='ltr'>si</span> <span class='ocrx_word' id='word_1_398' title='bbox 1377 1600 1519 1632; x_wconf 89' lang='lat' dir='ltr'>omnium</span> <span class='ocrx_word' id='word_1_399' title='bbox 1545 1599 1815 1637; x_wconf 77' lang='lat' dir='ltr'>christifidelium,</span> <span class='ocrx_word' id='word_1_400' title='bbox 1854 1608 2016 1638; x_wconf 78' lang='lat' dir='ltr'>Paulusurbem</span> 
     </span>
     <span class='ocr_line' id='line_1_86' title="bbox 1077 1635 2016 1698; baseline 0.002 -14"><span class='ocrx_word' id='word_1_401' title='bbox 1077 1652 1336 1696; x_wconf 86' lang='lat' dir='ltr'>ceterarumque¹</span> <span class='ocrx_word' id='word_1_402' title='bbox 1361 1652 1522 1685; x_wconf 75' lang='lat' dir='ltr'>civitatum</span> <span class='ocrx_word' id='word_1_403' title='bbox 1547 1658 1576 1685; x_wconf 89' lang='lat' dir='ltr'>et</span> <span class='ocrx_word' id='word_1_404' title='bbox 1599 1654 1743 1686; x_wconf 89' lang='lat' dir='ltr'>locorum</span> <span class='ocrx_word' id='word_1_405' title='bbox 1762 1663 1817 1686; x_wconf 88' lang='lat' dir='ltr'>no-</span> <span class='ocrx_word' id='word_1_406' title='bbox 1831 1635 1936 1698; x_wconf 42' lang='grc' dir='ltr'>ξέἷῇἶὶίῗζῖῇς</span> <span class='ocrx_word' id='word_1_407' title='bbox 1956 1642 2016 1692; x_wconf 50' lang='grc' dir='ltr'>Ὗὲἶτιιῗ</span> 
     </span>
     <span class='ocr_line' id='line_1_87' title="bbox 1077 1690 2016 1750; baseline 0.003 -12"><span class='ocrx_word' id='word_1_408' title='bbox 1077 1711 1159 1738; x_wconf 85' lang='lat' dir='ltr'>strae</span> <span class='ocrx_word' id='word_1_409' title='bbox 1184 1716 1277 1738; x_wconf 85' lang='lat' dir='ltr'>curae</span> <span class='ocrx_word' id='word_1_410' title='bbox 1303 1711 1332 1738; x_wconf 89' lang='lat' dir='ltr'>ct</span> <span class='ocrx_word' id='word_1_411' title='bbox 1356 1706 1429 1739; x_wconf 83' lang='lat' dir='ltr'>fidei</span> <span class='ocrx_word' id='word_1_412' title='bbox 1454 1706 1710 1746; x_wconf 84' lang='lat' dir='ltr'>commissorum,</span> <span class='ocrx_word' id='word_1_413' title='bbox 1727 1717 1816 1750; x_wconf 84' lang='lat' dir='ltr'>prae·</span> <span class='ocrx_word' id='word_1_414' title='bbox 1831 1690 2016 1750; x_wconf 42' lang='lat' dir='ltr'>fiiss&#39;iffdisa&#39;ff</span> 
     </span>
     <span class='ocr_line' id='line_1_88' title="bbox 1077 1745 1922 1803; baseline 0 -11"><span class='ocrx_word' id='word_1_415' title='bbox 1077 1759 1167 1802; x_wconf 88' lang='lat' dir='ltr'>cipua</span> <span class='ocrx_word' id='word_1_416' title='bbox 1197 1759 1277 1792; x_wconf 89' lang='lat' dir='ltr'>ratio</span> <span class='ocrx_word' id='word_1_417' title='bbox 1307 1759 1398 1792; x_wconf 89' lang='lat' dir='ltr'>nobis</span> <span class='ocrx_word' id='word_1_418' title='bbox 1426 1759 1568 1792; x_wconf 84' lang='lat' dir='ltr'>habenda</span> <span class='ocrx_word' id='word_1_419' title='bbox 1600 1765 1668 1799; x_wconf 83' lang='lat' dir='ltr'>est,</span> <span class='ocrx_word' id='word_1_420' title='bbox 1699 1764 1816 1803; x_wconf 84' lang='lat' dir='ltr'>quanto</span> <span class='ocrx_word' id='word_1_421' title='bbox 1832 1745 1922 1764; x_wconf 56' lang='lat' dir='ltr'>‘mam’</span> 
     </span>
     <span class='ocr_line' id='line_1_89' title="bbox 1077 1812 1817 1856; baseline 0 -11"><span class='ocrx_word' id='word_1_422' title='bbox 1077 1812 1250 1856; x_wconf 88' lang='lat' dir='ltr'>impensius</span> <span class='ocrx_word' id='word_1_423' title='bbox 1264 1813 1376 1845; x_wconf 86' lang='lat' dir='ltr'>urbem</span> <span class='ocrx_word' id='word_1_424' title='bbox 1391 1814 1533 1853; x_wconf 86' lang='lat' dir='ltr'>Romam,</span> <span class='ocrx_word' id='word_1_425' title='bbox 1550 1823 1752 1845; x_wconf 87' lang='lat' dir='ltr'>communem</span> <span class='ocrx_word' id='word_1_426' title='bbox 1767 1824 1817 1856; x_wconf 89' lang='lat' dir='ltr'>pa-</span> 
     </span>
     <span class='ocr_line' id='line_1_90' title="bbox 1077 1866 1817 1909; baseline 0 -11"><span class='ocrx_word' id='word_1_427' title='bbox 1077 1866 1179 1905; x_wconf 85' lang='lat' dir='ltr'>triam,</span> <span class='ocrx_word' id='word_1_428' title='bbox 1194 1876 1229 1898; x_wconf 87' lang='lat' dir='ltr'>ac</span> <span class='ocrx_word' id='word_1_429' title='bbox 1247 1866 1385 1898; x_wconf 74' lang='lat' dir='ltr'>veritatis</span> <span class='ocrx_word' id='word_1_430' title='bbox 1399 1866 1593 1908; x_wconf 72' lang='lat' dir='ltr'>magistram,</span> <span class='ocrx_word' id='word_1_431' title='bbox 1611 1866 1643 1897; x_wconf 91' lang='lat' dir='ltr'>in</span> <span class='ocrx_word' id='word_1_432' title='bbox 1656 1876 1717 1909; x_wconf 87' lang='lat' dir='ltr'>qna</span> <span class='ocrx_word' id='word_1_433' title='bbox 1733 1866 1817 1899; x_wconf 85' lang='lat' dir='ltr'>Chri-</span> 
     </span>
     <span class='ocr_line' id='line_1_91' title="bbox 1076 1919 1815 1963; baseline 0 -12"><span class='ocrx_word' id='word_1_434' title='bbox 1076 1925 1142 1951; x_wconf 85' lang='lat' dir='ltr'>stus</span> <span class='ocrx_word' id='word_1_435' title='bbox 1166 1919 1334 1959; x_wconf 89' lang='lat' dir='ltr'>Dominus,</span> <span class='ocrx_word' id='word_1_436' title='bbox 1359 1919 1444 1952; x_wconf 88' lang='lat' dir='ltr'>illam</span> <span class='ocrx_word' id='word_1_437' title='bbox 1475 1929 1549 1963; x_wconf 88' lang='lat' dir='ltr'>prae</span> <span class='ocrx_word' id='word_1_438' title='bbox 1580 1919 1649 1951; x_wconf 87' lang='lat' dir='ltr'>aliis</span> <span class='ocrx_word' id='word_1_439' title='bbox 1673 1919 1815 1962; x_wconf 77' lang='lat' dir='ltr'>diligens,</span> 
     </span>
    </p>

    <p class='ocr_par' dir='ltr' id='par_1_27' title="bbox 1075 1972 1817 2432">
     <span class='ocr_line' id='line_1_92' title="bbox 1076 1972 1815 2013; baseline -0.001 -8"><span class='ocrx_word' id='word_1_440' title='bbox 1076 1973 1233 2006; x_wconf 85' lang='lat' dir='ltr'>Ecclesiae</span> <span class='ocrx_word' id='word_1_441' title='bbox 1264 1973 1467 2006; x_wconf 78' lang='lat' dir='ltr'>fundamenta</span> <span class='ocrx_word' id='word_1_442' title='bbox 1499 1973 1570 2005; x_wconf 88' lang='lat' dir='ltr'>iecit</span> <span class='ocrx_word' id='word_1_443' title='bbox 1594 1977 1621 2005; x_wconf 85' lang='lat' dir='ltr'>et</span> <span class='ocrx_word' id='word_1_444' title='bbox 1648 1972 1815 2013; x_wconf 79' lang='lat' dir='ltr'>stabilivit,</span> 
     </span>
     <span class='ocr_line' id='line_1_93' title="bbox 1075 2027 1817 2070; baseline 0.001 -12"><span class='ocrx_word' id='word_1_445' title='bbox 1075 2037 1132 2060; x_wconf 86' lang='lat' dir='ltr'>nos</span> <span class='ocrx_word' id='word_1_446' title='bbox 1156 2027 1187 2059; x_wconf 92' lang='lat' dir='ltr'>in</span> <span class='ocrx_word' id='word_1_447' title='bbox 1212 2027 1306 2059; x_wconf 84' lang='lat' dir='ltr'>terris</span> <span class='ocrx_word' id='word_1_448' title='bbox 1322 2027 1436 2060; x_wconf 88' lang='lat' dir='ltr'>Christi</span> <span class='ocrx_word' id='word_1_449' title='bbox 1455 2027 1554 2059; x_wconf 74' lang='lat' dir='ltr'>vicem</span> <span class='ocrx_word' id='word_1_450' title='bbox 1571 2031 1700 2069; x_wconf 77' lang='lat' dir='ltr'>agentes</span> <span class='ocrx_word' id='word_1_451' title='bbox 1717 2027 1755 2059; x_wconf 90' lang='lat' dir='ltr'>ad</span> <span class='ocrx_word' id='word_1_452' title='bbox 1772 2027 1817 2070; x_wconf 93' lang='lat' dir='ltr'>ip-</span> 
     </span>
     <span class='ocr_line' id='line_1_94' title="bbox 1076 2079 1814 2123; baseline 0.001 -12"><span class='ocrx_word' id='word_1_453' title='bbox 1076 2079 1140 2112; x_wconf 89' lang='lat' dir='ltr'>sius</span> <span class='ocrx_word' id='word_1_454' title='bbox 1164 2079 1371 2112; x_wconf 84' lang='lat' dir='ltr'>imitationem</span> <span class='ocrx_word' id='word_1_455' title='bbox 1398 2090 1474 2123; x_wconf 89' lang='lat' dir='ltr'>prae</span> <span class='ocrx_word' id='word_1_456' title='bbox 1499 2079 1631 2112; x_wconf 89' lang='lat' dir='ltr'>caeteris</span> <span class='ocrx_word' id='word_1_457' title='bbox 1653 2090 1769 2119; x_wconf 85' lang='lat' dir='ltr'>amare,</span> <span class='ocrx_word' id='word_1_458' title='bbox 1787 2085 1814 2113; x_wconf 87' lang='lat' dir='ltr'>et</span> 
     </span>
     <span class='ocr_line' id='line_1_95' title="bbox 1075 2133 1816 2177; baseline 0 -11"><span class='ocrx_word' id='word_1_459' title='bbox 1075 2133 1164 2166; x_wconf 66' lang='lat' dir='ltr'>novis</span> <span class='ocrx_word' id='word_1_460' title='bbox 1193 2134 1315 2166; x_wconf 86' lang='lat' dir='ltr'>assidue</span> <span class='ocrx_word' id='word_1_461' title='bbox 1343 2133 1551 2174; x_wconf 82' lang='lat' dir='ltr'>ornamentis,</span> <span class='ocrx_word' id='word_1_462' title='bbox 1579 2133 1816 2177; x_wconf 87' lang='lat' dir='ltr'>commodisque</span> 
     </span>
     <span class='ocr_line' id='line_1_96' title="bbox 1076 2186 1817 2229; baseline -0.001 -10"><span class='ocrx_word' id='word_1_463' title='bbox 1076 2196 1192 2229; x_wconf 75' lang='lat' dir='ltr'>angere</span> <span class='ocrx_word' id='word_1_464' title='bbox 1210 2192 1239 2219; x_wconf 87' lang='lat' dir='ltr'>et</span> <span class='ocrx_word' id='word_1_465' title='bbox 1254 2187 1412 2219; x_wconf 87' lang='lat' dir='ltr'>illustrare</span> <span class='ocrx_word' id='word_1_466' title='bbox 1432 2186 1606 2219; x_wconf 64' lang='lat' dir='ltr'>debemus?</span> <span class='ocrx_word' id='word_1_467' title='bbox 1632 2186 1723 2218; x_wconf 83' lang='lat' dir='ltr'>Hisce</span> <span class='ocrx_word' id='word_1_468' title='bbox 1747 2196 1817 2229; x_wconf 87' lang='lat' dir='ltr'>per-</span> 
     </span>
     <span class='ocr_line' id='line_1_97' title="bbox 1076 2239 1815 2279; baseline -0.001 -8"><span class='ocrx_word' id='word_1_469' title='bbox 1076 2241 1153 2272; x_wconf 88' lang='lat' dir='ltr'>moti</span> <span class='ocrx_word' id='word_1_470' title='bbox 1171 2241 1272 2273; x_wconf 86' lang='lat' dir='ltr'>causis</span> <span class='ocrx_word' id='word_1_471' title='bbox 1298 2240 1415 2273; x_wconf 85' lang='lat' dir='ltr'>Urbem</span> <span class='ocrx_word' id='word_1_472' title='bbox 1431 2240 1512 2272; x_wconf 88' lang='lat' dir='ltr'>hanc</span> <span class='ocrx_word' id='word_1_473' title='bbox 1528 2243 1679 2279; x_wconf 88' lang='lat' dir='ltr'>nostram,</span> <span class='ocrx_word' id='word_1_474' title='bbox 1701 2244 1767 2271; x_wconf 87' lang='lat' dir='ltr'>tum</span> <span class='ocrx_word' id='word_1_475' title='bbox 1785 2239 1815 2271; x_wconf 87' lang='lat' dir='ltr'>in</span> 
     </span>
     <span class='ocr_line' id='line_1_98' title="bbox 1076 2292 1815 2336; baseline -0.001 -11"><span class='ocrx_word' id='word_1_476' title='bbox 1076 2293 1200 2336; x_wconf 87' lang='lat' dir='ltr'>templis</span> <span class='ocrx_word' id='word_1_477' title='bbox 1220 2298 1287 2325; x_wconf 88' lang='lat' dir='ltr'>tum</span> <span class='ocrx_word' id='word_1_478' title='bbox 1306 2293 1336 2325; x_wconf 90' lang='lat' dir='ltr'>in</span> <span class='ocrx_word' id='word_1_479' title='bbox 1361 2293 1521 2332; x_wconf 82' lang='lat' dir='ltr'>aediliciis,</span> <span class='ocrx_word' id='word_1_480' title='bbox 1540 2293 1607 2333; x_wconf 74' lang='lat' dir='ltr'>viis,</span> <span class='ocrx_word' id='word_1_481' title='bbox 1625 2293 1717 2332; x_wconf 86' lang='lat' dir='ltr'>areis,</span> <span class='ocrx_word' id='word_1_482' title='bbox 1735 2292 1815 2324; x_wconf 82' lang='lat' dir='ltr'>aliis-</span> 
     </span>
     <span class='ocr_line' id='line_1_99' title="bbox 1075 2345 1813 2389; baseline -0.003 -11"><span class='ocrx_word' id='word_1_483' title='bbox 1075 2356 1136 2389; x_wconf 83' lang='lat' dir='ltr'>que</span> <span class='ocrx_word' id='word_1_484' title='bbox 1150 2345 1316 2378; x_wconf 88' lang='lat' dir='ltr'>structuris</span> <span class='ocrx_word' id='word_1_485' title='bbox 1332 2345 1535 2389; x_wconf 82' lang='lat' dir='ltr'>amplificare,</span> <span class='ocrx_word' id='word_1_486' title='bbox 1549 2356 1584 2377; x_wconf 89' lang='lat' dir='ltr'>ac</span> <span class='ocrx_word' id='word_1_487' title='bbox 1598 2345 1813 2388; x_wconf 87' lang='lat' dir='ltr'>pulchriorem</span> 
     </span>
     <span class='ocr_line' id='line_1_100' title="bbox 1075 2398 1813 2432; baseline -0.003 0"><span class='ocrx_word' id='word_1_488' title='bbox 1075 2404 1105 2432; x_wconf 86' lang='lat' dir='ltr'>et</span> <span class='ocrx_word' id='word_1_489' title='bbox 1118 2399 1366 2432; x_wconf 85' lang='lat' dir='ltr'>commodiorem</span> <span class='ocrx_word' id='word_1_490' title='bbox 1391 2398 1523 2432; x_wconf 87' lang='lat' dir='ltr'>reddere</span> <span class='ocrx_word' id='word_1_491' title='bbox 1538 2408 1602 2431; x_wconf 92' lang='lat' dir='ltr'>non</span> <span class='ocrx_word' id='word_1_492' title='bbox 1624 2398 1813 2430; x_wconf 87' lang='lat' dir='ltr'>desistimus.</span> 
     </span>
    </p>

    <p class='ocr_par' dir='ltr' id='par_1_28' title="bbox 1119 2452 2015 2496">
     <span class='ocr_line' id='line_1_101' title="bbox 1119 2452 2015 2496; baseline 0.001 -11"><span class='ocrx_word' id='word_1_493' title='bbox 1119 2452 1186 2495; x_wconf 57' lang='lat'>5⁹2.</span> <span class='ocrx_word' id='word_1_494' title='bbox 1212 2453 1249 2486; x_wconf 87' lang='lat' dir='ltr'>Et</span> <span class='ocrx_word' id='word_1_495' title='bbox 1281 2452 1480 2492; x_wconf 84' lang='lat' dir='ltr'>iamdudum,</span> <span class='ocrx_word' id='word_1_496' title='bbox 1510 2457 1642 2496; x_wconf 80' lang='lat' dir='ltr'>paterno</span> <span class='ocrx_word' id='word_1_497' title='bbox 1673 2452 1814 2485; x_wconf 89' lang='lat' dir='ltr'>conside·</span> <span class='ocrx_word' id='word_1_498' title='bbox 1854 2469 1972 2491; x_wconf 47' lang='lat' dir='ltr'>Emeum„</span> <span class='ocrx_word' id='word_1_499' title='bbox 1989 2477 2015 2491; x_wconf 56' lang='lat' dir='ltr'>a-</span> 
     </span>
    </p>

    <p class='ocr_par' dir='ltr' id='par_1_29' title="bbox 1075 2497 2011 2545">
     <span class='ocr_line' id='line_1_102' title="bbox 1075 2497 2011 2545; baseline -0.001 -7"><span class='ocrx_word' id='word_1_500' title='bbox 1075 2511 1179 2538; x_wconf 84' lang='lat' dir='ltr'>rantes</span> <span class='ocrx_word' id='word_1_501' title='bbox 1204 2505 1315 2538; x_wconf 70' lang='lat' dir='ltr'>ass‘ectu</span> <span class='ocrx_word' id='word_1_502' title='bbox 1340 2505 1440 2545; x_wconf 87' lang='lat' dir='ltr'>illam,</span> <span class='ocrx_word' id='word_1_503' title='bbox 1462 2505 1533 2538; x_wconf 81' lang='lat' dir='ltr'>licet</span> <span class='ocrx_word' id='word_1_504' title='bbox 1564 2505 1595 2537; x_wconf 90' lang='lat' dir='ltr'>in</span> <span class='ocrx_word' id='word_1_505' title='bbox 1626 2505 1737 2538; x_wconf 86' lang='lat' dir='ltr'>ceteris</span> <span class='ocrx_word' id='word_1_506' title='bbox 1766 2506 1812 2538; x_wconf 90' lang='lat' dir='ltr'>sui</span> <span class='ocrx_word' id='word_1_507' title='bbox 1828 2497 2011 2523; x_wconf 63' lang='lat' dir='ltr'>‘³¹¹³‘¹¹¹¹¹s⁰⁰⁰⁰¹¹‘</span> 
     </span>
    </p>
   </div>
   <div class='ocr_carea' id='block_1_20' title="bbox 1073 2524 2011 2603">
    <p class='ocr_par' dir='ltr' id='par_1_30' title="bbox 1073 2524 2011 2603">
     <span class='ocr_line' id='line_1_103' title="bbox 1829 2524 2011 2545; baseline 0.005 -1"><span class='ocrx_word' id='word_1_508' title='bbox 1829 2525 1894 2544; x_wconf 81' lang='lat' dir='ltr'>ditate</span> <span class='ocrx_word' id='word_1_509' title='bbox 1944 2524 2011 2545; x_wconf 74' lang='lat' dir='ltr'>ditare</span> 
     </span>
     <span class='ocr_line' id='line_1_104' title="bbox 1073 2550 1917 2603; baseline 0 -12"><span class='ocrx_word' id='word_1_510' title='bbox 1073 2560 1214 2603; x_wconf 86' lang='lat' dir='ltr'>partibus</span> <span class='ocrx_word' id='word_1_511' title='bbox 1245 2569 1397 2602; x_wconf 85' lang='lat' dir='ltr'>aquarum</span> <span class='ocrx_word' id='word_1_512' title='bbox 1429 2559 1661 2603; x_wconf 86' lang='lat' dir='ltr'>opportunitate</span> <span class='ocrx_word' id='word_1_513' title='bbox 1691 2550 1917 2592; x_wconf 62' lang='lat' dir='ltr'>soeciin-⁵‘¹¹⁶¹¹i¹‘</span> 
     </span>
    </p>
   </div>
   <div class='ocr_carea' id='block_1_21' title="bbox 1073 2630 1812 2711">
    <p class='ocr_par' dir='ltr' id='par_1_31' title="bbox 1073 2630 1812 2711">
     <span class='ocr_line' id='line_1_105' title="bbox 1108 2630 1812 2665; baseline 0 -8"><span class='ocrx_word' id='word_1_514' title='bbox 1108 2631 1120 2657; x_wconf 85' lang='lat'><strong>1</strong></span> <span class='ocrx_word' id='word_1_515' title='bbox 1145 2630 1211 2658; x_wconf 90' lang='lat' dir='ltr'>Puto</span> <span class='ocrx_word' id='word_1_516' title='bbox 1231 2630 1322 2657; x_wconf 80' lang='lat' dir='ltr'>forsan</span> <span class='ocrx_word' id='word_1_517' title='bbox 1342 2630 1486 2664; x_wconf 77' lang='lat' dir='ltr'>legendum</span> <span class='ocrx_word' id='word_1_518' title='bbox 1511 2633 1675 2659; x_wconf 74' lang='lat' dir='ltr'>ceterarum</span> <span class='ocrx_word' id='word_1_519' title='bbox 1701 2638 1812 2665; x_wconf 78' lang='lat' dir='ltr'>quoque</span> 
     </span>
     <span class='ocr_line' id='line_1_106' title="bbox 1073 2675 1173 2711; baseline 0.01 -10"><span class='ocrx_word' id='word_1_520' title='bbox 1073 2675 1110 2711; x_wconf 78' lang='lat' dir='ltr'>(n.</span> <span class='ocrx_word' id='word_1_521' title='bbox 1125 2680 1173 2706; x_wconf 80' lang='grc' dir='ltr'><strong><em>τ.).</em></strong></span> 
     </span>
    </p>
   </div>
  </div>
 </body>
</html>
