2293 3231
291 264 338 290 Αη.
356 263 384 290 C.
405 263 466 291 162¹

518 255 582 286 fis-tl

490 318 613 345 >saw-tau
629 313 675 342 13...
692 318 757 343 tim„
773 327 787 337 ι·
810 314 937 350 ursina,
953 328 957 343 ε
973 321 978 345 t
996 327 1021 355 25
1037 314 1138 347 rmina
1156 315 1233 347 >atu-

490 367 568 399 taria
591 365 802 409 producenda,
819 365 907 398 valde
929 366 1099 400 accomoda
1121 367 1234 408 existit,

489 417 630 460 diligenti
657 418 886 451 examinatione
911 419 1060 462 pensatis,
1077 430 1113 453 ac
1137 420 1235 464 ipsius

489 470 717 514 archicpiscopi
733 470 762 503 in
778 471 837 504 hac.
850 476 938 516 parte
952 472 1235 516 supplicationibus

491 525 640 565 inclinati,
665 524 704 557 ad
728 525 852 558 laudem
874 525 998 559 Domini
1015 526 1185 568 nominis¹,
1205 532 1233 561 et

490 578 629 611 eiusdem
654 578 726 610 tidei
747 579 1024 623 propagationem,
1049 581 1235 614 auctoritate

489 631 672 676 apostolica,
699 636 808 665 tenore
833 633 1058 676 praesentium,
1075 634 1105 667 in
1123 634 1234 668 eadem

489 685 613 717 civitate
626 684 764 718 studium
779 686 929 728 generale
944 686 1113 730 erigimus:
1128 698 1164 721 ac
1176 694 1236 721 sta-

490 738 606 772 tuimus
637 742 667 772 ct
699 738 904 779 ordinamus,
935 740 1019 783 quod
1051 740 1129 774 illud
1159 741 1235 774 inibi

490 791 651 836 perpetuis
676 791 873 835 temporibus
890 792 1002 836 vigeat,
1017 799 1079 826 tam
1097 794 1128 826 in
1146 795 1235 828 theo-

490 845 573 888 logia
599 850 626 878 et
653 845 722 878 iure
745 846 899 880 canonico
923 857 958 880 ac
979 846 1074 888 civili,
1091 858 1186 892 quam
1204 848 1234 882 in

489 899 597 942 quavis
621 899 682 931 alia
707 899 792 933 licita
825 899 992 934 facultate:
1017 901 1166 946 quodque
1191 902 1234 935 le-

489 958 600 996 gentes
628 958 658 986 et
688 953 850 987 studentes
881 954 997 988 ibidem
1027 956 1175 989 omnibus
1205 961 1236 990 et

489 1006 622 1050 singulis
650 1007 835 1051 privilegiis,
863 1008 1074 1050 libertatibus,
1104 1010 1234 1043 honori-

489 1060 569 1101 bus,
605 1060 860 1105 exemptionibus
895 1067 925 1095 et
962 1063 1234 1106 immunitatibus,

490 1113 584 1146 etiam
609 1124 667 1158 per
690 1114 772 1147 viam
797 1120 826 1148 et
853 1115 984 1149 modum
1008 1122 1235 1161 perpetuarum

491 1168 810 1209 consummi-iarum,
828 1169 885 1202 sub
905 1169 1068 1213 quibusvis
1086 1171 1189 1204 modis
1205 1176 1235 1205 et

490 1221 615 1262 formis,
640 1222 798 1255 concessis
822 1222 1000 1265 magistris,
1033 1223 1234 1265 doctoribus,

490 1284 526 1308 ac
551 1274 748 1309 studentibus
783 1276 1056 1310 commorantibus
1091 1277 1156 1310 sive
1188 1288 1236 1311 re—

490 1327 665 1362 sidentibus
690 1328 720 1361 in
745 1328 850 1362 studio
874 1330 1015 1373 generali
1040 1330 1234 1371 Coloniensi,

489 1382 642 1425 gaudeant
659 1387 689 1415 et
705 1386 843 1416 utantur:
861 1383 1009 1427 quodque
1026 1383 1081 1424 illi,
1095 1385 1148 1428 qui
1164 1395 1236 1428 pro-

489 1446 581 1469 cessu
598 1436 751 1480 temporis
770 1436 916 1469 bravium
935 1436 1131 1470 mei·uerint'²
1147 1437 1179 1470 in
1195 1438 1236 1470 sa-

490 1490 604 1523 cultate
630 1489 693 1529 illa,
720 1489 749 1522 in
773 1500 834 1533 qua
859 1489 1057 1531 studuerint,
1081 1491 1235 1531 obtinere,

489 1554 524 1576 ae
549 1542 681 1576 docendi
708 1543 875 1584 licentiam,
892 1548 927 1576 ut
946 1543 1024 1577 alios
1040 1544 1168 1577 crudire
1188 1555 1237 1578 va-

490 1597 594 1637 leant,
619 1606 741 1629 necnon
768 1596 940 1639 magisterii
966 1607 1021 1631 seu
1053 1597 1236 1632 doctoratus

489 1650 645 1684 honorem
668 1650 815 1694 petierint
842 1650 887 1684 cis
911 1651 1033 1694 largiri,
1057 1662 1115 1695 per
1131 1652 1236 1686 docto—

490 1714 557 1737 rem
591 1714 645 1737 seu
670 1703 834 1744 doctores,
868 1704 1055 1748 magistrum
1085 1715 1141 1738 seu
1169 1716 1235 1739 ma-

489 1758 606 1800 gistros
629 1757 785 1790 facultatis
809 1757 961 1799 eiusdem,
986 1758 1018 1791 in
1041 1769 1104 1803 qua
1121 1759 1236 1792 exami-

488 1811 574 1844 natio
599 1810 702 1843 tienda
733 1811 837 1852 suerit,
862 1811 1103 1856 archiepiscopo
1131 1812 1236 1846 Trevi-

490 1865 573 1898 rensi
593 1875 652 1909 pro
665 1870 807 1909 tempore
825 1865 981 1906 existenti,
998 1870 1038 1908 et,
1057 1866 1234 1914 Trevirensi

489 1917 623 1951 ecclesia
648 1917 785 1961 pastoris
809 1917 921 1951 solatio
941 1917 1100 1959 destituta,
1118 1919 1236 1953 vicario

490 1981 545 2004 seu
578 1971 704 2004 officiali
736 1971 767 2003 in
799 1971 1016 2015 spiritualibus
1047 1971 1235 2006 dilectorum

490 2024 630 2058 filiorum
656 2024 785 2068 capituli
809 2024 1005 2058 Trevirensis
1032 2030 1237 2068 praesenten-

491 2083 551 2110 tur.
584 2077 642 2117 Qui
667 2077 795 2121 quidem
822 2077 1091 2122 archiepiscopus,
1118 2079 1167 2112 vel
1193 2079 1237 2112 vi-

491 2131 595 2165 carius
626 2141 681 2164 scu
705 2130 865 2171 officialis,
889 2131 959 2164 aliis
989 2131 1172 2165 doctoribus
1208 2136 1238 2166 et

491 2184 652 2229 magistris
677 2184 708 2217 in
733 2184 843 2218 eadem
860 2184 1005 2219 facultate
1022 2184 1139 2218 ibidem
1164 2191 1238 2219 tunc

490 2238 669 2283 legentibus
692 2237 882 2278 convocatis,
907 2239 1141 2282 promovendos
1174 2249 1238 2272 eos-

491 2291 564 2325 dem
588 2291 620 2325 in
644 2291 704 2332 his,
725 2301 807 2335 quae
831 2290 869 2324 ad
894 2291 1067 2334 magisterii
1093 2302 1148 2324 seu
1180 2292 1238 2326 do-

492 2350 630 2379 ctoratus
669 2344 823 2378 honorem
859 2343 1096 2388 quomodolibet
1132 2338 1238 2388 req‘ui-

493 2403 624 2438 runtur,
649 2408 707 2442 per
727 2407 770 2438 se,
788 2398 835 2431 vel
861 2397 975 2437 alium,
1000 2398 1084 2430 iuxta
1106 2397 1236 2431 modum

493 2462 548 2484 seu
573 2451 833 2485 consuetudinem
852 2450 884 2484 in
902 2450 1017 2484 talibus
1030 2451 1062 2484 in
1079 2450 1162 2485 dieto
1178 2456 1239 2484 stu-

493 2505 546 2539 dio
569 2505 747 2539 Coloniensi
771 2504 890 2538 servari
916 2504 1036 2547 solitos,
1058 2504 1239 2538 examinare

532 2585 541 2611 t
560 2584 609 2612 Vel
625 2585 713 2620 potius
727 2584 822 2613 divini
836 2585 976 2619 nominis,
992 2588 1021 2612 ut
1034 2585 1062 2612 in
1076 2592 1152 2621 seqq.
1174 2592 1240 2613 con-

495 2628 550 2656 stit.
567 2634 605 2661 (a.
621 2629 669 2662 τ.).

531 2673 549 2704 2
562 2673 634 2701 Edit.
650 2673 730 2702 main.
744 2673 812 2711 tegit
825 2676 995 2703 meruerunt
1010 2674 1046 2710 (n.
1064 2674 1113 2709 τ.).

1078 266 1256 291 nrtmntt'it
1282 267 1437 292 ROMANUM

2026 270 2074 299 ΑΙ.
2092 270 2121 297 G.
2143 271 2209 299 ¹621

1270 316 1387 349 ><lustrat
1405 316 1411 331 ¹
1439 315 1618 359 diligenter,
1635 318 1753 361 eisque,
1770 319 1795 351 si
1817 319 1855 352 ad
1873 318 1933 352 hoc
1952 319 2014 352 suf·
2053 328 2056 331 ’

1250 356 1409 402 Ῑίὶοίοηῑοε
1434 373 1465 403 et
1488 368 1592 403 idonei
1618 371 1734 414 reperti
1758 371 1886 413 fuerint,
1902 372 2012 406 huius-

1270 421 1355 455 modi
1381 421 1539 456 licentiam
1565 423 1682 456 tribuat
1698 428 1728 456 et
1747 423 1941 466 doctoratus,
1957 435 2012 459 seu

1270 475 1444 518 magisterii
1471 475 1634 519 impendat
1658 476 1832 516 honorem;
1856 476 1901 510 illi
1927 487 2013 518 vero,

1269 528 1323 572 qui
1338 529 1368 561 in
1381 528 1494 562 eodem
1507 528 1612 563 studio
1631 529 1764 563 civitatis
1780 529 1923 563 eiusdem
1946 541 2014 564 exa-

1270 581 1379 614 minati
1404 587 1435 614 et
1458 581 1625 626 approbati
1653 582 1786 624 fuerint,
1815 592 1852 617 ac
1881 583 2014 618 docendi

1271 634 1429 668 licentiam
1449 639 1480 668 et
1504 634 1659 669 honorem
1676 635 1858 670 huiusmodi
1875 636 2015 671 obtinue-

1270 687 1344 728 rint,
1370 692 1404 721 ut
1426 688 1615 732 praefertur,
1630 699 1666 722 ex
1687 699 1782 730 nunc,
1805 690 1927 734 absque
1945 690 2015 724 aliis

1270 741 1502 774 examinatione
1530 746 1561 775 et
1591 741 1842 786 approbatione,
1865 741 2015 788 deinceps

1269 793 1414 835 docendi,
1439 794 1570 838 regendi
1594 799 1626 828 et
1649 794 1785 838 legendi,
1811 801 1873 828 tam
1893 796 1925 829 in
1941 796 2016 830 eivi—

1269 850 1331 881 tate
1355 857 1450 892 quam
1475 847 1608 891 singulis
1627 848 1697 882 aliis
1713 848 1835 891 studiis,
1851 849 1884 882 in
1901 849 2016 894 quibus

1269 899 1400 942 regere³
1424 900 1472 933 vel
1496 901 1612 934 docere
1635 901 1810 943 voluerint,
1834 902 1960 947 plenam
1985 907 2016 936 et

1270 953 1403 986 liberam
1435 953 1570 989 habeant
1606 955 1797 989 facultatem.
1830 956 2015 998 Praeterea,

1269 1011 1304 1039 ut
1334 1006 1478 1050 ipsorum
1513 1008 1761 1052 magistrorum,
1786 1008 1954 1044 doctorum
1985 1014 2017 1045 et

1270 1060 1462 1094 scholarium
1487 1061 1663 1106 dispendiis
1686 1062 1844 1105 obvietur,
1873 1063 2016 1108 praefato

1270 1118 1300 1146 et
1331 1124 1390 1157 pro
1422 1119 1566 1158 tempore
1597 1115 1743 1149 existenti
1773 1115 2016 1161 archiepiscopo

1269 1166 1458 1208 Trevirensi‚
1482 1178 1519 1201 ac
1542 1168 1665 1202 dilectis
1688 1168 1763 1203 siliis
1786 1169 1891 1203 abbati
1911 1179 2017 1204 mona-

1270 1219 1357 1253 sterii
1380 1221 1478 1255 sancti
1502 1221 1649 1256 Matthiae
1673 1227 1761 1256 extra
1784 1234 1894 1258 muros
1913 1223 2017 1258 Trevi-

1269 1284 1378 1307 renses
1403 1279 1434 1307 et
1461 1275 1644 1319 praeposito
1678 1276 1857 1310 Trevirensi
1892 1287 2016 1311 necnon

1269 1327 1415 1361 Metensis
1426 1334 1455 1361 et
1469 1329 1568 1362 sancti
1580 1329 1699 1363 Florini
1716 1329 1931 1365 Confluentiae
1943 1331 2015 1365 Tre-

1269 1380 1402 1414 virensis
1430 1381 1584 1415 dioecesis
1607 1383 1734 1416 decanis
1748 1383 1966 1426 ecclesiarum,
1979 1395 2016 1419 ac

1268 1434 1368 1477 priori
1400 1432 1514 1468 domus
1539 1435 1638 1469 sancti
1670 1436 1783 1470 Albani
1808 1441 1894 1472 extra
1914 1438 2016 1474 dictos

1271 1497 1381 1521 muros
1404 1488 1607 1522 Trevirenses
1628 1489 1859 1524 Carthusiensis
1878 1490 2015 1533 Ordinis,

1270 1539 1472 1583 mandamus,
1501 1548 1656 1586 quatenus
1686 1543 1766 1587 ipsi,
1791 1543 1838 1577 vel
1868 1544 1942 1586 duo,
1966 1545 2016 1578 vel

1269 1603 1351 1628 unus
1376 1604 1498 1637 eorum,
1523 1606 1582 1640 per
1598 1606 1642 1637 se,
1658 1597 1706 1629 vet
1724 1596 1830 1639 alium,
1848 1607 1904 1631 seu
1923 1597 2015 1640 alios,

1270 1647 1394 1681 etiamsi
1418 1648 1481 1681 sint
1504 1654 1593 1682 extra
1617 1650 1687 1684 loca
1710 1649 1742 1683 in
1771 1650 1888 1695 quibus
1916 1650 2015 1696 depu-

1271 1701 1324 1734 tati
1349 1701 1427 1742 sint,
1451 1702 1602 1746 praefatis
1634 1703 1807 1747 magistris,
1831 1703 2017 1738 doctoribus

1270 1759 1300 1787 et
1323 1754 1522 1788 scholaribus
1552 1756 1690 1790 efficacis
1713 1757 1911 1791 defensionis
1927 1768 2016 1802 prae-

1270 1808 1350 1844 sidio
1373 1809 1564 1851 assistentes,
1589 1820 1652 1844 non
1669 1811 1854 1854 permittant
1872 1822 1928 1846 eos
1943 1822 2018 1846 con—

1271 1868 1319 1895 tra
1341 1862 1524 1897 huiusmodi
1549 1864 1725 1908 privilegia,
1750 1866 1969 1910 exemptiones
1985 1871 2017 1900 et

1271 1915 1494 1957 immunitates,
1509 1917 1556 1950 vel
1570 1927 1668 1961 super
1681 1928 1792 1951 eorum
1805 1918 1907 1962 bonis,
1921 1918 2017 1953 rebus

1270 1974 1301 2003 et
1325 1969 1449 2003 iuribus
1473 1970 1729 2016 quibuscumque
1756 1972 1897 2006 indebite
1919 1973 2017 2007 mole-

1271 2023 1367 2064 stari,
1393 2023 1441 2057 vel
1465 2024 1510 2057 eis
1535 2024 1649 2057 damna
1673 2035 1730 2058 seu
1753 2025 1939 2068 gravamina
1962 2031 2017 2060 aut

1271 2077 1403 2111 iniurias
1427 2077 1575 2121 irrogari,
1600 2078 1712 2112 facturi
1729 2078 1822 2113 dictis
1843 2079 2015 2123 magistris,

1271 2130 1456 2165 doctoribus
1487 2135 1518 2164 et
1549 2131 1765 2173 scholaribus,
1790 2141 1863 2166 cum
1887 2131 1927 2166 ab
1951 2132 2015 2174 eis,

1272 2184 1320 2217 vel
1336 2183 1601 2228 procuratoribus
1618 2184 1694 2225 suis,
1710 2189 1764 2218 aut
1781 2194 1890 2219 eorum
1908 2185 2016 2230 aliquo

1272 2237 1387 2272 fuerint
1411 2237 1566 2282 requisiti,
1590 2237 1629 2271 de
1652 2237 1822 2282 praedictis
1837 2243 1869 2272 et
1891 2238 2018 2283 quibus-

1272 2291 1349 2324 libet
1372 2290 1535 2332 molestiis,
1559 2290 1694 2332 iniuriis,
1718 2290 1766 2324 vel
1791 2290 1913 2325 damnis
1928 2301 2017 2336 prae-

1273 2343 1413 2377 sentibus
1436 2349 1467 2377 et
1490 2343 1606 2377 futuris
1630 2343 1676 2387 (in
1692 2343 1742 2378 his
1758 2343 1912 2387 videlicet,
1935 2354 2016 2388 quae

1273 2397 1451 2431 iudicialem
1475 2397 1644 2441 requirunt
1665 2396 1857 2441 indaginem,
1880 2407 2017 2432 summa-

1272 2450 1320 2484 rie
1343 2456 1374 2484 et
1405 2450 1444 2484 de
1470 2450 1566 2495 plano
1593 2450 1662 2483 sine
1685 2450 1819 2494 strepitu
1849 2455 1881 2484 et
1911 2450 2016 2494 figura

1272 2503 1395 2544 iudicii;
1420 2503 1452 2537 in
1476 2503 1546 2537 aliis
1568 2513 1654 2544 vero,
1674 2508 1770 2547 prout
1801 2503 1936 2548 qualitas
1959 2513 2016 2538 ne-

1311 2585 1320 2611 t
1339 2583 1410 2611 Edit.
1426 2582 1504 2610 Μαίη.
1520 2582 1585 2618 legit
1597 2582 1733 2611 studeant
1748 2583 1784 2618 (n.
1805 2583 1855 2618 τ.).

1307 2627 1324 2655 2
1338 2627 1412 2656 Infra
1424 2627 1453 2654 in
1471 2627 1531 2655 loeo
1550 2626 1680 2663 parallelo
1694 2625 1787 2655 Const.
1803 2627 1888 2656 Ctem.
1904 2626 1952 2656 vn
1975 2630 2017 2656 est

1274 2673 1368 2710 legere
1381 2673 1423 2707 (n.
1438 2671 1487 2707 τ.).
