2293 3231
913 260 1008 287 mnnx
1032 261 1137 287 nuncu
1677 246 1742 284 83⁸

256 317 430 355 'tudertina
454 316 587 358 civitas,
614 314 676 350 427
701 324 731 349 α.
756 314 837 350 Petit
860 322 952 359 posse
977 312 1132 348 celebrari
1156 311 1295 347 osticium
1326 311 1360 347 B.
1383 310 1522 356 Philippi
1546 309 1686 353 Benitii,
1711 308 1789 343 ibid.

345 371 392 407 lbi
417 379 544 406 sacrum
570 370 639 404 eius
663 378 779 413 corpus
803 369 938 414 quiescit
962 371 992 402 ct
1015 366 1175 402 miraculis
1200 366 1381 408 illustratur,
1406 365 1468 400 428
1491 375 1521 399 α.

260 424 377 461 Tuison
405 423 483 469 (del)
509 424 598 458 aurci
622 421 748 457 velleris
773 420 860 458 Ordo
884 420 934 454 xel
961 420 1101 455 SocIetas
1121 420 1275 463 militaris,
1300 420 1363 455 779
1389 429 1417 453 a.

258 478 416 523 Tyrannis
440 477 556 512 inferre
580 485 693 511 manus
718 485 780 510 non
798 474 880 517 licet,
906 474 967 509 296
991 485 1019 508 α.

1009 604 1035 639 U

261 745 452 790 Ulyssipone
479 747 621 777 erectum
647 741 816 785 collegium
842 738 1067 780 thmnorum,
1094 738 1155 772 904
1182 737 1219 771 b:
1238 737 1310 771 vide
1334 736 1546 771 Hibernorum
1563 736 1742 781 collegium

260 797 479 834 Ursulinarum
500 797 726 830 monasterium
752 795 784 827 in
810 795 939 827 civitate
964 792 1193 836 Bmdegalensi
1216 796 1285 835 post
1307 790 1437 825 Paulum
1461 789 1486 823 V
1510 794 1652 825 erectum
1673 789 1735 824 446
1758 801 1786 824 a.

347 852 386 887 Et
410 850 470 885 alia
495 852 636 896 quinque
663 850 693 883 in
720 848 860 882 dioecesi
887 847 954 890 Lug
938 846 1094 880 odunensi
1119 849 1223 880 erecta
1247 854 1304 890 per
1329 847 1512 889 episcopum
1536 843 1788 888 Lugdunensem,

350 904 425 939 ibid.
451 902 641 938 Huiusmodi
667 902 854 937 monialium
873 902 1048 935 institutum
1080 899 1202 944 puellas
1231 900 1418 933 christianos
1438 907 1542 932 mores
1567 902 1598 932 et
1617 907 1674 932 suo
1699 899 1789 932 sexui

349 959 572 994 convenientia
597 958 749 990 exercitia
774 955 901 997 docere,
926 953 1003 987 ibid.
1028 953 1198 997 Privilcgia
1219 954 1264 986 cis
1289 961 1454 994 concessa,
1481 951 1542 986 447
1565 962 1594 985 a.
1616 950 1788 986 Nonnullas

350 1012 590 1047 constitutiones
614 1011 659 1044 eis
684 1008 875 1053 praescribit
899 1007 1014 1042 Paulus
1038 1007 1096 1041 ΡΡ.
1124 1006 1160 1048 V,
1185 1006 1246 1041 447
1273 1004 1300 1039 b.

1012 1139 1036 1173 V

262 1278 361 1312 Vallis
384 1276 498 1311 Clusae
523 1278 663 1310 castrum
688 1276 719 1308 in
744 1274 892 1308 comitatu
908 1271 1114 1317 Venayssin0‚
1133 1272 1195 1307 179
1209 1283 1236 1306 a.
1263 1272 1296 1306 ln
1318 1272 1447 1306 feudum
1465 1270 1575 1306 Clarae
1597 1271 1637 1305 de
1653 1269 1791 1306 Perusiis

352 1329 547 1373 conceditur,
573 1327 650 1363 ibid.
675 1331 788 1373 etseq

264 1385 469 1420 venetiarum
494 1387 639 1426 senatus,
666 1382 728 1416 437
752 1381 768 1414 b
793 1384 824 1414 et
848 1379 910 1414 444
936 1379 962 1413 b.
987 1379 1112 1414 Datium
1139 1380 1281 1413 macinae
1329 1379 1478 1423 imposuit
1504 1380 1535 1411 in
1561 1379 1672 1412 castris
1689 1376 1718 1411 S.
1735 1376 1793 1411 Da-

352 1438 444 1472 nielis
469 1442 499 1472 et
523 1437 552 1471 S.
578 1436 663 1479 Viti,
690 1435 751 1469 437
778 1435 813 1473 b;
839 1437 869 1468 et
894 1435 925 1467 in
951 1435 1077 1467 civitate
1103 1432 1292 1474 Genetensi,
1321 1433 1382 1467 444
1409 1433 1445 1472 b;
1473 1432 1564 1467 ambo
1590 1433 1753 1467 irritantur
1776 1441 1793 1466 a

353 1492 448 1527 Paulo
473 1491 516 1533 V
546 1489 620 1524 ibid.

263 1547 392 1582 Venetis
416 1554 585 1580 concessae
611 1544 752 1578 decimae
779 1552 835 1587 pro
860 1540 943 1575 bello
968 1545 1076 1575 contra
1100 1540 1219 1575 Turcas
1244 1539 1396 1584 parando,
1415 1540 1478 1574 708
1503 1540 1529 1573 b.

267 1601 457 1635 Viennensis
489 1598 575 1635 Ordo
604 1598 634 1632 S.
660 1597 787 1632 Antonii
813 1597 853 1631 de
878 1595 907 1629 S.
936 1595 1072 1629 Antonio
1096 1595 1294 1637 reformatur,
1320 1594 1382 1628 519
1408 1593 1433 1627 b.
1475 1592 1552 1627 Vide
1577 1593 1703 1627 Antonii
1736 1593 1793 1638 (S).

267 1655 455 1689 Viennensis
480 1654 668 1686 universitas
692 1650 869 1685 studiorum
894 1653 1009 1690 erecta,
1036 1649 1098 1683 387
1124 1659 1152 1681 α.
1179 1648 1298 1682 Statuta
1314 1658 1370 1693 pro
1391 1647 1564 1683 lectoribus
1581 1649 1612 1681 in
1630 1656 1668 1682 ea
1687 1646 1794 1682 admit·

352 1707 456 1742 tendis
481 1706 576 1748 edita,
602 1705 678 1739 ibid.
707 1705 734 1738 A
758 1703 854 1738 Paulo
879 1703 963 1747 Papa
987 1702 1013 1735 V
1038 1703 1232 1744 confirmata,
1258 1702 1320 1735 388
1345 1701 1372 1734 b.

267 1762 330 1797 Viti
356 1761 412 1807 (S.)
438 1764 587 1803 castrum,
612 1759 855 1795 concordiensis
880 1757 1047 1798 dioecesis,
1072 1755 1143 1789 vide
1167 1755 1390 1800 Aquileiensis.

1008 1888 1049 1923 W

267 2022 464 2067 Wignacour
487 2019 555 2065 (de)
580 2017 651 2053 vide
674 2016 836 2063 Alophius.

268 2076 457 2120 Wolfangus
482 2074 739 2118 archiepiscopus
763 2069 1034 2114 Salisburgensis‚
1061 2079 1078 2103 a
1102 2070 1217 2103 nuncio
1242 2067 1416 2113 apostolico
1440 2068 1471 2101 in
1497 2077 1585 2103 suam
1609 2071 1799 2112 potestatem

357 2128 562 2173 recipiendus
580 2131 610 2161 et
633 2127 673 2161 ad
697 2127 874 2160 cessionem
892 2125 1058 2168 regimims
1075 2132 1151 2157 suae
1169 2124 1324 2157 ecclesiae
1342 2122 1566 2165 admittendus,
1593 2122 1633 2156 30
1656 2121 1672 2155 b
1690 2125 1721 2155 et
1735 2132 1796 2167 seq-
