2293 3231
95 297 184 326 Amo.
207 296 274 324 1612

933 297 1051 321 PAULUS
1076 297 1093 319 V
1119 298 1165 320 ΡΙ).

293 343 441 376 Romanis
465 342 678 383 Pontificibus,
697 344 743 376 vel
762 354 796 376 ex
823 344 912 377 iustis
928 345 1030 377 causis

292 396 433 429 deductis
458 397 488 428 iu
513 397 601 437 nota,
625 402 652 429 et
679 397 718 429 ali
743 399 779 429 ea
804 397 955 441 probatis.

335 449 386 482 ⁹202.
412 449 459 490 Et,
484 449 509 481 si
533 450 658 482 auditor
689 450 871 492 cognoverit
899 450 929 482 in
954 450 1030 482 actis

291 501 399 535 adesse
416 502 628 546 suspicionem
643 502 792 543 criminis,
810 502 943 535 remittat
962 508 1029 535 acta

292 554 482 595 huiusmodi,
508 556 555 588 rel
580 555 705 588 illorum
731 555 918 599 exemplum,
936 561 1028 599 prout

292 619 343 642 res
367 608 525 651 exegerit,
550 609 588 641 ad
612 608 746 642 iudicem
771 609 976 649 ordinarium,
1001 614 1031 642 et

292 661 316 694 si
342 672 434 695 causa
469 661 642 695 criminalis
676 662 906 706 praeiudicialis
937 662 1030 695 suerit

291 726 402 749 causae
426 716 518 756 civili,
543 715 573 749 in
598 716 664 749 eius
688 716 866 759 cognitione
891 727 1031 761 superse-

290 769 370 802 deat.
1046 787 1047 802 i

335 822 386 856 23.
411 823 679 866 Quandocumque
700 822 791 855 iudex
817 823 883 867 ipse
907 823 1030 856 ordina-

291 875 356 909 rius
380 875 411 908 in
428 876 529 909 causis
542 875 759 909 criminalibus
775 886 881 909 coram
899 886 936 909 eo
952 887 1029 920 pen-

290 928 437 962 dentibus
474 929 644 972 indiguerit
680 929 930 973 depositionibus
969 935 1029 962 tes-

291 982 387 1023 tium,
413 982 460 1015 vcl
485 982 644 1026 aliquibus
668 983 833 1026 scripturis
857 982 895 1015 ad
920 993 1029 1015 causas

290 1035 469 1068 criminales
498 1035 703 1076 facientibus,
729 1040 871 1068 teneatur
905 1035 1029 1068 auditor

290 1088 368 1129 illas,
386 1089 434 1122 vel
456 1099 565 1122 carum
586 1089 774 1132 exemplum,
791 1094 825 1121 ut
840 1089 1028 1132 praefertur,

290 1142 434 1175 exhiberi
458 1143 570 1176 facere.

334 1196 386 1229 24.
405 1196 527 1230 Nemini
551 1196 641 1229 liceat
658 1196 786 1229 turbare
803 1196 945 1229 ordinem
963 1207 1028 1229 ser-

290 1250 424 1283 vandum
440 1250 472 1282 in
489 1250 764 1283 distributionibus
781 1261 957 1289 causarum,
975 1249 1028 1283 sed

290 1304 415 1337 illarum
439 1303 674 1337 commissiones
697 1303 923 1337 distribuantur
945 1303 1046 1343 bona,

291 1357 352 1391 fide
376 1358 461 1390 iuxta
480 1358 623 1391 ordinem
649 1358 742 1397 turni,
761 1358 813 1401 qui
831 1358 916 1391 nullo
941 1356 1046 1404 pror-{

291 1422 344 1444 sus
367 1411 472 1451 modo,
496 1422 597 1455 neque
623 1422 639 1444 a
664 1411 803 1452 notariis,
828 1422 885 1444 nec
909 1422 925 1443 a
949 1416 1045 1455 quo-t

291 1474 386 1508 quam
410 1464 488 1504 alio,
513 1470 728 1508 pervertatur,
753 1470 845 1508 prout
871 1475 966 1508 supra
990 1453 1046 1504 dc}t

290 1518 450 1561 signatura
475 1518 609 1551 iustitiae
633 1517 820 1562 dispositum
844 1524 898 1551 est.
1044 1517 1045 1520 ’

333 1572 384 1605 25.
410 1572 448 1605 Ut
472 1577 576 1605 autem
600 1572 725 1605 debitus
742 1573 854 1606 modus
878 1573 1028 1616 sportulis

289 1626 478 1669 imponatur,
502 1636 565 1659 non
589 1626 707 1669 possint
732 1626 891 1659 auditores
914 1636 932 1658 a
956 1636 1028 1669 par-

290 1678 382 1719 tibus,
396 1689 453 1723 per
470 1690 501 1711 se
518 1679 566 1711 vel
583 1679 689 1719 alium,
704 1679 814 1723 quovis
831 1678 925 1712 modo
941 1690 1030 1722 spor·
1044 1681 1045 1686 ’

290 1732 426 1765 tularum
450 1733 575 1765 nomine
600 1733 718 1776 aliquid
750 1738 856 1776 petere
888 1732 936 1765 vel
964 1732 1028 1765 exi-

289 1795 380 1828 gere;
405 1785 459 1818 sed
492 1796 548 1819 nec
578 1796 595 1818 a
619 1791 729 1830 sponte
753 1785 921 1826 dantibus,
947 1785 1029 1818 ultra

290 1844 392 1871 taxam
416 1838 648 1883 infrascriptam
665 1839 819 1883 accipere,
845 1839 1005 1871 videlicet:

333 1891 384 1925 26.
410 1892 444 1925 In
469 1893 568 1925 causis
583 1892 783 1937 pecuniariis,
801 1904 855 1926 seu
879 1892 1028 1937 profanis,

289 1950 342 1978 aut
365 1956 446 1989 quae
469 1946 545 1979 alias
561 1947 663 1990 pretio
679 1957 808 1991 quoquo
826 1947 920 1980 modo
937 1947 1029 1979 aesti-

289 1999 368 2032 mari
391 1999 528 2043 possint,
554 2000 579 2032 si
614 2000 788 2033 aestimatio
814 2000 880 2041 rei,
905 2001 943 2034 de
967 2011 1029 2044 qua

289 2057 410 2094 agetur,
435 2063 498 2085 non
523 2053 648 2086 excedat
682 2064 836 2086 summam
861 2053 946 2087 mille
970 2054 1028 2087 du-

289 2110 441 2146 catorum,
455 2116 568 2139 aureos
580 2106 698 2146 decem3
713 2118 730 2139 a
743 2107 828 2140 mille
841 2118 915 2140 vero
929 2118 1028 2152 usque

289 2158 327 2191 ad
351 2159 460 2193 decem
477 2159 583 2200 millia,
600 2159 868 2204 vigintiquinque,
887 2171 903 2193 a
920 2161 1028 2193 decem

290 2213 429 2247 millibus
459 2223 558 2258 usque
590 2213 628 2245 ad
652 2213 762 2256 viginti
796 2214 914 2255 millia,
940 2208 1046 2258 quin-''

290 2266 455 2310 quaginta2
471 2267 511 2299 ab
537 2265 608 2299 inde
632 2276 726 2310 supra
751 2277 851 2311 usque
867 2267 905 2300 ad
922 2278 1030 2311 quam-

290 2331 425 2365 cumque
450 2331 624 2359 summam,
643 2325 777 2353 centum.
803 2321 836 2353 In
860 2321 1028 2354 beneficia-

290 2373 372 2407 libus
395 2385 490 2415 vero,
515 2374 539 2407 si
565 2374 705 2407 redditus
735 2384 878 2414 annuus,
903 2375 941 2407 de
965 2385 1028 2419 quo

290 2432 412 2470 agetur,
429 2438 492 2460 nou
509 2427 635 2461 excedat
654 2437 808 2460 summam
833 2432 959 2460 centum
976 2427 1029 2460 du—
1044 2456 1045 2472 ζ

291 2485 443 2521 catorum,
462 2481 605 2514 similiter
628 2481 752 2519 decenn
768 2491 786 2513 a
809 2486 933 2513 centum
954 2491 1028 2513 xero
1044 2473 1046 2497 3*

291 2543 390 2578 usque
413 2534 451 2567 ad
475 2534 570 2575 mille,
588 2534 696 2577 viginti
721 2534 877 2578 quinque3
902 2544 919 2566 a
943 2533 1045 2583 inille,

291 2598 390 2631 usque
415 2588 453 2620 ad
478 2588 536 2621 tria
572 2588 689 2627 millia,
715 2587 962 2632 quinquaginta,
988 2586 1045 2619 ab*

1043 1549 1045 1562 l

290 2640 362 2673 inde
385 2651 460 2674 vero
476 2652 582 2685 supra,
595 2647 720 2674 centum
737 2651 849 2674 aureos
866 2651 924 2684 pro
941 2651 1029 2684 spor-

291 2694 363 2728 tulis
397 2695 622 2739 cuiuscumque
659 2695 827 2728 sententiae
851 2694 1027 2727 ‹tot‘tnitivao
1043 2699 1045 2733 i

1727 288 1768 320 aa

1063 344 1233 383 dumtaxat,
1251 350 1281 376 ut
1308 344 1495 388 praefertur,
1513 344 1655 387 accipere
1671 343 1801 376 valeant.

1064 396 1093 429 Si
1121 408 1194 429 vero
1218 408 1311 429 causa
1346 397 1593 430 aestimationem
1626 406 1688 429 nou
1711 396 1801 428 facile

1065 450 1203 492 recipiat,
1222 450 1379 493 sportulae
1403 449 1591 489 moderatae,
1613 460 1670 493 pro
1695 460 1801 482 rerum

1065 507 1094 534 et
1107 513 1314 546 personarum
1332 504 1490 548 qualitate,
1510 503 1593 536 iuxta
1612 509 1697 535 taxas
1713 514 1802 547 prae-

1064 555 1161 588 dictas
1187 556 1283 600 recipi
1320 557 1447 600 possint.
1473 557 1534 590 Nec
1569 556 1686 599 aliquid
1719 556 1801 589 ultra

1064 618 1125 641 nou
1150 609 1250 642 solum
1276 610 1349 653 ipsis
1373 610 1582 651 auditoribus,
1600 610 1653 643 sed
1677 620 1735 643 nec
1751 620 1802 643 eo-

1065 673 1134 694 rum
1159 663 1376 703 familiaribus,
1401 665 1448 696 vel
1474 664 1724 707 consanguineis,
1748 668 1799 696 aut

1064 715 1132 747 aliis
1156 716 1319 759 quibusvis
1343 717 1494 760 personis,
1512 717 1628 750 directe
1653 717 1701 750 xcl
1725 717 1802 749 iudi-

1064 774 1158 808 recte,
1176 769 1288 813 quovis
1311 770 1452 813 quaesito
1469 771 1574 803 colore
1599 771 1645 803 xe!
1665 770 1800 813 ingenio,

1063 822 1202 865 exceptis
1233 822 1398 855 esculentis
1434 829 1461 855 et
1498 823 1696 866 poculentis,
1720 833 1799 867 quae

1063 874 1168 907 triduo
1192 875 1333 908 consumi
1358 876 1488 918 possint,
1515 876 1652 919 ipsarum
1677 882 1801 909 senten-

1064 928 1178 961 tiarum
1203 935 1253 962 aut
1290 929 1469 962 auditorum
1506 930 1617 962 intuitu
1649 931 1799 973 praestari

1063 983 1168 1026 possit.
1182 983 1263 1022 Quas
1280 983 1407 1026 quidem
1425 984 1580 1026 sportulas
1598 983 1682 1016 iuxta
1698 989 1800 1016 taxam

1062 1035 1254 1078 praedictam
1280 1036 1362 1079 apud
1395 1037 1554 1069 notarium
1579 1047 1706 1077 causae,
1732 1042 1801 1080 post

1063 1089 1272 1133 subscriptam
1298 1089 1481 1122 senteutiam
1506 1095 1533 1122 et
1559 1090 1680 1123 notario
1706 1089 1800 1122 tradi-

1044 1140 1047 1177 Ξ
1063 1148 1126 1174 tam
1151 1147 1178 1174 et
1204 1153 1267 1174 nou
1291 1147 1390 1183 antea,
1408 1142 1521 1186 deponi
1540 1148 1567 1175 et
1583 1142 1717 1175 auditori
1731 1153 1801 1175 con-

1062 1196 1179 1239 signari
1196 1197 1357 1229 volumus:
1379 1197 1526 1240 quodque
1542 1196 1682 1229 notarius
1699 1195 1802 1241 dispo-

1062 1249 1207 1283 sitionem
1232 1255 1259 1282 et
1285 1250 1553 1293 consignationem
1574 1249 1752 1283 huiusmodi
1769 1250 1800 1282 in

1062 1303 1138 1336 actis
1162 1308 1270 1336 notare
1296 1308 1323 1335 et
1350 1304 1529 1347 specificare
1555 1309 1704 1336 teneatur.

1391 1376 1405 1415 ,ξ
1431 1375 1475 1407 vt.

1120 1446 1163 1479 Dc
1189 1446 1348 1489 Capitolio
1374 1450 1401 1479 e!
1427 1447 1495 1479 eins
1517 1446 1742 1489 officialibus&

1112 1517 1135 1549 l.
1161 1517 1292 1550 Senator
1328 1522 1355 1550 et
1394 1517 1511 1550 iudices
1548 1517 1647 1561 ipsius
1684 1517 1802 1561 possint

1062 1571 1179 1614 primas
1215 1571 1376 1604 instantias
1406 1571 1499 1603 unica
1524 1570 1591 1603 vice
1615 1581 1724 1604 eorum
1752 1580 1802 1603 ar-

1062 1624 1157 1656 bitrio
1188 1624 1307 1668 absque.
1344 1624 1405 1656 ulla
1443 1624 1664 1657 commissione
1696 1633 1803 1667 proro-

1063 1688 1147 1720 gare.

1107 1731 1135 1764 Ξ.
1161 1731 1347 1775 Capitaneus
1371 1731 1625 1775 appellationum,
1642 1741 1699 1774 pro
1717 1741 1803 1763 revo-

1063 1784 1183 1817 catione
1209 1795 1263 1817 seu
1288 1784 1502 1817 moderatione
1529 1794 1802 1828 quarumcumque

1063 1838 1295 1878 inhibifionum,
1317 1839 1472 1882 sportulas
1495 1838 1581 1871 nullo
1606 1843 1696 1881 pacto
1721 1837 1802 1871 acci-

1062 1891 1144 1935 piat:
1170 1892 1311 1925 notarius
1335 1902 1409 1924 vero
1439 1891 1597 1924 dumtaxat
1624 1890 1800 1924 mercedem

1063 1951 1160 1986 actus,
1186 1945 1249 1978 sive
1274 1945 1457 1989 scripturae.

1106 1998 1135 2032 3.
1162 1999 1203 2040 Si,
1228 1998 1325 2043 petito
1350 1998 1539 2038 consultore,
1557 2008 1628 2041 pars
1653 2007 1733 2041 quae
1754 2008 1803 2041 pe-

1064 2052 1145 2086 tierit
1177 2052 1348 2096 neglexerit
1385 2063 1442 2096 per
1467 2051 1575 2084 decem
1598 2051 1664 2084 dies
1688 2051 1802 2084 instare

1062 2117 1121 2150 pro
1145 2106 1228 2139 illius
1252 2106 1413 2146 electione,
1431 2105 1610 2149 capitaneus
1631 2104 1725 2148 possit
1746 2114 1803 2147 per

1062 2159 1199 2203 seipsum
1226 2170 1351 2192 causam
1376 2158 1532 2202 expedire.

1106 2213 1136 2246 4.
1162 2214 1212 2254 Et,
1238 2214 1262 2246 si
1288 2213 1449 2246 consultor
1474 2213 1590 2245 electus
1613 2211 1693 2244 infra
1724 2211 1802 2244 duos

1062 2278 1186 2300 menses
1209 2278 1226 2299 a
1251 2267 1299 2300 die
1316 2267 1477 2300 electionis
1501 2276 1563 2298 non
1585 2264 1802 2308 acceptaverit,

1062 2322 1110 2354 vel
1142 2321 1353 2359 recusaverit,
1386 2321 1423 2353 ad
1459 2320 1586 2352 alterius
1618 2318 1801 2351 electionem

1062 2374 1260 2418 procedatur.

1107 2428 1135 2460 5.
1161 2428 1326 2460 Terminus
1351 2427 1491 2470 quinque
1513 2426 1646 2466 dierum,
1671 2424 1761 2458 datus
1785 2435 1801 2457 a

1062 2486 1176 2514 statuto
1201 2480 1294 2513 Urbis
1311 2480 1348 2513 ad
1376 2479 1570 2512 redeundum
1591 2489 1648 2523 pro
1676 2484 1800 2523 aposto-

1100 2616 1109 2640 1
1133 2613 1204 2640 Taxa
1223 2613 1303 2640 huius
1320 2612 1412 2640 curiae
1438 2616 1478 2639 est
1501 2612 1527 2639 iu
1551 2612 1640 2640 Const.
1662 2620 1719 2647 seq.
1740 2611 1754 2647 ἕ
1775 2610 1799 2637 ἶ.

1061 2658 1103 2685 Ad
1115 2657 1181 2685 haec
1194 2658 1253 2685 vide
1264 2657 1343 2685 etiam
1357 2657 1395 2684 Pii
1406 2657 1439 2684 lv
1451 2656 1541 2684 Const.
1552 2663 1613 2683 1.xx1
1629 2657 1655 2683 in
1673 2660 1736 2684 tom.
1752 2662 1813 2693 νυ,

1060 2710 1120 2738 pag.
1138 2702 1187 2729 21¹·
1204 2710 1259 2737 seq.
1277 2702 1314 2729 (n.
1332 2708 1355 2728 Τ.
1373 2710 1403 2728 ex
1418 2701 1558 2735 Cherub).

1817 298 1863 322 Au.
1882 297 1909 322 (ἶ.
1933 296 1999 323 1615.)

1823 2478 1839 2494 O
