2293 3231
58 321 107 348 An.
123 319 151 348 c.
174 319 242 347 1617
899 316 1018 342 murus
1040 317 1060 341 v
1084 316 1132 342 pp.
1677 301 1741 336 417
1789 310 1837 338 An.
1859 309 1886 337 c.
1906 308 1972 337 1618

256 366 446 400 communiri
478 366 649 410 plurimum
683 365 875 404 desiderent3
908 364 997 398 nobis
1030 364 1199 393 Venerabili
1215 364 1304 391 tratri
1316 362 1443 391 Antonio
1455 361 1593 410 episc-opo
1608 359 1773 409 viqiliensi,

256 422 423 464 propterca
453 418 616 451 humiliter
645 418 813 462 supplicari
840 418 977 451 fecerunt
991 445 996 458 ‚
1066 411 1168 458 ¹¹⁰Sfir‘?
1181 411 1211 436 Θῑ
1225 407 1310 435 Sedit*
1323 406 1512 457 {postolic-ae
1532 412 1563 432 m
1579 405 1716 439 partibus
1733 410 1776 430 m-

258 477 291 506 ut
310 482 421 506 eorum
446 471 525 505 votis
551 472 580 504 in
600 471 780 516 praemissis
805 481 943 503 annuere
961 471 997 503 de
1067 454 1185 481 fe¹¹⁰r¹⁵
1202 453 1377 480 Germ³¹¹¹a⁰
1392 458 1513 481 nuncm'

257 525 448 568 benignitate
485 525 654 569 apostolica
689 524 903 567 dignaremur.
937 524 997 556 Nos

257 579 373 623 igitur,
398 578 546 612 officiales
571 583 597 610 et
625 578 797 611 confratres
822 576 998 621 praedictos

259 631 447 676 specialibus
472 631 631 664 favoribus
656 636 683 663 ct
710 630 818 673 gratiis
848 630 997 674 prosequi

1272 506 1382 533 Paulus
1403 506 1482 539 Papa
1502 504 1535 530 V.

1031 569 1215 597 Venerabilis
1238 569 1348 601 frater,
1370 568 1501 595 salutem
1525 569 1556 594 et
1579 565 1776 600 apostolicam

1279 611 1527 640 benedictionem.

259 684 408 725 volentes,
427 689 453 716 et
481 694 591 717 eorum
613 683 789 726 singulares
814 692 965 726 personas
983 693 998 714 a

259 736 421 781 quibusvis
431 736 774 777 excomnninicationis,
785 735 999 779 suspensionis

260 795 289 823 et
307 790 474 831 interdicti,
493 790 624 834 aliisque
642 788 860 823 ecclesiasticis
881 793 1001 821 senten-

261 843 330 884 tiis,
356 843 498 876 censuris
527 848 555 876 et
589 843 716 886 poenis,
741 852 758 873 a
790 841 857 874 iure
890 841 937 872 rel
963 840 1000 872 ab

261 897 399 938 homine,
416 897 525 941 quavis
549 896 714 930 occasione
738 895 785 927 vel
810 896 904 927 causa
921 894 1001 934 latis,

1077 683 1091 725 g
1116 682 1144 714 l.
1171 681 1338 725 Cupientes
1364 680 1400 711 ad
1427 680 1602 712 animarum
1633 679 1776 718 salutem,
1861 691 1977 717 Deputauo

1034 734 1237 777 divinumque
1263 735 1381 766 cultum
1408 732 1675 777 promovendum,
1702 731 1777 764 civi-
1792 723 1866 765 iffifct't'i
1882 720 1978 765 ιῗὲῑῗέἷῖἶ

1035 793 1127 820 tatem
1146 793 1172 820 et
1192 786 1360 820 dioecesim
1388 786 1650 828 Bambergensem
1674 789 1778 818 aucto-
1793 772 1978 819 Βῖἓέἷὲἕῗῗῑὲέηῗῖ

1035 841 1125 874 ritate
1160 843 1267 873 nostra
1304 839 1477 883 apostolica
1518 838 1652 871 visitari:
1689 843 1777 871 motu
1792 824 1979 878 [e’ss‘gfiss'rsssendssd.

1035 894 1164 938 proprio
1189 899 1219 926 et
1243 905 1278 926 ex
1306 895 1390 926 certa
1416 892 1568 931 scientia,
1594 902 1629 924 ac
1654 878 1979 926 mat111¹a3¹ss¹1itiir¹f¹⁰¹⁸⁰⁹m

95 1610 216 1632 Clausulae⁴

98 1984 150 2006 Cum
167 1983 255 2009 deroga-

71 2011 130 2032 tione
139 2010 256 2032 contrario-

72 2044 125 2059 rum.

261 951 286 984 si
311 950 425 995 quibus
457 949 694 994 quomodolibet
726 947 891 982 innodatae
921 947 1001 980 exis-

262 1009 347 1045 tunt,
372 1004 410 1036 ad
435 1003 580 1037 effectum
605 1003 817 1047 praesentium
841 1002 1003 1034 dumtaxat

263 1057 530 1101 consequendum,
549 1057 662 1089 harum
683 1056 764 1089 serie
788 1056 1002 1097 absolventes,

262 1116 293 1144 et
323 1111 483 1144 absolutos
514 1111 581 1144 sorc
613 1117 792 1152 censentes,
824 1111 1003 1144 huiusmodi

262 1164 546 1208 supplicationibus
556 1165 705 1205 inclinati,
720 1169 832 1199 statuta
845 1165 1005 1210 praedicta

264 1217 435 1262 apostolica
448 1218 643 1259 auctoritate,
660 1225 767 1252 tenore
781 1220 1004 1263 praesentium,

264 1276 418 1315 perpetuo
442 1272 655 1316 approbamus
671 1279 701 1306 et
718 1275 955 1315 contii-mannis,
973 1275 1007 1307 il-

265 1323 367 1368 lisque
397 1325 586 1359 inviolabilis
624 1328 814 1370 apostolicae
848 1328 1006 1361 firmitatis

266 1378 364 1411 robur
389 1379 573 1421 adiicimus,
599 1391 634 1413 ac
665 1392 774 1415 omnes
806 1388 836 1415 et
866 1383 1007 1425 singulos

267 1436 329 1464 tam
354 1432 432 1466 iuris
456 1444 551 1477 quam
576 1434 646 1467 sacti
664 1436 812 1477 desectus,
830 1437 855 1469 si
879 1437 933 1480 qui
953 1437 1006 1469 de-

267 1496 361 1528 super
378 1487 617 1530 quomodolibet
630 1488 865 1530 intervenerint,
883 1491 1008 1534 supple-

267 1549 346 1572 mus.

311 1593 326 1637 ᾖ
349 1594 378 1627 3.
405 1596 536 1639 Ipsaque
561 1601 674 1630 statuta
699 1597 730 1629 in
755 1597 864 1630 cadem
889 1600 1009 1631 eontra-

268 1647 414 1681 ternitate
431 1658 448 1681 a
472 1649 642 1691 modernis,
661 1656 687 1683 et
708 1662 765 1694 pro
784 1657 925 1695 tempore
943 1652 1007 1685 exi-

268 1701 420 1734 stentibus
444 1702 527 1736 illius
553 1704 765 1738 confratribus
782 1712 935 1749 perpetuo
956 1707 1009 1739 ob-

269 1755 385 1788 servari
410 1755 542 1795 debere,
569 1768 604 1790 ac
630 1757 755 1791 irritum
789 1764 819 1792 et
849 1759 958 1797 inane,
985 1759 1009 1792 si

269 1815 359 1839 secus
376 1816 471 1851 super
494 1808 543 1841 his
555 1819 571 1840 a
586 1819 757 1852 quoquam,
775 1810 884 1855 quavis
901 1816 1009 1844 aueto-

269 1860 370 1899 ritate‚
394 1861 529 1895 scienter
553 1863 600 1895 vel
625 1863 819 1906 ignoranter,
844 1865 1012 1908 contigerit

270 1915 426 1956 attentari,
444 1915 653 1950 decernimus.

315 1969 330 2011 ξ
353 1968 383 2001 4.
414 1969 481 2002 Non
510 1970 705 2003 obstantibus
736 1971 1012 2005 constitutionibus

271 2026 302 2053 et
331 2021 582 2055 ordinationibus
612 2024 811 2066 apostolicis,
837 2024 1011 2068 ceterisque

272 2075 438 2108 contrariis
454 2076 716 2120 quibuscumque.

316 2128 427 2161 Datum
452 2129 585 2170 Romae,
610 2130 692 2173 apud
717 2130 746 2163 S.
772 2130 899 2164 Mariam
925 2132 1014 2165 Maio-

272 2193 356 2223 rem,
375 2183 432 2216 sub
449 2183 565 2216 annulo
583 2183 764 2224 piscatoris,
782 2184 832 2216 die
855 2194 874 2217 x
895 2185 1015 2218 decem-

272 2237 338 2270 bris
351 2247 493 2277 nncxvn,
504 2237 703 2281 pontificatus
716 2239 815 2272 nostri
830 2249 911 2273 anno
925 2250 990 2272 xm.

308 2300 369 2328 Dat.
391 2300 434 2327 die
456 2300 488 2327 10
507 2300 662 2327 decembris
679 2301 760 2332 1617,
775 2302 867 2336 pontif.
885 2310 928 2329 aii.
946 2309 1004 2330 xiii.

583 2436 697 2470 CCCIV.

275 2508 404 2542 Nuncio
428 2508 602 2553 apostolico
628 2510 661 2542 ιή
678 2509 830 2553 partibas
849 2509 1017 2552 inferioris

323 2561 518 2595 Germaniae
542 2562 758 2595 conmittitur
775 2562 918 2595 visitatio
938 2563 1016 2596 ciet-

323 2615 399 2648 tatz's
424 2619 452 2648 et
476 2614 627 2648 dioecesis
651 2614 926 2659 Boemberqensist

318 2734 325 2759 l
350 2732 386 2759 Ex
402 2732 509 2768 Regest.
526 2730 554 2759 in
573 2732 673 2760 Secret.
690 2731 768 2760 Brev.

388 2785 467 2814 Bult.
482 2786 566 2815 Rom.
579 2801 612 2807 -
631 2785 692 2815 Vot.
709 2785 775 2815 XII.
937 2783 972 2814 53

1036 947 1263 980 deliberatione
1289 946 1416 986 nostris,
1433 945 1500 986 tibi,
1525 945 1563 977 de.
1589 943 1678 977 cuius
1703 943 1779 976 inte-

1036 1001 1158 1045 gritate,
1184 1000 1359 1045 prudentia,
1381 999 1535 1038 doctrina,
1555 1002 1585 1031 et
1608 997 1779 1031 catholicae

1037 1054 1199 1097 religionis
1221 1054 1286 1087 zelo
1310 1053 1484 1097 plurimum
1505 1051 1536 1084 in
1553 1050 1687 1084 Domino
1704 1060 1779 1084 con-

1038 1107 1185 1146 fidimus,
1210 1117 1267 1151 per
1291 1111 1473 1150 praesentes
1499 1103 1726 1137 committimus
1751 1108 1778 1136 et

1039 1161 1234 1201 mandamus,
1263 1165 1293 1193 ut
1314 1158 1550 1203 quamprimum
1568 1158 1635 1190 fieri
1655 1157 1780 1201 poterit,

1040 1220 1199 1257 tamquam
1225 1219 1332 1246 noster
1357 1217 1384 1245 et
1412 1211 1610 1256 Apostolicae
1627 1211 1715 1244 Sedis
1733 1212 1782 1244 de-

1040 1270 1160 1312 legatus
1185 1274 1247 1300 tam
1274 1266 1549 1310 metropolitanam
1571 1276 1666 1309 quam
1692 1266 1782 1299 eolle-

1040 1323 1138 1366 giatas
1168 1328 1194 1355 et
1221 1322 1296 1354 alias
1328 1329 1542 1364 quascumquc
1576 1320 1722 1353 ecelesias
1747 1332 1780 1353 ae

1040 1376 1229 1410 monasteria
1255 1381 1317 1408 tam
1338 1375 1479 1407 virorum
1498 1384 1591 1416 quam
1613 1373 1781 1407 mulierum

1040 1440 1312 1475 qiiorumcumtpte
1338 1429 1430 1463 ctiam
1464 1427 1706 1461 Mendicantium
1731 1428 1783 1461 Or-

1041 1486 1160 1525 dinum,
1181 1485 1273 1517 etiam
1300 1492 1502 1527 ‹procumque
1527 1482 1733 1515 immunitatis
1754 1489 1782 1515 et

1041 1538 1249 1583 exemptionis
1263 1536 1428 1581 privilegio
1442 1535 1584 1575 suffulta,
1599 1546 1633 1568 ac
1647 1535 1737 1569 nobis
1755 1541 1783 1568 et

1042 1592 1238 1637 Apostolicae
1264 1591 1334 1624 Sedi
1361 1589 1494 1623 mediate
1527 1590 1574 1621 vel
1604 1589 1784 1622 immediate

1042 1647 1191 1683 subiecta,
1210 1646 1239 1678 in
1258 1644 1382 1677 civitate
1408 1649 1435 1676 ct
1462 1643 1597 1676 dioecesi
1622 1642 1783 1686 praedicta

1042 1700 1214 1739 existentia,
1232 1708 1405 1741 eorumque
1431 1697 1576 1741 capitula,
1602 1702 1784 1738 conventus,

1044 1753 1260 1788 universitates
1282 1758 1308 1785 et
1335 1751 1478 1794 collegia,
1496 1762 1530 1783 ac
1549 1751 1676 1784 illorum
1695 1761 1786 1794 supe-

1044 1809 1144 1841 riores
1169 1813 1195 1840 et
1224 1816 1385 1850 personas,
1403 1805 1496 1838 etiam
1517 1804 1661 1837 similiter
1685 1814 1787 1837 exem-

1044 1868 1120 1906 ptas,
1141 1860 1305 1903 dictaeque
1324 1858 1394 1891 Sedi
1417 1857 1595 1890 immediate
1621 1857 1786 1895 subiectas,

1044 1916 1166 1960 quoties
1192 1914 1246 1947 tibi
1273 1913 1444 1953 videbitur,
1469 1912 1653 1946 auctoritate
1678 1914 1786 1945 nostra

1045 1969 1161 2008 visites,
1177 1978 1211 2000 ae
1230 1967 1260 1999 in
1279 1966 1405 1999 illorum
1431 1969 1557 2005 statum,
1575 1965 1719 2005 sormam,
1736 1976 1786 1998 re-

1046 2023 1144 2066 gulas,
1170 2021 1320 2056 instituta,
1342 2019 1495 2062 regimen,
1517 2022 1639 2058 statuta,
1660 2029 1789 2051 consue-

1046 2075 1182 2115 tudines,
1197 2074 1301 2113 vitam,
1317 2083 1432 2113 mores,
1446 2072 1524 2106 ritus
1539 2077 1567 2104 ct
1580 2071 1788 2115 disciplinam,

1048 2136 1110 2163 tani
1127 2128 1319 2162 coniunctim
1345 2138 1439 2171 quam
1465 2125 1600 2165 divisim,
1617 2136 1652 2158 ac
1679 2131 1741 2158 tam
1759 2126 1789 2158 in

1047 2185 1149 2228 capite
1176 2193 1270 2227 quam
1293 2183 1323 2214 in
1350 2180 1520 2219 membris,
1541 2179 1709 2222 diligenter
1736 2179 1787 2211 in-

1047 2237 1170 2281 quiras:
1189 2246 1322 2275 necnon,
1340 2234 1537 2277 evangelicae
1552 2238 1578 2265 et
1601 2232 1790 2276 apostolicae

1048 2291 1220 2331 doctrinae,
1238 2298 1465 2331 sacrorumque
1489 2297 1662 2327 canonum,
1687 2290 1716 2320 et
1741 2296 1792 2329 ge-

1048 2344 1203 2377 neralium
1236 2342 1445 2377 conciliorum
1480 2340 1614 2373 decretis
1629 2367 1636 2377 ,
1661 2350 1696 2372 ac
1721 2349 1791 2372 san-

1049 2403 1172 2431 ctorum
1193 2400 1318 2440 patrum
1342 2394 1564 2428 traditionibus
1588 2397 1680 2436 alque
1709 2392 1793 2425 insti-

1050 2451 1123 2485 tutis
1154 2449 1365 2489 inhaeremlo,
1395 2454 1421 2481 et
1454 2452 1549 2492 prout
1569 2446 1708 2487 occasio,
1736 2456 1789 2479 rc-

1050 2515 1184 2548 rumquc
1214 2503 1348 2548 qualitas
1384 2501 1548 2544 exegerit,
1575 2510 1792 2544 quaecumque

1052 2558 1234 2594 mutatione.
1252 2556 1458 2597 correctione,
1477 2553 1706 2593 emendatione,
1724 2563 1795 2587 eon-

1052 2612 1213 2645 voeatioue
1238 2615 1264 2643 el
1292 2609 1505 2649 renovatione,
1523 2618 1558 2641 ae
1583 2607 1674 2640 etiam
1697 2617 1733 2640 ex
1752 2608 1795 2640 in-

1053 2672 1141 2708 tegro
1159 2664 1294 2698 editione
1319 2662 1461 2705 indigere
1478 2661 1676 2705 cognoveris,
1695 2661 1794 2695 resor-·

1053 2729 1140 2762 mes,
1166 2723 1278 2759 mutes,
1304 2716 1445 2760 corrigas
1471 2726 1506 2749 ac
1530 2715 1624 2749 etiam
1649 2714 1686 2749 de
1711 2724 1794 2749 novo
