2293 3231
111 255 161 283 An.
177 254 208 284 C.
227 255 292 284 1621

900 256 1076 284 GREGOMUS
1100 257 1144 283 XV
1168 259 1216 284 Pr.

310 304 409 338 Patris
424 305 576 348 unigeniti
593 305 661 338 lesu
678 305 790 340 Christi
803 306 926 340 Domini
946 308 1044 340 nostri

310 358 471 400 sanguinis
494 359 596 402 pretio
620 359 825 403 acquisitum,
850 370 912 393 non
937 362 1045 405 paucis

310 411 340 443 in
356 411 433 444 locis
451 421 514 445 non
531 412 631 446 solum
649 413 837 457 pastoribus,
852 414 905 447 scd
922 414 1045 457 pascuis

309 464 403 497 etiam
423 465 621 505 destitutum;
648 466 720 499 hinc
745 467 892 511 luporum
917 467 1046 500 insidiae

309 528 372 551 non
383 524 548 560 cessantes,
561 519 645 553 illinc
659 521 853 564 praedonum
867 527 897 553 et
908 520 1044 554 hostium

309 571 454 604 violentia
471 577 607 606 mactare
625 578 654 606 et
674 573 805 617 perdere
829 573 1044 607 adnitentium.

308 624 506 668 Quapropter
529 625 567 657 ad
598 626 764 659 Dominum
797 636 868 659 cum
893 626 1047 670 propheta

309 676 444 710 clamare
461 679 699 722 compellimur:
718 679 902 720 Exallatus,
915 679 1048 712 humili-

311 732 397 762 tatus
423 740 496 763 sum
529 735 557 764 et
581 732 813 771 conturbatus;
840 736 973 766 terrores
999 733 1048 765 tui

309 783 580 818 conturbaverimt
607 795 667 825 me,
688 785 970 818 circmndederunt
997 795 1047 817 me

308 836 392 870 sicut
411 847 515 881 aqua,
540 839 605 871 told
626 838 678 872 die
694 838 974 872 circunuledcrunt
999 849 1048 871 me

308 888 430 930 simul;
456 900 491 923 ac
515 890 574 923 nisi
595 890 662 924 eius
678 891 843 931 auxilium,
861 890 914 935 qui
933 891 1047 924 nostris

309 941 450 975 humeris
473 948 594 976 tantum
618 944 741 987 pondus
765 944 933 987 imposuit,
957 943 1047 977 nobis

308 994 489 1029 adfuturum
500 996 856 1037 confide1·emus,animo
870 997 961 1040 plane
977 1007 1048 1030 con-

310 1047 485 1082 cideremus
498 1048 516 1080 ¹.
543 1049 602 1082 Sed
633 1049 780 1093 quoniam
820 1049 975 1093 benignus
1002 1055 1048 1083 est

309 1101 468 1142 Dominus,
493 1106 524 1134 et
547 1111 610 1135 non
627 1102 814 1146 derelinquit
836 1108 1000 1147 sperantes
1016 1103 1047 1135 in

308 1164 352 1195 se,
369 1154 584 1187 infirmitatem
600 1161 751 1193 nostram,
772 1155 844 1189 licet
859 1161 946 1189 tanto
959 1155 1047 1189 oneri

307 1208 401 1251 longe
426 1208 591 1253 imparem,
617 1209 736 1252 gratiae
754 1220 828 1243 suae
844 1209 959 1243 virtute
976 1220 1048 1243 con-

308 1261 437 1295 fortabit
453 1273 488 1296 ac
505 1262 630 1305 tribuet,
655 1269 688 1296 ut
711 1264 853 1297 sufficere
879 1264 1045 1297 raleamus.

308 1313 342 1346 Id
366 1326 441 1349 vero
465 1321 499 1349 ut
522 1317 692 1360 impetrare
712 1317 750 1349 ab
766 1317 895 1350 AEterno
920 1317 1048 1350 Pastore

309 1378 502 1409 mereamur,
527 1369 565 1402 ad
590 1375 708 1402 vestras
733 1369 891 1403 orationes
912 1375 942 1402 et
965 1369 1048 1402 bona

309 1432 404 1466 opera
417 1422 587 1466 confugere
599 1433 634 1455 ex
649 1433 737 1456 more
745 1424 957 1456 Romanorum
972 1423 1049 1455 Pon-

309 1475 429 1508 tificum
445 1476 724 1520 praedecessorum
741 1482 924 1510 nostrorum
943 1476 1049 1509 decre-

309 1527 420 1561 vimus.
438 1528 498 1562 Vos
516 1529 610 1569 enim,
628 1529 743 1572 quibus
760 1535 866 1562 nostra
882 1529 1048 1573 pastoralis

308 1580 518 1625 impendenda
531 1587 576 1615 est
591 1582 778 1622 sollicitudo,
788 1582 871 1626 apud
881 1582 977 1615 Deum
989 1593 1048 1626 pro

308 1635 400 1668 nobis
416 1635 656 1676 intercedendo,
681 1646 744 1669 non
766 1641 901 1669 vestram
927 1636 1047 1677 minus,

309 1699 403 1732 quam
435 1695 574 1723 nostram
609 1690 820 1734 procurabitis
851 1690 1046 1734 spiritualem

307 1741 482 1776 utilitatem.
492 1742 714 1784 Quamobrem,
728 1749 762 1776 ut
773 1743 885 1776 maiori
902 1754 973 1776 eum
987 1743 1049 1776 sru-

309 1800 361 1828 ctu
377 1795 640 1829 administrationi
653 1796 753 1829 nostri
770 1796 864 1829 officii
881 1796 1047 1840 suffragari

309 1848 348 1882 ad
364 1849 505 1882 divinum
529 1850 680 1883 auxilium
698 1850 953 1894 consequendum
978 1861 1049 1894 pos-

309 1901 386 1943 sitis,
400 1901 439 1935 de
454 1902 602 1936 thesauro
620 1903 788 1943 Ecclesiae,
807 1903 895 1936 cuius
911 1913 967 1936 nos
984 1903 1047 1936 dis-

309 1959 491 1998 pensatores
514 1966 634 1996 sumus,
657 1955 852 1989 abundanter
876 1957 1047 2000 erogando,

310 2007 348 2040 ad
374 2019 478 2041 veram
502 2009 725 2052 poenitentiam
742 2015 772 2042 et
795 2010 846 2053 pia
870 2020 969 2054 opera
993 2020 1048 2043 vos

310 2060 484 2095 incitandos
500 2061 654 2094 duximus.
675 2062 791 2105 Dignos
809 2063 913 2106 itaque
926 2064 1048 2096 fructus

310 2114 520 2158 poenitentiae
542 2115 702 2155 faciamus,
715 2116 834 2148 animas
852 2120 976 2150 nostras
991 2117 1048 2150 Do-

310 2167 395 2200 mino
412 2167 624 2208 humiliemus,
641 2173 672 2201 et
686 2168 716 2200 in
734 2168 793 2201 hoe
807 2179 896 2202 sacro
917 2169 1049 2212 quadra-

309 2220 450 2264 gesimali
466 2226 621 2265 tempore,
642 2221 708 2261 ubi,
732 2231 769 2254 eo
786 2221 928 2261 durante,
944 2221 1047 2265 publi-

290 2280 294 2281 ’
309 2278 394 2306 eatae
405 2273 464 2306 hae
471 2279 597 2307 nostrae
605 2274 726 2307 litterae
737 2274 908 2314 suerint,ad
914 2284 1047 2318 pensum

309 2331 433 2359 sanctae
442 2326 646 2360 institutionis
656 2326 774 2370 aliquid
781 2326 941 2368 addamus,
952 2327 1048 2360 corda

308 2383 416 2412 nostra
431 2379 620 2420 scindamus,
645 2385 675 2413 et
698 2379 729 2412 in
753 2379 912 2420 oratione,
930 2379 1047 2414 ieiunio

309 2433 484 2476 ceterisque
491 2433 616 2477 pietatis
624 2433 773 2477 operibus
781 2433 972 2466 unanimiter
981 2444 1049 2478 per-

308 2496 496 2520 severemus.

344 2569 357 2594 1
374 2567 494 2596 Erronee
513 2567 578 2596 edit.
599 2569 682 2596 Main.
707 2568 772 2604 legit
787 2568 846 2596 nisi
904 2568 983 2595 nobis
997 2568 1047 2595 ad-

308 2612 441 2646 futurum
455 2613 676 2647 consideremus,
692 2613 806 2641 animos
818 2613 907 2648 plane
922 2613 1047 2641 conside-

310 2662 404 2685 remus
417 2656 455 2693 (ιι.
471 2656 518 2692 τ.).

1123 308 1138 351 ἓ
1163 308 1192 340 1.
1216 307 1413 351 Quapropter
1438 307 1466 339 in
1484 307 1543 340 hac
1562 307 1644 339 alma
1665 307 1747 340 Urbe
1765 317 1817 340 no-

1079 363 1143 393 stra
1159 371 1176 393 a
1192 361 1332 404 cappella
1351 362 1456 393 nostra
1475 360 1600 404 publica
1619 360 1725 404 palatii
1742 370 1817 403 apo-

1079 413 1178 446 stolici
1197 414 1234 445 ad
1252 414 1410 446 basilicam
1431 413 1584 457 Principis
1601 414 1816 457 apostolorum

1080 466 1110 498 in
1128 467 1286 506 Vaticano,
1304 477 1423 499 necnon
1446 467 1484 499 ab
1501 467 1632 499 {ecclesia
1650 468 1678 499 S.
1706 467 1818 499 Mariae

1080 520 1272 562 Angelorum
1300 523 1479 564 nuncupant
1504 521 1542 552 ad
1567 520 1726 553 basilicam
1752 531 1820 553 san-

1080 578 1146 605 ctae
1164 573 1278 605 Mariae
1299 573 1432 611 Maioris,
1447 574 1588 616 proxima
1611 574 1818 613 bebdomada,

1081 636 1158 669 quae
1172 626 1229 659 erit
1243 630 1311 669 post
1325 632 1466 669 quartam
1485 627 1674 659 dominicam
1688 627 1820 670 quadra-

1081 678 1228 720 gesimae,
1247 681 1356 722 quarta
1375 685 1405 711 ct
1422 679 1507 712 sexta
1533 680 1609 713 scria
1634 680 1818 724 respective,

1082 731 1236 764 solemnes
1253 732 1470 775 processiones
1485 733 1522 765 de
1539 744 1624 766 inore
1643 733 1818 771 indicimus,

1081 784 1120 817 ad
1134 795 1210 828 quas
1228 785 1372 818 basilicas
1389 796 1454 825 nos,
1473 789 1533 818 una
1548 798 1617 819 eum
1636 787 1819 820 venerabili-

1081 838 1139 870 bus
1152 838 1303 871 fratribus
1319 839 1434 871 nostris
1455 839 1483 871 S.
1498 841 1530 872 P..
1550 841 1581 872 li.
1599 841 1818 880 cardinalibus,

1082 901 1203 924 necnon
1225 892 1429 935 patriarchis,
1455 893 1701 937 archiepiscopis
1725 900 1819 938 atque

1081 944 1249 989 episcopis,
1274 956 1352 988 quos
1377 945 1407 977 in
1432 946 1570 979 Romana
1595 947 1687 979 Curia
1712 947 1819 979 adesse

1082 997 1268 1040 contigerit,
1300 1008 1334 1030 ar
1366 998 1609 1032 christianorum
1648 1010 1757 1042 regum
1790 1005 1818 1032 et

1081 1051 1258 1095 principum
1285 1052 1463 1085 oratoribus
1479 1053 1561 1096 apud
1585 1062 1641 1085 nos
1666 1053 1822 1086 existenti-

1082 1103 1162 1143 bus,
1190 1104 1319 1147 aliisque
1342 1105 1490 1148 praelatis
1518 1111 1609 1149 atque
1635 1106 1820 1138 ot‘ticialibus

1083 1157 1239 1190 Romanae
1255 1158 1371 1198 curiae,
1389 1158 1597 1202 universoque
1615 1160 1699 1191 clero
1717 1165 1743 1191 ct
1770 1170 1821 1202 po-

1081 1210 1154 1253 pulo
1172 1211 1356 1251 comitante,
1374 1212 1537 1251 accedere,
1563 1213 1722 1256 dictasque
1747 1224 1817 1256 pro-

1082 1264 1237 1297 cessiones
1269 1265 1429 1298 celebrare
1455 1266 1628 1299 statuimus.
1657 1267 1691 1299 [It
1717 1272 1821 1298 autern

1081 1316 1218 1350 divinam
1243 1328 1334 1361 opem
1361 1319 1518 1351 efficacius
1539 1319 1766 1362 imploremus,
1792 1323 1821 1352 et

1082 1370 1175 1403 simul
1200 1371 1307 1403 effusis
1332 1372 1504 1404 multorum
1524 1372 1669 1415 precibus
1685 1374 1821 1405 fructuo-

1082 1423 1146 1456 sius
1160 1424 1374 1465 exaudiamur,
1390 1435 1499 1458 omnes
1514 1431 1541 1458 et
1557 1426 1697 1468 singulos
1711 1426 1822 1458 utrius-

1082 1487 1141 1519 que
1163 1488 1254 1510 sexus
1271 1478 1490 1511 {christifideles
1514 1479 1630 1522 ubique
1655 1479 1820 1513 existentes

1081 1530 1170 1563 enixe
1185 1530 1217 1562 in
1230 1531 1363 1563 Domino
1378 1532 1550 1573 hortamur,
1566 1538 1593 1565 et
1607 1534 1737 1575 paterna
1752 1534 1820 1565 clia-

1082 1583 1171 1616 ritate
1189 1594 1365 1624 monemus,
1383 1591 1425 1623 ut,
1442 1585 1495 1628 qui
1513 1586 1543 1617 in
1564 1586 1621 1618 liae
1639 1586 1721 1619 alma
1738 1586 1819 1619 [rbc

1081 1642 1161 1677 sunt,
1179 1636 1260 1670 dieta
1279 1637 1486 1678 hebdomada,
1512 1644 1562 1670 aut
1588 1638 1697 1671 saltem
1722 1639 1820 1671 altera

1082 1690 1234 1733 sequenti,
1249 1690 1301 1734 qui
1320 1701 1393 1724 vero
1411 1697 1497 1724 extra
1510 1692 1626 1725 [rbem
1643 1693 1674 1725 in
1690 1692 1820 1736 quibus-

1082 1743 1127 1776 vis
1144 1744 1232 1777 orbis
1248 1749 1406 1777 terrarum
1421 1745 1498 1778 locis
1515 1745 1660 1786 existunt,
1674 1746 1819 1790 proxima

1081 1803 1132 1830 aut
1149 1797 1247 1830 altera
1265 1798 1406 1841 sequenti
1423 1798 1621 1832 bebdomada
1640 1805 1711 1843 post
1734 1810 1822 1843 prae-

1081 1851 1216 1884 sentium
1233 1851 1386 1893 notitiam,
1400 1852 1469 1895 pias
1486 1852 1524 1884 ad
1541 1852 1639 1885 Deum
1655 1863 1765 1896 preces
1781 1854 1822 1886 es-

1080 1904 1220 1945 sundant,
1237 1909 1269 1938 ut
1286 1905 1456 1938 Ecclesiam
1475 1916 1563 1937 suam
1581 1910 1719 1938 sanctam
1738 1911 1821 1938 tuea-

1080 1963 1132 1990 tur
1149 1953 1182 1991 et*
1194 1961 1348 2001 protegat,
1363 1958 1509 1991 haereses
1522 1958 1661 2002 undique
1685 1959 1820 1992 evellere

1080 2015 1110 2045 et
1134 2011 1291 2055 extirpare
1306 2038 1313 2051 ,
1346 2011 1441 2044 fidem
1474 2017 1611 2045 sanctam
1633 2013 1819 2046 catholicam

1080 2064 1237 2108 adaugere
1262 2070 1289 2097 et
1315 2075 1503 2108 propagare,
1528 2076 1636 2109 pacem
1661 2071 1689 2098 ct
1712 2076 1819 2098 verani

1081 2117 1282 2151 concordiam
1308 2118 1417 2161 largiri
1443 2118 1606 2161 dignetur:
1632 2118 1720 2151 nobis
1745 2129 1819 2151 vero

1080 2170 1162 2203 rires
1180 2171 1312 2211 tribuat,
1337 2171 1450 2214 quibus
1476 2175 1657 2215 susceptum
1678 2182 1756 2204 onus
1781 2172 1819 2204 ad

1080 2223 1147 2256 eius
1163 2224 1299 2256 nominis
1318 2224 1462 2266 gloriam,
1481 2224 1684 2268 fideliumque
1708 2231 1736 2258 ct
1757 2225 1821 2257 ani—

1081 2286 1150 2309 mae
1174 2282 1301 2310 nostrae
1322 2277 1464 2318 salutem,
1480 2278 1700 2328 admjnistrare
1720 2278 1820 2311 valea-

1080 2338 1159 2361 mus.
1185 2329 1222 2361 Et
1246 2329 1266 2361 ii
1291 2329 1435 2372 quidem,
1461 2330 1514 2373 qui
1539 2330 1570 2362 in
1601 2330 1711 2363 eadem
1737 2331 1819 2364 Urbe

1080 2381 1131 2414 hic
1155 2387 1336 2425 praesentes
1361 2388 1441 2423 sunt,
1466 2383 1642 2426 praedictas
1666 2383 1820 2428 Principis

1080 2434 1296 2477 apostolorum
1332 2445 1367 2468 ac
1403 2440 1527 2468 sanctae
1551 2436 1664 2469 Mariae
1695 2437 1819 2470 Maioris

1080 2486 1234 2528 basilicas,
1246 2488 1294 2520 vel
1307 2498 1401 2521 unam
1420 2499 1456 2521 ex
1471 2489 1515 2522 eis
1532 2500 1626 2532 quam
1641 2490 1818 2531 maluerint,

1079 2540 1217 2584 quivero
1227 2541 1300 2573 alibi
1311 2546 1396 2574 extra
1408 2542 1523 2575 Urbem
1538 2549 1640 2583 erunt,
1653 2544 1818 2577 ecclesiam

1080 2604 1136 2627 seu
1151 2594 1299 2628 ecclesias
1317 2605 1374 2638 per
1390 2596 1533 2628 locorum
1553 2596 1746 2638 Ordinari0s‚
1763 2607 1819 2631 seu

1080 2658 1191 2682 eorum
1203 2648 1347 2689 vicarios,
1357 2654 1410 2683 aut
1422 2649 1459 2683 de
1472 2660 1583 2684 eorum
1596 2651 1753 2693 mandato,
1766 2657 1827 2686 aut·

1838 259 1925 286 An.C.
1948 260 2009 287 4⁶21

1859 321 1948 341 tri-ticum
1965 322 2016 341 nubi·

1833 348 1873 367 Ιιυι
1891 349 1916 367 ule
1934 354 1975 373 qua
1997 354 2016 368 in

1833 374 1924 394 rubrica.
