2293 3231
275 300 323 328 An.
341 301 371 329 c.
391 300 454 329 ¹621
503 292 567 325 042

470 350 529 386 nis,
547 360 602 394 per
627 359 669 389 se,
688 349 734 381 vel
755 348 863 386 alium,
882 357 937 379 seu
953 345 1031 378 alios
1049 345 1087 377 ad
1105 344 1135 377 id
1155 355 1212 388 per

472 414 526 436 eos
549 401 762 446 deputandum
788 401 834 433 vel
860 399 1055 444 deputandos
1071 425 1078 439 ‚
1103 408 1213 431 omnes

472 461 498 487 et
524 455 663 498 singulos
688 453 828 487 eiusdem
853 450 1112 495 Congregationis
1145 450 1214 483 reli-

472 508 577 551 giosos
609 512 639 539 et
663 506 824 546 moniales,
850 514 1064 549 personasque
1088 502 1146 536 sub
1165 513 1215 536 eo-

472 561 543 593 dem
568 560 724 600 instituto,
749 559 877 602 regula,
901 557 1066 602 disciplina
1092 562 1122 590 et
1146 556 1215 589 reli-

474 614 566 657 gione
590 623 648 656 pro
674 618 817 656 tempore
837 611 996 654 degentes,
1013 610 1052 642 ab
1069 609 1215 643 omnibus

473 674 501 700 et
526 666 657 709 singulis
682 676 792 699 corum
817 665 953 709 peccatis
977 669 1048 697 ante
1074 664 1120 697 vel
1145 668 1215 707 post

474 720 652 762 ingressum
678 719 710 751 in
734 718 850 751 dictam
875 717 1061 760 religionem
1081 727 1139 761 per
1162 727 1216 750 eos

474 772 650 806 commissis
685 772 717 805 in
748 772 818 805 soro
850 770 1060 804 conscientiae
1096 775 1215 802 tantum

474 824 676 865 absolvendi,
709 835 745 857 ac
776 824 967 867 generaliter
999 823 1216 867 superioribus

475 884 503 911 et
529 877 684 921 religiosis
705 877 845 911 eiusdem
869 876 1128 920 Congregationis
1152 886 1217 909 om-

475 932 567 965 nibus
584 931 837 976 quibuscumque
853 931 1036 976 privilegiis,
1047 929 1218 974 exemptio-

474 986 577 1027 nibus,
602 985 827 1029 indulgentiis,
851 985 1068 1025 facultatibus,
1092 984 1219 1017 liberta-

476 1039 570 1080 tibus,
587 1039 836 1080 auctoritatibus,
861 1038 1032 1080 favoribus,
1051 1047 1218 1082 praeroga-

477 1093 557 1134 tivis,
575 1092 840 1133 concessionibus,
858 1097 888 1125 et
907 1091 1017 1135 gratiis
1033 1091 1218 1135 quorumvis

477 1146 570 1179 etiam
587 1145 811 1186 Cisterciensis,
827 1145 1049 1185 Cluniacensis,
1065 1155 1101 1178 ac
1121 1143 1218 1178 sancti

478 1199 637 1233 Benedicti
661 1199 835 1240 monachis,
851 1208 975 1232 necnon
992 1198 1115 1231 clericis
1130 1208 1220 1240 regu-

477 1253 596 1287 laribus
612 1280 619 1294 ,
644 1264 680 1287 ac
704 1252 918 1298 presbyteris,
950 1256 980 1285 et
1004 1251 1220 1294 collegialibus

478 1306 641 1340 Societatis
666 1307 746 1347 Iesu,
766 1316 802 1340 ac
822 1305 981 1339 canonicis
1000 1304 1220 1348 Congregatio-

478 1360 526 1394 nis
550 1359 776 1400 Lato—anemis,
800 1369 858 1392 nec
881 1368 944 1392 non
969 1358 1219 1402 quibuscumque

479 1413 549 1446 aliis
573 1413 696 1446 clericis
720 1412 931 1456 regularibuS,
951 1415 982 1445 et
1005 1411 1140 1445 aliorum
1156 1415 1220 1443 tam

479 1466 742 1507 Mendicantium,
767 1477 861 1510 quam
891 1475 954 1498 non
979 1464 1220 1497 Mendicantium

480 1520 631 1554 Ordinum
656 1526 686 1554 et
709 1520 990 1563 congregationum
1018 1517 1168 1551 fratribus
1192 1522 1222 1551 et

480 1574 633 1618 personis,
659 1579 721 1607 tam
746 1573 962 1618 spiritualibus
983 1582 1077 1616 quam
1102 1576 1223 1615 tempo-

481 1627 618 1668 ralibus,
644 1627 675 1659 in
704 1626 809 1670 specie
832 1626 881 1659 vel
906 1626 937 1658 in
963 1635 1101 1668 genere,
1126 1623 1221 1657 ctiam

481 1680 754 1721 communicative,
766 1690 823 1724 per
836 1689 1054 1724 quoscumque
1065 1678 1222 1712 Romanos

482 1734 649 1767 Pontifices
672 1733 932 1778 praedecessores
955 1737 1082 1767 nostros
1110 1742 1145 1765 ac
1173 1731 1224 1765 Se-

482 1787 552 1820 dem
578 1787 771 1831 praedictam
796 1785 1035 1830 quomodolibet
1065 1785 1223 1818 concessis

483 1840 669 1882 (dummodo
682 1844 785 1875 tamen
799 1839 861 1873 sint
877 1839 909 1872 in
922 1849 991 1879 usu,
1004 1849 1062 1872 nec
1076 1838 1134 1871 sub
1151 1837 1224 1871 ullis

483 1893 737 1928 revocationibus
761 1893 990 1937 comprehensa
1015 1892 1097 1932 sint,
1121 1901 1223 1934 neque

484 1948 580 1981 sacris
604 1947 787 1986 canonibus,
808 1945 1085 1979 constitutionibus
1104 1948 1225 1990 aposto-

484 2000 562 2040 licis,
587 2005 640 2033 aut
663 1999 793 2033 Concilii
817 1998 989 2032 Tridentini
1013 1998 1157 2039 decretis,
1177 1998 1224 2030 vel

484 2053 582 2097 ipsius
597 2051 857 2096 Congregationis
879 2051 1078 2094 regularibus
1103 2050 1226 2084 institu-

485 2106 523 2139 tis
540 2106 770 2150 adversentur),
787 2111 817 2139 et
833 2105 948 2149 quibus
966 2105 1009 2137 illi
1027 2109 1090 2137 tam
1108 2104 1140 2137 in
1154 2103 1226 2144 vita,

485 2170 579 2204 quam
600 2159 631 2192 in
655 2159 767 2193 mortis
783 2158 928 2199 articulo,
946 2158 1038 2191 etiam
1057 2157 1141 2191 circa
1157 2167 1227 2201 pec·

485 2218 628 2246 catorum
653 2212 866 2252 remissiones,
886 2216 940 2244 aut
962 2211 1038 2244 ali'as
1057 2210 1228 2254 quomodo-

486 2266 561 2299 libet
585 2266 639 2306 uti,
663 2265 769 2309 potiri,
790 2265 850 2298 frui
868 2269 898 2298 et
922 2265 1060 2308 gaudere
1086 2269 1226 2307 possunt,

486 2325 539 2351 aut
567 2323 717 2363 poterunt
747 2317 984 2362 quomodolibet
1010 2316 1041 2349 in
1065 2317 1227 2357 futurum,

486 2371 646 2416 perpetuis
660 2371 773 2404 suturis
787 2370 984 2415 temporibus
997 2370 1114 2411 utendi,
1123 2370 1228 2402 fruen-

487 2425 529 2466 di,
540 2424 679 2469 potiendi
690 2429 720 2458 et
733 2423 900 2468 gaudendi,
911 2433 946 2457 ac
955 2423 993 2456 dc
1006 2423 1068 2456 illis
1081 2423 1228 2456 omnibus

488 2478 694 2522 participandi
722 2477 953 2522 parisormiter,
978 2487 1041 2510 non
1069 2476 1107 2510 ad
1131 2476 1228 2510 instar

490 2537 625 2572 tantum,
651 2531 704 2564 sed
729 2541 828 2575 aeque
852 2531 1085 2575 principaliter,
1109 2530 1227 2574 absque

490 2585 553 2616 ulla
572 2595 703 2628 prorsus
720 2585 905 2626 differentia,
923 2585 1055 2629 perinde
1075 2595 1110 2617 ac
1127 2585 1151 2617 si
1168 2594 1227 2628 pro

1055 297 1232 322 nutLAnlmt
1259 295 1411 320 nmmum!

1247 343 1396 384 eeclesiis,
1421 344 1566 383 oratoriis
1588 344 1785 385 nominatim,
1805 344 1984 389 specialiter

1246 408 1282 431 ac
1299 397 1489 440 generaliter
1505 402 1556 429 aut
1575 407 1721 440 expresse
1743 407 1890 430 concessa
1910 398 1985 431 suis-

1247 457 1330 491 sent;
1356 462 1392 484 ac
1415 450 1559 491 demum,
1583 456 1617 483 ut
1641 450 1783 483 omnium
1808 451 1985 484 animarum

1247 504 1401 548 profectui
1432 509 1461 536 et
1492 504 1582 536 saluti
1612 503 1697 536 iuxta
1720 503 1772 547 pia
1801 513 1912 536 eorum
1936 503 1988 537 de-

1248 557 1362 590 sideria
1387 556 1553 601 providere
1579 555 1700 600 possint
1731 561 1761 588 et
1790 556 1932 597 valeant,
1954 555 1989 590 in

1249 610 1312 643 suis
1337 610 1477 643 ecclesiis
1506 609 1694 643 constructis
1711 613 1740 642 et
1760 608 1989 651 construendis,

1249 663 1421 696 dummodo
1438 662 1526 706 prius
1542 662 1581 695 ab
1598 662 1772 696 Ordinariis
1789 662 1932 696 locorum
1946 662 1991 695 su-

1249 716 1331 748 erint
1355 715 1538 759 approbati,
1566 720 1780 748 mercatorum
1804 715 1990 759 peregrino-

1250 779 1332 809 rum,
1346 780 1381 802 ac
1394 768 1634 809 transeuntium,
1650 773 1680 801 et
1695 768 1828 801 aliarum
1845 778 1992 812 quarum-

1250 832 1385 866 cumque
1394 831 1603 866 personarum
1614 821 1826 855 consessiones
1834 821 1991 862 audiendi,

1252 875 1376 919 illisque
1400 875 1634 908 sanctissimum
1659 874 1875 908 Eucharistiae
1892 884 1992 908 sacra-

1252 934 1404 969 mentum,
1423 928 1547 972 quoties
1566 938 1646 972 opus
1669 927 1774 968 suerit,
1797 937 1862 961 non
1885 932 1992 961 tamen

1251 982 1282 1014 in
1301 982 1379 1014 sesto
1397 981 1555 1015 Paschatis
1580 980 1832 1015 Resurrectionis
1856 981 1993 1015 Domini-

1251 1045 1316 1076 cae,
1333 1039 1363 1069 et
1379 1035 1418 1068 de
1437 1035 1563 1068 licentia
1584 1046 1644 1079 pro
1664 1041 1807 1079 tempore
1831 1035 1993 1069 existentis

1251 1088 1408 1123 Ordinarii
1424 1089 1496 1130 loci,
1510 1099 1567 1122 nec
1583 1088 1645 1122 alio
1663 1087 1768 1129 modo,
1784 1087 1993 1130 ministrandi,

1252 1152 1287 1175 ac
1312 1141 1484 1175 ministrari
1508 1141 1652 1183 faciendi,
1677 1141 1838 1175 licentiam
1855 1146 1886 1174 et
1902 1141 1995 1175 sacul-

1253 1200 1358 1235 tatcm,
1375 1194 1458 1229 dicta
1478 1195 1664 1228 auctoritate
1687 1195 1795 1228 nostra
1815 1194 1908 1228 etiam
1925 1205 1995 1239 per—

1253 1254 1348 1293 petuo
1361 1249 1514 1283 concedas
1531 1254 1561 1282 et
1577 1249 1751 1292 elargiaris.
1766 1248 1829 1282 Nec
1845 1258 1909 1282 non
1926 1248 1995 1290 tihi,

1253 1313 1288 1336 ac
1305 1313 1363 1347 pro
1381 1309 1523 1347 tempore
1536 1302 1740 1336 existentibus
1757 1301 1930 1336 Ordinariis
1948 1301 1995 1336 lo-

1254 1367 1382 1397 corum,
1406 1356 1462 1389 ubi
1487 1356 1677 1390 monasteria
1701 1355 1802 1388 dictae
1821 1355 1997 1399 Congrega-

1255 1409 1347 1444 tionis
1365 1409 1444 1452 erigi
1461 1414 1491 1442 et
1515 1409 1634 1443 institui
1660 1408 1838 1452 contigerit,
1854 1418 1914 1452 pro
1930 1418 1996 1442 mo-

1254 1463 1383 1496 nialium
1397 1463 1429 1496 in
1441 1462 1502 1496 illis
1512 1473 1570 1507 pro
1583 1467 1728 1507 tempore
1740 1461 1997 1506 recipiendarum

1255 1517 1336 1549 felici
1360 1516 1548 1558 directione,
1573 1526 1609 1549 ac
1632 1516 1665 1548 in
1689 1515 1752 1548 vita
1767 1542 1775 1556 ,
1800 1514 1943 1549 moribus
1967 1521 1998 1549 et

1256 1569 1454 1612 regularibus
1486 1569 1634 1603 institutis
1667 1568 1895 1609 instructione,
1919 1567 1997 1602 duas

1257 1623 1303 1656 vel
1320 1624 1427 1667 plures
1439 1623 1602 1664 moniales,
1614 1632 1695 1666 quae
1707 1621 1747 1655 ad
1760 1621 1791 1655 id
1803 1621 1979 1655 voluntarie
1987 1620 1997 1638 ¹

1256 1681 1398 1722 repertae
1418 1677 1544 1718 suerint,
1564 1687 1675 1710 earum
1700 1676 1902 1721 superiorum
1927 1685 1999 1710 con-

1257 1741 1349 1764 sensu
1373 1731 1536 1775 requisito,
1553 1741 1591 1764 ex
1615 1730 1680 1764 suis
1703 1729 1903 1764 monasteriis
1923 1729 1998 1764 dicti

1257 1784 1382 1818 Ordinis
1405 1785 1504 1817 sancti
1536 1783 1693 1817 Francisci
1718 1783 1778 1817 hac
1801 1783 1906 1828 prima
1929 1783 1998 1817 vice

1258 1837 1442 1879 deducendi,
1460 1842 1490 1871 et
1509 1838 1541 1871 in
1561 1837 1787 1872 monasterium
1812 1836 1997 1870 monialium

1259 1890 1500 1934 hospitaliarum
1525 1890 1707 1924 huiusmodi
1731 1889 1916 1934 erigendum
1937 1889 2000 1933 (ita

1259 1949 1293 1977 ut
1312 1944 1382 1976 illae
1407 1943 1518 1977 eodem
1543 1955 1576 1977 se
1600 1943 1782 1985 transferre,
1799 1953 1835 1977 ac
1855 1953 1998 1988 prorsus,

1260 1997 1308 2030 vel
1331 1997 1370 2029 ad
1400 2002 1524 2041 tempus
1555 1996 1609 2031 tibi
1642 2007 1697 2030 seu
1727 1996 1802 2040 ipsis
1826 1996 2000 2030 Ordinariis

1261 2061 1319 2094 pro
1340 2055 1481 2094 tempore
1501 2050 1708 2083 existentibus
1727 2049 1911 2083 benevisum
1928 2060 2000 2095 per-

1261 2114 1388 2137 manere
1417 2104 1538 2148 possint
1562 2109 1592 2137 et
1616 2103 1768 2147 debeant)
1792 2103 1999 2137 transferendi

1261 2158 1309 2200 (ac
1329 2157 1502 2191 dummodo
1527 2157 1680 2191 moniales
1704 2157 1749 2190 sic
1765 2157 2000 2191 transferendae

1260 2222 1278 2244 a
1295 2211 1537 2254 consanguineis
1561 2211 1710 2254 gravibus
1727 2215 1757 2244 et
1775 2209 1916 2244 honestis
1931 2220 1999 2244 ma·

1261 2264 1360 2297 tronis
1384 2264 1589 2305 associentur,
1607 2264 1646 2297 ah
1666 2273 1730 2297 uno
1755 2263 1944 2297 monasterio
1961 2263 2000 2297 ad

1261 2317 1345 2350 aliud
1358 2322 1388 2351 et
1401 2317 1539 2350 modeste
1553 2322 1583 2350 et
1599 2321 1750 2361 quantum
1764 2316 1917 2350 occultius
1929 2316 1999 2350 fieri

1261 2371 1376 2415 poterit
1388 2370 1485 2404 rheda
1500 2370 1616 2411 clausa,
1630 2370 1678 2403 vel
1691 2370 1800 2402 saltem
1815 2369 1998 2403 earumdem

1261 2423 1444 2457 monialium
1455 2423 1519 2457 oris
1538 2427 1627 2467 parte
1640 2423 1750 2463 velata,
1767 2431 1825 2455 nec
1837 2431 1901 2456 non
1914 2425 2000 2456 recta

1261 2477 1424 2518 tendatur,
1452 2487 1510 2510 nec
1534 2476 1594 2509 alio
1618 2475 1810 2516 divertatur,
1835 2480 1866 2508 et
1888 2475 2000 2510 nullibi

1261 2534 1474 2575 pernoctetur,
1486 2529 1545 2563 nisi
1562 2530 1655 2562 causa
1670 2527 1809 2572 hospitii,
1827 2527 1919 2572 idque
1936 2538 2000 2562 non

1261 2584 1320 2616 nisi
1337 2583 1419 2627 apud
1443 2583 1590 2616 honestas
1612 2582 1788 2626 personas),
1812 2582 1948 2625 plenam,
1966 2582 2001 2616 li-

491 2637 645 2680 religiosis
669 2643 700 2671 et
723 2639 910 2672 monialibus
935 2638 1146 2682 hospitalariis
1173 2638 1228 2670 hu-
1261 2638 1369 2670 beram
1387 2640 1416 2670 et
1432 2635 1645 2670 omnimodam
1669 2635 1847 2668 facultatem
1864 2639 1895 2668 et
1910 2640 1998 2680 pote-

491 2691 636 2734 iusmodi,
647 2696 677 2724 ct
689 2701 799 2725 eorum
813 2692 1060 2736 congregationi,
1070 2692 1226 2732 domibus,

1296 2701 1308 2726 1
1327 2698 1465 2727 Videretur
1478 2697 1624 2734 legendum
1638 2696 1822 2727 voluntariae
1835 2699 1872 2733 (n.
1889 2697 1937 2734 n).

2003 295 2053 322 An.
2068 294 2098 323 C.
2115 294 2180 324 ¹62¹
