2293 3231
79 357 131 385 An.
149 357 178 384 C.
195 355 264 385 ¹622

878 356 1053 380 GREGORIUS
1078 357 1118 380 XV
1143 357 1190 379 PP.

279 403 381 447 pellae
397 402 588 443 huiusmodi,
605 403 652 436 vel
673 414 780 436 earum
795 403 908 447 aliqua,
925 414 1018 443 nune,
1035 406 1037 423 ²

279 460 313 489 ut
337 456 527 499 praefertur,
552 456 599 488 vel
623 455 691 488 aliis
715 456 876 499 quibusvis
901 456 1018 496 modis,

280 513 310 541 et
335 518 371 541 ex
397 519 668 552 quorumcumque
695 509 856 552 personis,
884 520 938 541 seu
963 512 1037 552 pei-³

279 560 395 593 liberas
419 561 656 603 resignationes‚
682 561 749 593 illas
770 562 816 593 vel
841 572 948 594 carum
968 562 1038 593 ali-³

280 624 374 657 quam
399 614 437 646 ad
461 624 609 657 praesens
633 613 851 655 obtinentium,
877 614 924 646 vel
947 625 1020 657 quo-

280 667 400 700 rumvis
417 666 550 699 aliorum
576 666 614 699 de
639 666 700 698 illis
714 667 744 698 in
762 667 900 699 Romana
917 667 1020 707 Curia,

279 721 328 753 vel
353 725 440 753 extra
465 730 551 761 eam,
576 720 669 753 etiam
695 731 800 753 coram
821 721 944 753 notario
968 732 1022 763 pu-

279 772 362 806 blico
379 779 409 806 et
424 773 555 806 testibus
571 779 681 817 sponte
700 774 811 806 saetam
825 773 843 814 ¹,
862 774 1021 813 unionem,

280 826 518 860 dissolutionem
531 830 584 860 aut
600 827 853 860 constitutionem
868 827 964 860 seticis
979 838 1023 859 re-

281 879 472 913 cordationis
484 880 609 913 Ioannis
626 880 728 924 Papae
744 880 823 913 XXII
842 880 1024 924 praedeces-

281 932 362 966 soris
379 933 488 974 nostri,
512 944 591 977 quae
608 933 713 976 incipit
733 934 946 974 Eoeecrahilis,
976 934 1021 965 vel

281 986 508 1020 assecutionem
519 986 646 1019 alterius
654 986 799 1019 beneficii
811 986 1023 1025 ecclesiastici,
1040 1001 1042 1016 t

282 1039 391 1082 quavis
410 1039 594 1072 auctoritate
619 1039 733 1079 collati,
758 1045 878 1079 vacent3
903 1027 1043 1071 etiamsiE

283 1095 368 1126 tanto
385 1097 527 1136 tempore
541 1092 728 1132 vacaverint,
746 1092 830 1135 quod
841 1102 949 1124 earum
965 1092 1026 1124 col-

282 1145 356 1179 latio
373 1145 458 1178 iuxta
473 1145 690 1178 Lateranensis
710 1149 822 1178 statuta
847 1145 969 1177 concilii
987 1145 1025 1177 ad

282 1198 393 1231 Sedem
419 1198 590 1242 praefatam
622 1198 762 1240 legitime
793 1198 959 1238 devoluta,
990 1209 1025 1230 ac
1042 1204 1043 1211 ¹

281 1251 500 1295 praepositura
532 1256 562 1284 et
591 1251 656 1283 sine
686 1253 761 1283 cura
793 1251 941 1284 ecclesiae
971 1262 1025 1283 seu
1042 1250 1043 1253 ’

282 1305 441 1348 cappellae
463 1304 644 1337 huiusmodi
675 1304 872 1348 dispositioni
900 1310 1026 1348 aposto-

281 1357 360 1390 licae
384 1357 562 1401 specialiter
586 1357 635 1390 vel
659 1357 735 1389 alias
765 1358 952 1400 generaliter
977 1368 1026 1390 re-

283 1415 424 1444 servatae
438 1411 580 1451 existant,
594 1409 776 1453 dictaeque⁹
789 1411 1026 1454 praepositurae

285 1475 360 1497 cura
388 1464 481 1498 etiam
501 1463 758 1496 iurisdictionalis
775 1463 953 1503 immineat,
978 1475 1028 1496 su-

283 1528 340 1561 per
357 1519 394 1550 ea
410 1528 534 1561 quoque
563 1527 599 1549 ac
624 1517 690 1549 sine
715 1519 790 1549 cura
807 1517 947 1549 ecclesiis
973 1528 1026 1550 seu
1044 1529 1046 1535 ’

285 1571 435 1615 cappellis
454 1570 602 1614 praefatis
627 1570 707 1603 inter
732 1570 853 1612 aliquas
876 1566 1046 1613 personas}

284 1624 332 1667 lis⁷
353 1624 442 1657 cuius
467 1628 583 1656 statum
607 1623 826 1666 praesentibus
843 1623 952 1655 haberi
978 1634 1028 1656 vo-

284 1677 390 1710 lumus
418 1687 476 1721 pro
507 1686 677 1720 expresso,
706 1676 839 1719 pendeat
870 1676 1026 1715 indecisa3

285 1730 405 1763 etiamsi
425 1730 607 1763 earumdem
629 1729 695 1762 siue
719 1731 794 1762 cura
825 1729 1027 1762 ecclesiarum

286 1784 350 1818 sive
363 1784 458 1818 cura³
471 1784 682 1828 cappellarum
703 1788 755 1816 aut
775 1783 906 1816 alieuius
920 1794 1027 1815 earum

287 1838 424 1878 collatio,
441 1838 489 1870 vel
509 1837 547 1870 ad
564 1847 617 1869 eas
634 1836 855 1880 praesentatio,
870 1847 923 1868 seu
938 1847 1029 1879 quac-

287 1892 334 1924 vis
349 1891 410 1924 alia
429 1891 602 1934 dispositio,
620 1890 658 1923 ad
679 1901 953 1934 quommcumque
968 1890 1029 1922 col-

287 1945 424 1978 latorum
442 1950 472 1977 et
488 1944 684 1977 collatricum
702 1944 889 1977 secularium
908 1949 935 1976 et
955 1954 1031 1986 quo—

289 1998 408 2030 rumvis
417 1997 569 2031 Ordinum
583 1997 777 2040 regularium
795 1996 1030 2040 quomodolibet

291 2049 540 2093 qualificatarum
578 2060 787 2094 personarum
831 2050 1029 2082 collationem

292 2104 422 2147 spectet)
446 2103 548 2136 eidem
562 2114 686 2136 mensae
703 2104 758 2146 (ita
771 2103 855 2146 quod
865 2103 957 2135 liceat
971 2102 1032 2146 epi-

293 2166 389 2200 scopo
415 2156 443 2190 S.
470 2156 603 2189 Miniatis
622 2167 680 2200 pro
698 2161 841 2200 tempore
866 2155 1032 2188 existenti⁴

292 2209 416 2242 illarum
432 2237 439 2250 ,
473 2220 528 2242 seu
551 2210 717 2243 cuiuslibet
741 2209 886 2248 illarum,
910 2219 1032 2241 necnon

294 2262 469 2295 medietatis
493 2262 650 2295 fructuum
670 2262 909 2305 praepositurae
926 2261 1034 2293 huius-

294 2316 390 2357 modi,
414 2327 450 2349 ac
473 2316 630 2349 bonorum
647 2326 663 2348 e
679 2315 793 2358 quibus
818 2315 967 2347 medietas
982 2315 1034 2346 liu-

294 2370 428 2403 iusmodi
453 2369 621 2413 provenire
646 2369 756 2412 possit,
782 2374 815 2401 ut
840 2370 1033 2412 praetertur,

294 2423 539 2462 dismembratafi,
548 2422 756 2466 corporalem,
765 2422 881 2454 realem
892 2425 921 2455 et
934 2427 1036 2454 actua-

332 2492 343 2518 1
356 2490 448 2518 Potius
458 2490 564 2525 legend.
575 2491 666 2523 saclas
675 2488 960 2522 idestresiqnariones
968 2490 1035 2523 (aff)

331 2535 348 2561 2
362 2535 432 2562 Edit.
449 2535 526 2562 Main.
544 2534 608 2569 legit
623 2534 726 2566 dictae;
741 2537 767 2560 at
781 2534 876 2560 melius
885 2534 1035 2568 dictaeque

297 2579 412 2614 legimus
431 2588 463 2606 ex
478 2578 600 2614 Ughellio
629 2584 654 2604 n.
671 2578 718 2612 T.).

334 2624 349 2651 3
364 2623 455 2651 Potius
470 2622 613 2658 legendum
628 2623 685 2649 sive
700 2622 759 2649 siue
774 2623 842 2649 curii
858 2623 897 2657 (n.
916 2622 965 2652 τ.).

335 2668 351 2694 4
365 2668 433 2694 Tum
448 2667 491 2695 ed.
503 2666 582 2694 Main.
603 2670 659 2693 tum
668 2665 771 2701 Uguetti
786 2667 877 2700 legunt
890 2665 1038 2692 emisteneis

311 2718 338 2739 a.
352 2717 379 2738 τ.
397 2732 403 2739 .
1006 2732 1011 2736 .

298 2713 310 2747 (
335 2756 352 2783 5
371 2712 462 2792 A)ptius
481 2756 615 2792 legeretur
635 2755 907 2783 dismembratorum
926 2754 963 2789 (a.
985 2754 1033 2789 Τ.).

1691 345 1754 378 763
1800 355 1848 380 Αι..
1869 354 1898 380 c.
1917 353 1985 380 1622

1051 404 1112 435 lem
1131 403 1373 447 possessiouem,
1393 414 1449 445 pei·
1467 413 1508 437 sc,
1526 402 1572 434 vel
1597 400 1710 441 alium,
1735 413 1789 434 seu

1052 456 1140 496 alios,
1156 457 1222 488 eius·
1239 462 1266 488 et
1284 456 1440 499 praefatae
1462 465 1587 487 mensae
1612 454 1790 487 nominibus

1036 540 1038 559 ί
1053 509 1183 552 propria
1199 509 1384 542 auctoritate
1398 509 1495 541 libere
1513 507 1749 551 apprehendere
1762 512 1791 539 et

1053 568 1205 605 perpetuo
1222 562 1367 601 retinere,
1386 562 1572 604 illarumque
1587 560 1794 600 fructus,red-

1037 615 1135 647 ⁴ditus
1152 619 1181 648 et
1197 620 1366 658 proventus
1383 614 1413 646 iu
1427 625 1499 646 suos
1512 620 1540 646 et
1556 614 1654 658 ipsius
1669 624 1793 646 mensae

1054 678 1128 700 usus
1152 672 1182 701 et
1206 667 1368 699 utilitatem
1386 673 1579 707 convertere,
1605 667 1741 699 cuiusvis
1763 666 1794 698 li-

1054 721 1156 754 centia
1181 721 1315 763 desuper
1334 721 1461 753 minime
1481 721 1641 765 requisita,
1659 721 1698 753 ita
1711 720 1794 764 quod

1056 786 1092 807 ex
1116 785 1197 807 nunc
1223 775 1323 807 dictus
1341 775 1507 818 episeopus
1523 774 1530 791 ¹
1549 775 1577 807 S.
1596 775 1728 808 miniatis
1746 784 1796 807 eo-

1056 840 1125 860 rum
1142 828 1370 871 possessionem
1389 839 1501 871 capere
1518 829 1625 871 possit,
1646 839 1707 871 qua
1723 839 1795 871 pos-

1057 882 1194 915 sessione
1206 882 1406 925 subsequuta,
1419 893 1567 925 praesens
1578 882 1650 914 unio
1664 893 1699 914 ex
1714 893 1795 915 nunc

1057 946 1146 967 suum
1161 936 1335 979 plenarium
1350 941 1377 967 et
1393 936 1549 977 integrum
1570 935 1715 967 effectum
1734 946 1798 968 sor-

1057 989 1161 1028 tiatur,
1174 999 1232 1020 nec
1250 988 1280 1020 in
1298 989 1500 1021 revocatoriis
1514 999 1570 1031 per
1583 999 1797 1032 quoscumque

1058 1043 1214 1074 Romanos
1248 1042 1412 1073 Pontifices
1447 1052 1642 1074 successores
1674 1048 1798 1076 nostros

1058 1094 1185 1127 edendis
1202 1095 1496 1137 comprehendatur,
1517 1101 1547 1127 et
1567 1095 1696 1127 minime
1713 1106 1798 1128 com-

1042 1148 1215 1190 :prehensa
1239 1150 1414 1191 censeatur)
1440 1149 1531 1181 etiam
1553 1154 1705 1192 perpetuo
1733 1149 1800 1181 uni-

1042 1218 1045 1246 :
1060 1211 1139 1240 mus,
1164 1202 1358 1234 annectimus
1380 1207 1409 1233 et
1426 1202 1676 1245 incorporamus.
1694 1202 1798 1235 Donec

1060 1264 1134 1287 vero
1160 1255 1328 1297 applicatio
1361 1260 1387 1287 et
1420 1255 1493 1287 unio
1522 1255 1678 1298 praesatae
1708 1266 1799 1288 suum

1060 1307 1231 1340 sortiantur
1242 1308 1397 1347 effectum,
1412 1308 1476 1351 ipse
1495 1319 1627 1351 magnus
1641 1309 1702 1341 dux
1715 1309 1800 1341 mille

1060 1367 1147 1393 scuta
1170 1361 1282 1393 similia
1309 1361 1413 1393 futuro
1443 1362 1590 1405 episeopo
1615 1362 1643 1394 S.
1669 1362 1801 1395 Miniatis

1061 1413 1402 1457 (proportionabiliter,
1429 1415 1512 1447 iuxta
1536 1414 1680 1447 effectum
1707 1426 1800 1459 quem

1061 1467 1091 1499 in
1116 1468 1181 1500 dies
1205 1468 1337 1500 uniones
1360 1467 1541 1501 huiusmodi
1566 1469 1670 1501 sortiri
1703 1469 1801 1502 eonti-

1061 1521 1152 1562 gerit,
1177 1521 1308 1554 arbitrio
1322 1521 1420 1553 dictae
1439 1521 1526 1553 Sedis
1543 1521 1659 1562 nuncii,
1677 1522 1707 1554 in
1726 1522 1801 1554 eivi-

1062 1579 1121 1605 tate
1140 1574 1320 1606 florentina
1333 1585 1391 1617 pro
1408 1579 1550 1617 tempore
1567 1575 1801 1615 commorantis,

1062 1626 1230 1658 minuenda
1255 1626 1427 1669 annuatim)
1451 1628 1631 1670 persolvere
1648 1633 1801 1668 teneatur,

1061 1683 1153 1722 prout
1179 1679 1217 1711 ad
1243 1679 1273 1711 id
1298 1690 1330 1711 se
1355 1680 1513 1721 obligavit.

1107 1733 1121 1775 g
1139 1732 1167 1764 6.
1185 1733 1317 1765 Demum
1338 1733 1518 1777 praeposito
1534 1734 1635 1767 dictae
1653 1734 1802 1767 ecclesiae
1825 1742 2001 1780 ιξῑιῆςςοιπιξεειυ-

1063 1787 1105 1819 sic
1131 1787 1162 1818 in
1187 1787 1396 1819 cathedralem
1422 1792 1544 1819 erectae
1570 1799 1661 1820 usum
1681 1776 1844 1835 pontifi-213¹
1854 1769 2004 1823 6ξῖἒὲἓὲῗῆἓῖ

1063 1840 1175 1872 ealium
1190 1867 1198 1879 ,
1222 1839 1247 1871 si
1271 1850 1363 1883 quem
1395 1840 1502 1877 habet,
1526 1840 1594 1883 pari
1619 1841 1803 1874 auctoritate
1818 1825 2003 1896 ξιιιὲιὲοωξιιιὲἕῖ

1063 1893 1262 1925 conferimus:
1281 1893 1443 1925 ecclesiam
1466 1904 1539 1925 vero
1557 1893 1585 1926 S.
1604 1893 1736 1926 Miniatis
1751 1894 1805 1926 hu-
1819 1890 1858 1923 m‘r.
1995 1887 2002 1891 ³

1064 1946 1208 1985 iusmodi,
1224 1946 1368 1989 illiusque
1382 1946 1576 1989 episcopum,
1589 1957 1648 1990 pro
1663 1952 1804 1990 tempore

1064 2000 1258 2039 existentem,
1275 2000 1504 2043 archiepiscopi
1522 2001 1702 2042 Florentini,
1713 2001 1804 2033 etiam

1065 2064 1123 2096 pro
1137 2058 1279 2096 ten‘ipore
1298 2053 1466 2094 existentis,
1479 2044 1711 2096 suffraganeum
1725 2065 1804 2092 esse,

1065 2105 1175 2149 eique‘3
1198 2106 1429 2149 metropolitico
1450 2106 1518 2138 iure
1539 2103 1714 2139 subiectum
1739 2117 1806 2140 esse

1066 2160 1210 2191 volumus
1235 2165 1262 2191 et
1287 2159 1496 2192 decernimus.

1111 2213 1125 2255 g
1151 2213 1178 2245 7.
1204 2212 1366 2244 Postremo
1398 2212 1480 2245 dicto
1512 2212 1658 2256 episeopo
1683 2213 1806 2245 Lucano
1869 2221 1944 2243 Cetera
1962 2223 2006 2248 „m-

1067 2267 1114 2308 (ut
1138 2265 1196 2308 ipsi
1214 2265 1316 2297 minus
1333 2265 1491 2305 damnum,
1508 2265 1591 2309 quod
1613 2266 1681 2298 fieri
1699 2267 1807 2309 possit,
1823 2249 2005 2295 52?{'?,.2„{‘„¹¹r²{³¹¹⁰

1067 2329 1104 2350 ex
1121 2318 1301 2361 praemissis
1325 2318 1489 2361 inseratur)
1515 2319 1619 2352 onmia
1643 2319 1725 2352 bona
1750 2326 1809 2353 sta-

1066 2372 1151 2411 bilia,
1162 2384 1197 2404 ac
1211 2372 1360 2412 redditus,
1375 2377 1558 2415 proventus,
1576 2373 1808 2416 responsiones,

1068 2436 1212 2465 canones,
1237 2425 1384 2462 decimas,
1410 2426 1540 2461 livellos,
1565 2437 1687 2459 necnon
1711 2438 1806 2470 prae-

1070 2478 1209 2511 sentandi
1223 2479 1326 2521 aliqua
1338 2479 1416 2519 iura,
1430 2485 1457 2511 et
1469 2479 1680 2511 emolumenta
1690 2480 1809 2512 ratione

1071 2535 1132 2565 tam
1150 2532 1259 2564 directi
1284 2542 1378 2575 quam
1397 2532 1482 2564 utilis
1507 2532 1636 2564 dominii
1662 2544 1810 2576 quorum-

1070 2594 1205 2627 cumque
1227 2585 1383 2617 bonorum
1398 2612 1405 2625 ‚
1438 2585 1467 2617 in
1496 2585 1657 2629 quibusvis
1682 2586 1757 2619 loeis
1782 2591 1812 2620 et

1110 2667 1117 2691 1
1138 2665 1282 2699 Perperam
1300 2664 1402 2699 t'ghelti
1418 2665 1483 2700 legit
1496 2666 1608 2699 fructus
1619 2666 1743 2700 episcopi
1754 2666 1810 2693 loco
1832 2679 1837 2682 ·

1071 2710 1163 2737 dictus
1178 2710 1324 2744 episcopus
1341 2712 1380 2743 (R.
1396 2709 1444 2745 r).

1106 2754 1122 2780 ⁶2
1137 2753 1208 2781 Edit.
1223 2753 1302 2781 Main.
1318 2753 1383 2788 legit
1397 2754 1514 2789 eiusque
1537 2761 1574 2789 (a.
1591 2755 1641 2788 τ.).
