2293 3231
60 274 110 304 An.
124 275 152 303 (Β
173 275 238 304 1621

118 492 240 517 Praeposito

59 519 149 545 generati
168 519 239 540 Socie-

58 545 106 566 tati<
141 546 238 566 omnimo-

58 571 239 592 damiurisilictio-

57 603 70 619 u
84 603 102 618 m
117 603 180 623 super
195 599 238 618 uni-

58 623 156 645 versitate
201 624 238 645 dc-

48 650 150 673 ,mandam

115 2015 229 2040 Prohibet.

48 2049 158 2090 ιχὲιςιπιςηυε
195 2049 230 2071 ar-

47 2075 58 2091 e
77 2075 194 2096 nepisenpus
210 2076 228 2090 m

1 2112 6 2114 .
48 2101 73 2117 ea
83 2102 105 2116 se
117 2096 156 2117 uttu
168 2096 228 2117 modo

47 2122 134 2148 ingerat.

848 275 1023 299 GREGORIUS
1047 275 1087 298 XV
1112 275 1155 298 PP-

255 324 348 357 etiam
364 322 623 363 substantialium,
639 326 669 355 et
682 333 897 366 quoscumque
910 323 987 355 alios

255 375 402 415 defectus,
428 375 451 407 si
472 374 526 418 qui
550 375 772 407 intervenerint
797 375 827 407 in
852 375 986 415 eisdem,

255 429 443 472 supplemus.

299 481 313 523 ξ
327 480 377 513 10.
392 481 425 513 Et
441 481 652 519 nihilominus,
661 490 718 523 pro
729 479 843 522 potiori
857 480 985 515 cautela,
1000 496 1002 522 ς,

255 533 497 573 universitatem,
522 533 666 575 illiusque
694 532 849 571 officiales,
876 527 1001 574 perso-s

254 595 325 625 nas,
349 596 399 618 res
424 590 454 617 et
477 585 558 617 bona
587 594 817 627 quaecumque,
841 594 898 616 nec
922 594 1000 616 non¹

253 638 419 677 scholares,
444 642 506 669 tam
531 637 715 680 peregrinos
738 647 830 679 quam
856 637 980 669 dioece—

252 700 352 730 sanos,
372 689 402 722 in
420 689 584 722 matricula
601 689 809 722 universitatis
827 690 983 722 huismodi

250 743 442 786 descriptos,
472 753 489 775 a
513 742 663 786 praedicti
698 743 840 775 moderni
872 748 901 775 et
925 754 982 785 pro

250 800 393 839 tempore
410 795 568 828 existentis
585 795 814 839 archiepiscopi
832 796 982 828 Elboren-

249 848 301 888 sis,
314 859 505 892 suorumque
519 848 697 881 officialium
713 853 743 880 et
755 848 980 889 ministrorum,

249 901 475 944 superioritate‚
500 901 723 940 iurisdictione,
741 901 935 934 correctione
952 907 981 934 et

1659 263 1723 297 615

1002 327 1098 363 ,tortu
1124 327 1174 354 aut
1204 322 1293 354 aliam
1324 321 1594 364 superioritatem,
1627 320 1750 352 iurisdi-

1019 374 1407 412 etionem,carriactioneun
1420 374 1511 405 etiam
1524 374 1642 406 ratione
1653 373 1752 405 cuius-

1019 426 1064 458 vis
1084 427 1199 465 delicti,
1228 427 1417 469 ubirumque
1437 427 1584 459 delictum
1608 426 1751 459 commis-

1018 489 1085 510 sum
1111 480 1212 518 suerit,
1230 485 1277 511 aut
1303 479 1507 511 visitationem
1529 490 1582 511 seu
1607 479 1748 511 visitandi

1019 531 1064 562 ius
1079 531 1191 563 liabcrc
1205 536 1256 564 aut
1273 533 1474 574 praetendere
1491 533 1665 564 nullatcnus
1683 543 1749 576 pos-

1017 594 1059 622 se,
1083 584 1135 616 scd
1154 585 1323 626 praeniissa
1340 585 1444 617 omnia
1460 586 1497 616 ad
1517 586 1641 617 cosdem
1664 596 1749 629 prae-

1016 635 1152 678 positum
1171 642 1199 668 et
1218 637 1381 678 religiosos
1403 637 1538 679 plenarie
1563 642 1700 681 spectare
1718 644 1748 671 et

1016 688 1172 731 pertinere
1197 689 1331 728 debere,
1360 699 1416 722 nec
1440 700 1493 722 eos
1525 701 1618 733 super
1646 691 1706 723 illis
1730 701 1747 724 a

1015 741 1202 783 praedictis,
1226 752 1280 773 seu
1304 742 1463 784 quibusvis
1490 743 1557 775 aliis
1582 744 1743 786 personis,

1016 794 1184 833 molestari,
1212 794 1386 837 perturbari
1405 799 1455 827 aut
1476 795 1619 837 impediri
1640 807 1742 838 posse,

1014 847 1130 889 pariter
1154 852 1305 890 perpetuo
1323 847 1497 887 statuimus,
1518 848 1700 881 ordinamus
1716 853 1743 882 ct

1014 900 1204 932 mandamus.

1769 274 1815 298 An.
1832 272 1859 298 C.
1884 273 1945 299 1621

248 953 421 987 visitatione
438 964 474 986 ex
495 964 577 987 nunc
600 959 751 998 perpetuo
770 954 935 987 eximimus
951 960 980 987 et

248 1006 428 1047 liberamus,
448 1007 615 1050 omniaque
640 1007 690 1039 illa
716 1007 857 1040 moderni
875 1012 904 1040 et
922 1018 979 1050 pro

247 1064 390 1103 tempore
418 1060 576 1092 existentis
606 1060 775 1103 praepositi
799 1066 829 1092 et.
852 1061 978 1103 religio-

248 1122 354 1144 sorum
379 1111 478 1144 dictae
503 1112 664 1145 Societatis
688 1123 798 1151 curae,
823 1113 977 1155 regimini,

247 1164 507 1197 administrationi
532 1170 562 1197 et
597 1165 783 1198 correctioni
808 1176 843 1198 ac
867 1166 974 1198 visita-

245 1217 332 1257 tioni,
349 1217 451 1260 quoad
468 1228 503 1250 ea
523 1228 603 1261 quae
620 1228 729 1250 eorum
748 1218 976 1251 constitutioni-

245 1270 302 1302 bus
324 1280 386 1302 non
410 1276 598 1313 repugnant,
619 1271 710 1303 etiam
734 1277 885 1314 perpetuo
909 1282 978 1314 sup-

244 1322 398 1366 ponimus,
416 1323 627 1355 submittimus
651 1329 680 1356 et
703 1324 903 1360 subiicimus2
921 1336 975 1357 nec

244 1385 307 1408 non
323 1375 481 1408 modernis
497 1381 526 1408 et
542 1386 600 1419 pro
617 1381 757 1419 tempore
774 1377 976 1410 existentibus

244 1428 422 1472 praeposito
439 1429 576 1471 generali
594 1434 623 1461 et
639 1429 793 1471 religiosis
810 1431 976 1472 praedit-tis
991 1470 995 1480 Ι

244 1482 454 1514 omnimodam
480 1492 600 1519 curam,
627 1482 767 1524 regimen
791 1489 821 1515 et
844 1483 994 1515 admini-Z

243 1534 425 1567 strationem
450 1535 659 1568 universitatis
683 1535 872 1571 huiusmodi,
889 1546 923 1568 ac
943 1537 976 1568 il-

243 1587 303 1619 lius
333 1592 363 1620 et
394 1587 605 1629 scholarium,
641 1594 703 1620 tam
736 1589 973 1631 peregrinorum

243 1650 336 1684 quam
350 1640 618 1682 dioecesanorum,
636 1647 669 1673 ut
682 1642 858 1684 praefertur
870 1642 901 1674 in
916 1653 975 1674 nia-
989 1668 991 1679 ἲ

242 1693 352 1726 tricula
370 1693 609 1737 descriptorum,
635 1694 890 1734 iurisdictionem,
908 1706 976 1727 cor-

241 1747 413 1779 rectionem
434 1751 463 1779 et
486 1746 703 1786 visitationem,
721 1747 822 1790 quoad
841 1758 876 1779 ea
896 1758 973 1790 quae

242 1798 404 1831 Societatis
420 1799 599 1832 huiusmodi
616 1799 772 1839 institutis,
791 1805 821 1832 ut
841 1802 992 1848 praeter-3

240 1855 302 1892 tur,
326 1861 390 1883 non
414 1858 599 1895 repugnant,
622 1852 703 1885 dicta
729 1853 912 1885 auctoritate
937 1853 974 1884 si-

242 1903 357 1936 militer
381 1910 532 1947 perpetuo
563 1905 805 1945 committimus,
833 1905 975 1937 concedi-

243 1966 322 1996 mus,
347 1956 569 1990 demandamus
593 1963 621 1990 et
646 1958 849 2000 assignamus.

288 2009 304 2052 ἓ
327 2009 377 2042 11.
395 2011 438 2042 Ac
455 2011 650 2054 praedictum
668 2012 852 2044 modernum
871 2016 900 2044 et
916 2023 973 2055 pro

244 2066 385 2106 tempore
413 2063 595 2096 existentem
626 2065 897 2109 archiepiscopum
925 2066 973 2098 El-

243 2114 420 2156 bovensem,
437 2126 569 2160 suosque
594 2117 740 2150 officiales
757 2122 786 2151 et
805 2119 973 2158 ministros,

244 2168 290 2200 vel
304 2168 395 2200 aliam
409 2169 550 2211 quamvis
562 2163 738 2212 personam,
752 2171 974 2214 cuiuscumque

243 2227 356 2262 status,
382 2221 497 2263 gradus
524 2227 553 2254 et.
577 2223 762 2255 conditionis
793 2224 918 2263 existat,
944 2215 991 2256 in'

243 2274 477 2316 iurisdictione,
512 2275 705 2308 correctione
738 2281 768 2308 et
801 2276 974 2310 visitatione

242 2327 420 2372 praedictis,
445 2328 576 2371 aliisque
600 2329 745 2361 omnibus
769 2329 807 2361 ad
826 2330 976 2362 universi-

241 2385 346 2421 tatem,
365 2386 394 2413 et
414 2381 496 2413 illius
520 2381 687 2422 scholares,
709 2387 771 2414 tam
791 2383 974 2425 peregrinos

241 2444 336 2477 quam
360 2433 575 2475 dioecesanos,
604 2440 635 2467 ut
665 2436 839 2478 praefertur
863 2435 976 2468 descri-

241 2491 321 2529 ptos,
345 2486 504 2528 officiales,
528 2487 676 2520 lectiones
701 2488 905 2530 perlegentes,
923 2494 975 2520 aut

241 2539 332 2581 bona,
341 2539 514 2583 privilegia,
525 2541 650 2583 gratias,
660 2541 819 2574 libertates
837 2547 866 2574 et
877 2552 976 2574 exem·
990 2551 991 2578 3

1056 953 1071 996 ἓ
1095 952 1145 985 19..
1171 953 1233 985 Nec
1263 963 1323 986 non
1356 963 1438 986 nunc
1462 959 1491 986 et
1515 964 1573 996 pro
1603 959 1743 998 tempore
1779 968 1940 993 emman...

1012 1006 1214 1039 existentibus
1238 1007 1415 1049 praeposito
1433 1011 1463 1039 et
1479 1007 1633 1049 religiosis
1657 1018 1744 1050 prae·
1758 996 1855 1041 533'2''.³-.¹.''„¹‡'

1011 1060 1111 1097 dictis,
1131 1064 1163 1093 ut
1186 1060 1325 1102 ipsorum
1348 1060 1471 1102 collegii
1489 1066 1516 1092 et
1534 1061 1743 1093 universitatis
1759 1050 1939 1099 ffi¹¹¹at¹31¹·'1'11.11„iif¹'

1011 1119 1246 1145 conservatores
1277 1124 1348 1145 euni
1381 1114 1426 1145 vel
1452 1123 1505 1146 eos
1539 1113 1568 1145 in
1593 1113 1742 1155 dignitate

1011 1166 1217 1199 ecclesiastica
1250 1166 1455 1205 constitutos,
1490 1171 1552 1200 tam
1588 1168 1743 1199 seculares

1010 1229 1102 1261 quam
1128 1220 1309 1262 quorumvis
1333 1220 1477 1252 ordinum
1504 1221 1674 1262 regulares,
1695 1221 1744 1253 de·

1009 1277 1167 1304 cretorum
1192 1272 1336 1305 doctores
1353 1273 1399 1304 vel
1421 1273 1450 1304 in
1472 1273 1628 1315 theologia
1650 1274 1744 1316 magi-

1009 1329 1089 1357 stros
1114 1325 1161 1356 vel
1186 1324 1373 1364 licentiatos,
1398 1336 1490 1368 quem
1516 1336 1570 1357 seu
1594 1336 1673 1368 quos
1697 1337 1743 1358 re-

1009 1382 1076 1409 ctor
1100 1388 1154 1409 seu
1185 1378 1385 1420 provincialis
1417 1383 1467 1410 aut
1493 1378 1687 1421 praepositus
1712 1384 1742 1411 et

1009 1430 1145 1472 religiosi
1164 1431 1313 1474 praedicti
1332 1431 1477 1463 duxerint
1492 1432 1697 1464 nominandos
1710 1437 1740 1464 et

1008 1483 1176 1525 eligendos,
1195 1494 1354 1516 assumere
1371 1485 1490 1527 possint
1508 1489 1535 1516 ct
1553 1485 1681 1523 valeant,
1697 1484 1742 1516 iti-

1008 1537 1076 1568 dem
1095 1542 1248 1579 perpetuo
1266 1537 1465 1569 concedimus
1483 1541 1511 1570 et
1531 1537 1738 1579 indulgemus.

1051 1590 1065 1632 ξ
1082 1589 1133 1622 ld.
1156 1589 1354 1632 Eisdemque,
1372 1594 1404 1623 ut
1423 1591 1608 1633 prael'ertur,
1623 1591 1653 1622 in
1671 1601 1738 1623 con-

1007 1649 1180 1675 servatores
1204 1643 1371 1675 nominatis
1392 1649 1418 1675 et
1445 1644 1550 1675 electis
1576 1645 1739 1676 committi·
1761 1654 1837 1689 'tta-:2
1852 1658 1936 1689 ponent·

1008 1706 1075 1728 mus
1092 1702 1121 1728 et
1138 1696 1332 1734 mandamus,
1350 1702 1501 1739 quatenus
1518 1697 1587 1740 ipsi,
1602 1698 1648 1729 vel
1665 1697 1737 1737 duo,
1753 1682 1889 1727 {Silius-³⁰¹¹
1908 1680 1923 1700 sd

989 1752 1058 1780 ‘aut
1081 1759 1162 1780 unus
1186 1759 1310 1788 eorum,
1335 1760 1390 1792 per
1415 1760 1457 1787 se,
1482 1750 1528 1781 vel
1553 1750 1656 1789 alium,
1683 1761 1737 1782 seu

1005 1801 1091 1840 alios,
1117 1801 1235 1833 etiamsi
1254 1801 1313 1833 sint
1333 1812 1368 1833 ex
1388 1802 1462 1834 locis
1480 1802 1509 1834 in
1527 1803 1640 1845 quibus
1658 1802 1735 1834 iudi-

1006 1864 1056 1886 ces
1079 1860 1108 1886 et
1125 1861 1378 1893 conservatores,
1393 1861 1423 1887 ut
1443 1858 1628 1898 praefertur,
1645 1856 1739 1898 depu-

1007 1908 1059 1939 tati
1087 1908 1211 1946 suerint,
1236 1908 1343 1940 iisdem
1365 1909 1553 1951 praeposito,
1573 1909 1737 1950 ret³giosis,

1007 1961 1131 2000 rectori,
1146 1961 1289 2003 collegio,
1304 1962 1507 1998 universitati,
1528 1962 1734 2000 scholaribus,

1008 2020 1066 2046 tam
1083 2014 1258 2056 peregrinis
1275 2025 1366 2056 quam
1385 2015 1586 2054 dioecesanis,
1605 2021 1637 2047 ut
1655 2025 1740 2058 prae-

1007 2069 1104 2100 t'crtur
1128 2068 1303 2110 descriptis,
1328 2074 1357 2100 et
1382 2068 1592 2109 singularibus
1613 2069 1738 2102 illorum

1007 2121 1158 2163 personis,
1172 2121 1306 2153 efficacis
1322 2121 1510 2154 defensionis
1528 2122 1682 2164 praesidio
1694 2133 1740 2154 as-

1007 2174 1166 2212 sistentes,
1198 2183 1259 2205 non
1292 2175 1473 2216 permittant
1509 2175 1738 2218 praep0<itum,

1008 2226 1180 2268 religiosos,
1206 2232 1371 2265 rectorem,
1397 2227 1575 2269 colleg-*iales
1596 2234 1623 2259 ct
1652 2228 1740 2260 scho-

1009 2279 1087 2311 lares
1104 2279 1279 2322 praedictos
1299 2290 1386 2322 supet
1406 2291 1513 2312 eorum
1536 2281 1687 2323 personis,
1705 2291 1740 2313 ac

1007 2331 1095 2363 bonis
1129 2337 1158 2364 et
1183 2332 1303 2363 iuribus
1331 2332 1368 2364 ad
1398 2343 1451 2364 eos
1481 2343 1652 2375 eorumque
1677 2334 1740 2364 sin-

1007 2385 1096 2426 gulos
1124 2395 1179 2417 nce
1194 2395 1256 2417 non
1273 2385 1438 2425 collegium
1461 2391 1490 2417 et
1507 2386 1739 2418 universitatem

1008 2437 1186 2470 huiusmodi
1211 2439 1434 2480 spectantibus,
1456 2449 1490 2470 ac
1515 2439 1686 2481 privilegiis
1711 2442 1740 2471 et

990 2490 1271 2532 ,exemptionibuffi
1297 2491 1559 2529 immunitatibus,
1591 2491 1741 2524 facultati-

1007 2543 1065 2575 bus
1076 2548 1106 2574 et
1122 2543 1258 2582 indultis,
1273 2543 1316 2575 eis
1329 2544 1537 2576 communiter
1554 2544 1600 2575 vel
1618 2544 1740 2576 divisim

243 2591 366 2635 ptiones
382 2591 508 2625 illorum
524 2594 735 2637 spectantibus
750 2594 759 2610 ¹
776 2604 808 2626 se
825 2594 976 2627 intromit-

277 2653 291 2680 1
307 2652 376 2680 Edit.
391 2653 469 2682 Main.
486 2654 551 2690 legit
564 2656 722 2690 spectantia
736 2656 773 2690 (a.
791 2654 838 2691 T.).

990 2606 1064 2638 ,pro
1088 2600 1229 2638 tempore
1253 2596 1418 2635 concessis,
1443 2607 1615 2639 eorumque
1636 2608 1693 2629 usu
1711 2602 1739 2629 et

1009 2649 1137 2692 pacifica
1161 2650 1369 2692 possessione,
1386 2660 1403 2682 a
1420 2651 1578 2693 quibusvis
1598 2650 1741 2694 personis
