2293 3231
285 286 334 312 Αη.
353 284 381 312 e.
400 284 468 312 1612
514 275 579 310 124

1057 283 1235 308 Bt'LLAmUM
1260 283 1414 308 ROMANL'M

478 333 630 373 liearum,
655 334 702 366 vel
735 332 1016 377 exequutorialium
1032 359 1039 372 ‚
1071 332 1136 364 iulii
1169 332 1221 364 tri·
1254 331 1510 374 reaggravatoria
1526 331 1620 364 simul
1637 331 1762 372 iunctis,
1786 336 1816 364 et
1840 330 1926 364 totali
1946 340 1994 364 ea-

481 387 578 430 ginta.

523 440 574 474 65.
602 440 662 474 Pro
682 440 828 473 mandato
848 439 1035 483 suspicionis
1053 439 1155 482 fugae,
1172 449 1220 471 us-

479 505 541 538 que
565 494 603 526 ad
628 502 827 537 quacumque
853 502 1022 532 summam,
1047 492 1140 525 etiam
1166 492 1218 525 in'

479 548 541 580 vim
559 546 760 590 obligationis
777 546 943 579 cameralis
959 551 990 579 et
1013 546 1106 579 etiam
1131 552 1219 590 parte

477 600 571 633 citata
587 600 725 639 decreto,
745 599 812 632 iulii
835 605 971 643 quatuor
987 610 1059 633 cum
1076 599 1218 634 dimidio.

523 653 574 687 66.
601 654 661 687 Pro
686 653 833 687 mandato
850 653 889 686 de
905 653 1120 696 consignando
1137 653 1220 697 vigo-

478 717 512 739 re
537 705 704 750 sequestri,
729 706 822 739 etiam
848 706 900 739 ubi
924 716 982 750 pro
1007 706 1091 739 illius
1120 706 1221 739 verifi-

477 760 599 793 catione
613 759 737 793 debitor
753 760 841 803 prius
857 759 966 793 suisset
982 765 1154 793 conventus
1170 761 1219 794 ria

477 813 666 857 exequutiva
690 813 799 855 vigore
824 813 1026 856 obligationis
1043 814 1219 853 cameralis,

479 865 544 898 iulii
565 871 701 910 quatuor
718 876 790 899 cum
808 866 947 900 dimidio.

519 918 572 952 67.
598 918 658 965 Rro
683 918 831 952 mandato
861 919 900 952 de
929 919 1153 962 consignandis
1176 919 1221 963 pi-

476 971 640 1014 gnoribus,
665 971 896 1011 subhastandis‚
921 977 974 1005 aut
997 972 1218 1012 deliberandis,

476 1024 542 1058 iulii
566 1030 702 1069 quatuor
725 1036 798 1058 cum
823 1025 963 1059 dimidio.

520 1076 572 1110 68.
599 1078 659 1111 Pro
684 1078 832 1112 mandato
849 1078 887 1111 de
909 1079 1078 1112 relaxando
1095 1090 1153 1122 pro
1169 1079 1220 1112 de-

476 1130 542 1163 bito
559 1131 653 1172 civili,
666 1130 733 1163 iulii
747 1137 882 1174 quatuor
899 1142 971 1164 cum
988 1131 1129 1165 dimidio.

519 1184 570 1218 69.
597 1184 658 1218 Pro
668 1185 815 1218 mandato
829 1185 860 1218 in
875 1186 977 1219 causis
989 1185 1135 1218 civilibus
1149 1185 1218 1219 loco

477 1238 665 1278 litterarum,
675 1249 734 1282 pro
747 1238 843 1282 parva
860 1241 993 1279 summa,
1003 1239 1069 1271 iulii
1083 1244 1219 1283 quatuor

476 1302 547 1324 cum
561 1291 704 1332 dimidio,

521 1344 572 1378 70.
596 1345 783 1389 Computato
808 1346 839 1378 in
861 1346 909 1379 his
930 1346 1077 1380 omnihus
1095 1346 1219 1379 manda-

477 1398 516 1431 tis
529 1398 606 1432 iulio
623 1399 728 1442 sigilli.

521 1452 571 1485 71.
598 1452 659 1486 Pro
683 1453 831 1486 mandato
857 1454 1056 1497 exequufivo,
1073 1454 1137 1486 sive
1151 1454 1219 1486 bra-

476 1505 548 1539 chio
572 1506 706 1539 seculari
731 1507 798 1549 (ubi
823 1507 891 1540 eius
919 1507 1116 1541 invocatione
1138 1518 1218 1551 opus

476 1559 585 1603 suerit)
602 1569 659 1603 per
675 1560 782 1593 omnia
799 1560 955 1604 expedito,
972 1561 1120 1594 omnibus
1136 1571 1219 1593 com-

476 1613 670 1656 praehensis,
690 1613 730 1646 ab
753 1624 818 1646 uno
843 1619 932 1647 scuto
957 1625 1056 1658 usque
1073 1614 1110 1647 ad
1131 1615 1219 1658 quin-

476 1665 590 1707 decim,
604 1666 643 1699 ad
654 1667 809 1700 rationem
821 1667 886 1700 iulii
896 1668 1042 1700 undecim
1049 1678 1108 1711 pro
1118 1673 1218 1709 scuto⁷

477 1719 542 1752 iulii
556 1725 692 1764 quatuor
709 1731 781 1753 cum
801 1720 950 1761 dimidio,

521 1772 571 1806 72.
597 1775 621 1807 Α
646 1774 742 1807 scutis
765 1774 968 1818 quindecim,
992 1785 1092 1819 usque
1116 1775 1154 1807 ad
1179 1775 1220 1807 vi-

476 1826 696 1871 gintiquinque
719 1827 758 1860 ad
783 1828 927 1861 eamdem
960 1828 1126 1868 rationem,
1153 1828 1218 1861 iulii

477 1879 666 1923 vigintiduo;

523 1932 573 1967 73.
599 1935 622 1967 Α
648 1935 746 1968 scutis
771 1935 1022 1980 vigintiquinque
1053 1946 1152 1979 usque
1181 1935 1219 1969 ad

478 1987 669 2031 quingentos
685 1987 722 2020 ad
743 1988 886 2022 eamdem
901 1989 1065 2029 rationem,
1085 1989 1150 2022 iulii
1168 1989 1221 2022 tri-

477 2041 563 2084 ginta
582 2046 656 2081 tres;

523 2093 573 2127 74.
599 2095 623 2127 A
647 2094 744 2128 scutis
767 2095 947 2138 quingentis
963 2106 1063 2139 usque
1079 2096 1117 2128 ad
1134 2096 1219 2129 mille

478 2146 516 2179 ad
534 2147 678 2180 eamdem
703 2147 870 2188 rationem,
890 2147 958 2181 iulii
977 2149 1139 2191 sexaginta
1155 2159 1218 2189 sex;

523 2199 574 2233 75.
599 2201 623 2233 Α
641 2200 737 2234 scutis
754 2200 840 2233 mille
864 2211 965 2244 usque
981 2201 1020 2234 ad
1037 2212 1219 2245 quamcum-

478 2264 540 2298 que
555 2264 712 2287 summam
733 2253 772 2288 ad
789 2254 932 2288 eamdem
949 2255 1114 2296 rationem,
1131 2261 1219 2289 scuta

480 2307 637 2341 undecim.

524 2360 574 2394 76.
600 2360 662 2394 Pro
685 2361 828 2394 censuris
852 2361 1088 2402 ecclesiasticis,
1115 2362 1161 2394 vel
1187 2363 1218 2395 in

479 2413 677 2457 expeditione
702 2413 839 2446 mandati
863 2414 1042 2457 exequutivi
1067 2424 1122 2447 seu
1152 2415 1220 2448 bra-

480 2465 542 2499 chii
559 2467 720 2507 secularis,
737 2467 784 2500 vel
801 2477 945 2501 seorsum
962 2467 1001 2500 ab
1018 2478 1066 2508 eo,
1078 2468 1166 2502 nihil.

526 2520 576 2553 77.
602 2521 708 2565 Neque
724 2531 857 2565 usquam
874 2521 962 2562 alias,
978 2521 1038 2554 nisi
1054 2522 1107 2555 ubi
1131 2522 1170 2555 ad
1187 2522 1220 2556 il-

481 2573 527 2607 las
542 2573 602 2607 rite
615 2584 799 2616 processum
816 2574 910 2608 suerit
929 2584 962 2607 re
980 2574 1056 2618 ipsa.

527 2626 577 2660 78.
603 2627 663 2661 Pro
687 2627 905 2669 declaratoria,
928 2629 1164 2671 aggravatoria‚
1189 2634 1219 2662 et

514 2691 531 2718 -1
554 2690 649 2726 Praep.
669 2691 700 2718 in
717 2689 843 2718 addimus
860 2698 893 2719 ex
912 2690 1028 2719 Cherub.
1051 2692 1088 2727 (n.
1103 2692 1152 2726 τ.).

1253 395 1323 417 rum
1349 384 1491 417 omnium
1509 384 1707 428 expeditione
1724 384 1776 418 ubi
1801 384 1840 418 ad
1864 394 1917 417 eas
1933 384 1993 417 rite

1251 448 1435 481 processum
1460 437 1564 477 suerit,
1589 443 1617 470 et
1643 447 1706 471 non
1729 437 1824 478 alias,
1849 438 1994 481 exigatur

1252 491 1458 531 tantumdem,
1481 495 1634 535 quantum
1659 501 1718 535 pro
1742 490 1912 532 mandato,
1937 501 1993 524 seu

1251 543 1382 578 brachio
1406 543 1551 585 seculari,
1565 543 1670 577 habita
1687 543 1888 578 distinctione
1911 553 1995 577 sum-

1253 607 1388 638 marum,
1408 602 1441 630 ut
1466 607 1571 642 supra,
1586 597 1628 630 ita
1646 602 1681 630 ut
1704 596 1827 631 omnis¹
1851 597 1994 641 impensa

1253 651 1416 695 utriusque
1439 650 1655 695 expositionis,
1672 656 1735 684 tam
1753 650 1890 684 mandati
1914 650 1995 683 scili-

1253 709 1301 737 cet,
1325 705 1372 736 vel
1403 704 1524 737 brachii
1551 704 1703 737 secularis
1727 714 1822 748 quam
1849 713 1995 737 censura—

1254 768 1325 790 rum
1336 758 1428 790 simul
1440 758 1554 798 iuncta,
1568 757 1699 802 duplum
1708 767 1771 791 non
1783 757 1910 791 excedat
1926 757 1994 791 eius

1253 812 1345 855 pretii
1361 839 1368 851 ‚
1393 811 1478 855 quod
1509 822 1567 855 pro
1596 811 1744 845 mandato
1777 822 1833 845 seu
1862 811 1994 846 brachio

1253 865 1386 898 seculari
1415 875 1474 908 pro
1503 865 1643 908 qualibet
1673 864 1829 898 dictarum
1861 875 1996 898 summa-

1253 929 1322 951 rum
1349 923 1487 951 taxatum
1512 923 1568 957 est,
1594 920 1723 962 excepta
1746 918 1857 951 ultima
1881 918 1994 952 maiori

1252 974 1388 1011 summa,
1413 971 1557 1005 videlicet
1581 982 1599 1004 a
1622 971 1709 1004 mille
1734 982 1851 1015 supra,
1876 971 1908 1005 in
1932 981 1994 1016 qua

1252 1024 1346 1057 etiam
1361 1024 1386 1057 si
1399 1024 1562 1068 contingat
1572 1025 1655 1058 ultra
1664 1025 1712 1058 vel
1726 1029 1798 1068 post
1810 1024 1994 1059 mandatum

1252 1078 1475 1122 exequutivum
1495 1088 1550 1111 seu
1574 1077 1741 1111 brachium
1758 1078 1901 1112 seculare
1925 1089 1995 1112 cen-

1253 1142 1342 1164 suras
1352 1142 1478 1175 quoque
1493 1132 1636 1173 relaxari,
1649 1132 1727 1165 nihil
1741 1142 1850 1165 earum
1865 1132 1994 1166 nomine

1252 1185 1405 1227 exigatur,
1422 1185 1476 1219 sed
1497 1190 1616 1218 tantum
1641 1186 1724 1218 ultra
1741 1186 1877 1229 pretium
1895 1186 1994 1220 solius

1253 1238 1389 1270 mandati
1422 1248 1476 1271 seu
1501 1238 1621 1272 brachii
1650 1239 1815 1279 secularis,
1840 1244 1875 1272 ut
1898 1249 1994 1284 supra

1252 1296 1409 1331 taxatum,
1433 1291 1532 1335 accipi
1557 1292 1655 1335 possit
1683 1292 1764 1324 iusta
1788 1302 1910 1325 merces
1934 1303 1993 1336 pro

1252 1344 1417 1388 scriptura.

1297 1396 1347 1430 79.
1373 1397 1435 1430 Nec
1459 1407 1608 1441 umquam
1629 1402 1782 1440 cogantur
1798 1403 1903 1442 partes
1920 1398 1996 1432 invi-

1252 1455 1299 1482 tae
1313 1452 1374 1483 una
1395 1460 1467 1483 cum
1488 1450 1634 1484 mandato
1650 1451 1838 1494 exequutivo
1862 1451 1909 1484 vel
1926 1451 1994 1485 bra-

1252 1503 1323 1537 rliio
1347 1504 1497 1545 seculari,
1520 1515 1726 1538 censurarum
1755 1515 1881 1550 quoque
1905 1516 1994 1550 expe-

1252 1557 1403 1590 ditionem
1420 1558 1574 1602 aecipere,
1588 1563 1641 1591 aut
1658 1568 1767 1591 earum
1784 1558 1993 1603 expeditionis

1252 1612 1388 1655 pretium
1405 1613 1537 1653 solvere,
1555 1612 1677 1646 etiamsi
1695 1613 1733 1645 ad
1747 1623 1897 1646 censuras
1909 1613 1992 1658 ipsas

1253 1665 1283 1697 in
1314 1665 1489 1699 subsidium
1517 1671 1627 1700 contra
1656 1672 1874 1701 contumacem
1900 1667 1992 1702 iudex

1252 1720 1474 1753 comminando
1489 1721 1548 1754 rite
1561 1721 1763 1765 processerit,
1777 1726 1807 1754 et
1823 1726 1910 1755 extra
1922 1721 1992 1755 loca

1252 1773 1418 1817 temporali
1443 1773 1583 1807 dominio
1608 1774 1636 1807 S.
1663 1775 1696 1807 R.
1715 1774 1748 1807 E.
1767 1774 1918 1815 subiecta,
1943 1775 1991 1808 vel

1252 1827 1346 1860 etiam
1374 1831 1462 1860 extra
1494 1827 1614 1861 Italiam
1647 1827 1803 1872 expeditio
1839 1828 1993 1862 mittenda

1252 1880 1341 1913 soret.

1296 1933 1348 1968 80.
1374 1935 1411 1967 Et
1434 1935 1487 1968 ubi
1503 1935 1671 1979 quisquam
1689 1935 1839 1979 legitime,
1859 1937 1991 1970 servatis

1252 1988 1462 2032 processibus,
1475 1993 1643 2033 utramque
1656 1988 1897 2033 expeditionem,
1908 2000 1992 2023 man-

1252 2041 1316 2074 dati
1340 2042 1459 2074 scilicet
1478 2042 1525 2075 vel
1543 2042 1664 2075 brachii
1690 2042 1841 2075 secularis
1864 2047 1895 2076 et
1921 2053 1992 2077 cen-

1253 2105 1409 2134 surarum,
1425 2094 1537 2128 eodem
1555 2100 1698 2139 tempore
1713 2095 1830 2129 habere
1845 2096 1989 2137 voluerit,

1251 2152 1325 2181 tunc
1354 2153 1530 2192 apponatur
1553 2148 1659 2184 verbis
1683 2149 1840 2192 expressis
1868 2149 1899 2182 in
1922 2150 1991 2194 ipsa

1251 2201 1450 2245 expeditione
1458 2201 1561 2245 quoad
1569 2211 1728 2242 censuras,
1738 2211 1778 2235 ne
1790 2201 1834 2235 is'
1841 2202 1990 2246 pretium,

1250 2253 1335 2297 quod
1351 2254 1477 2287 illarum
1500 2255 1623 2287 ratione
1646 2254 1805 2298 expendit,
1817 2255 1882 2289 ullo
1894 2254 1990 2289 modo

1251 2312 1394 2351 repetere
1413 2308 1512 2351 possit
1532 2308 1571 2341 ab
1595 2308 1645 2341 his
1661 2312 1771 2341 contra
1789 2318 1869 2352 quos
1885 2308 1991 2342 decre·

1251 2365 1300 2393 tae
1324 2365 1354 2393 et
1371 2361 1512 2405 prolatae
1528 2361 1666 2400 suerunt,
1681 2360 1742 2393 nisi
1758 2360 1908 2394 adversus
1924 2371 1990 2395 eos-

1251 2413 1321 2446 dem
1332 2413 1441 2455 vigorc
1456 2413 1591 2447 mandati
1605 2413 1782 2457 exequutivi
1802 2423 1858 2447 seu
1866 2414 1988 2448 brachii

1251 2467 1401 2500 secularis
1424 2476 1487 2500 non
1511 2466 1744 2507 satisfacientes,
1761 2472 1814 2500 aut
1830 2467 1906 2501 alias
1925 2477 1988 2502 non

1250 2525 1396 2564 parentes
1408 2519 1549 2554 censuris
1562 2519 1638 2563 ipsis
1649 2546 1656 2560 ‚
1673 2519 1718 2552 uti
1742 2529 1872 2555 necesse
1883 2521 1987 2557 suerit.

1295 2573 1347 2607 81.
1373 2574 1434 2608 Pro
1457 2573 1644 2618 duplicatis,
1668 2574 1762 2607 etiam
1791 2580 1863 2619 post
1892 2575 1989 2620 quod-

1289 2647 1300 2672 1
1323 2645 1392 2672 Edit.
1413 2645 1496 2673 Main.
1517 2644 1581 2681 legit
1600 2653 1695 2674 omnes
1712 2646 1818 2681 (ιιι).

1286 2690 1303 2718 2
1322 2691 1467 2726 Pei-peram
1484 2690 1550 2719 edit.
1570 2691 1653 2719 Μαίη.
1673 2691 1756 2719 habet
1771 2691 1814 2720 eis
1829 2693 1868 2728 (n.
1884 2691 1935 2727 T.)-

2003 281 2056 309 xn.
2072 281 2104 310 c.
2119 281 2187 310 im
2214 259 2225 278 ⁵
