2293 3231
92 277 141 304 An.
162 275 189 304 C.
208 275 275 304 1612

924 275 1042 301 PAULUS
1067 276 1086 300 V
1110 276 1157 300 Pr.

332 321 383 356 53.
411 323 448 356 Et
479 322 739 366 quandocumque
772 323 884 357 notarii
918 323 1025 365 vigore

288 376 380 409 liuius
397 376 627 410 constitutionis
646 388 681 409 ex
701 378 779 409 liu-to
797 387 872 413 suo,
895 378 940 409 vel
959 388 1027 410 suo-

287 440 369 470 rum,
380 435 526 463 tenentur
536 430 652 474 aliquid
665 431 792 464 refunde
798 442 841 470 rc,
852 430 1025 470 restituere,

288 488 340 516 aut
363 483 508 528 partibus
524 484 693 524 resarcire,
712 484 901 528 procedatur
918 488 1027 515 contra

288 547 342 570 eos
357 537 526 577 executive,
543 543 573 570 et
589 548 683 570 manu
700 537 798 580 regia.

333 589 384 623 54.
407 590 454 623 Ad
477 590 572 631 hacc,
593 591 722 623 archivii
741 589 904 634 privilegia
923 589 1028 622 illaesa

288 652 355 676 esse
380 643 556 687 cupientes,
581 644 744 677 statuimus
771 648 802 675 et.
827 642 1026 681 mandaimis,

288 696 371 740 quod
388 697 608 741 protonotarii,
628 697 758 732 comites
775 696 913 740 palatini,
930 701 960 728 et
977 695 1027 728 alii

289 750 479 794 quicumque
504 751 655 784 habentes
681 751 726 784 vel
750 751 867 783 habere
889 754 1029 793 praeten-

289 802 398 836 dentes
430 804 608 838 facultatem
633 803 759 838 creandi
787 803 948 843 notarios,
977 806 1029 835 aut

290 856 417 900 spurios
434 857 639 900 legitimandi,
650 867 713 890 non
731 856 851 900 possint
864 856 934 888 illos
947 866 1030 888 crea-

289 920 324 942 re
341 910 389 942 vel
418 911 607 953 legitimare,
636 921 692 943 nee
713 910 960 942 iurisdictionem
977 914 1028 942 aut

290 968 477 1007 potestatem
502 963 637 1007 aliquam
661 963 692 996 in
712 963 794 996 Urbe
811 968 841 995 et
857 968 944 996 extra
960 973 1028 996 eam

290 1026 348 1060 per
357 1026 453 1049 unam
463 1016 576 1049 dietam
589 1017 722 1059 legalem
733 1027 889 1056 exercere,
901 1016 931 1048 in
941 1026 1031 1059 prae-

290 1068 439 1102 iudicium
457 1070 581 1113 collegii
593 1069 734 1109 archivii,
748 1074 779 1102 et
791 1068 1028 1113 privilegiorum

290 1122 374 1164 eius,
403 1123 488 1157 iuxta
515 1123 770 1156 constitutionem
799 1122 897 1155 felicis
920 1133 1029 1155 recor-

290 1176 424 1210 dationis
455 1177 568 1210 Leonis
594 1177 618 1210 X
647 1176 900 1221 praedecessoris
930 1176 1029 1209 nostri

290 1230 405 1264 editam
423 1230 525 1274 pridie
549 1241 649 1264 nonas
665 1230 804 1263 octobris
820 1240 933 1270 iunxnl,
951 1240 1029 1272 quae

290 1284 399 1328 incipit
426 1285 476 1318 Ea:
503 1285 683 1317 ministerii
697 1283 876 1328 pastoralis
889 1282 908 1323 ¹,
937 1294 1029 1326 quam

290 1337 476 1370 innovamus
493 1342 523 1370 et
539 1337 769 1381 approbamus,

335 1390 386 1424 55.
403 1390 564 1434 Quodque,
581 1391 606 1423 si
624 1391 736 1434 aliquis
752 1390 890 1423 creditor
906 1389 1031 1422 manda-

291 1450 357 1477 tum
367 1444 404 1477 de
418 1444 582 1489 capiendo,
594 1445 714 1477 ratione
729 1444 916 1488 suspicionis
929 1444 1030 1487 fugae,

291 1497 323 1530 in
350 1508 548 1541 quocumque
571 1497 737 1539 tribunali,
762 1498 856 1530 etiam
880 1497 1032 1529 auditoris·

292 1562 446 1593 camerae,
463 1557 573 1584 contra
590 1551 765 1584 debitorem
787 1562 887 1590 suum,
906 1551 952 1583 vel
963 1551 973 1567 ²
989 1551 1033 1594 ip-

291 1604 355 1638 sius
386 1605 536 1637 debitoris
571 1605 721 1649 pecunias
748 1611 778 1637 et
816 1605 897 1637 bona
925 1615 1032 1647 seque—

292 1664 391 1692 strum
409 1659 535 1703 aliquod
551 1659 735 1699 obtinuerit,
757 1659 893 1692 creditor
910 1658 976 1702 ipse
994 1658 1031 1691 ad

292 1713 429 1746 mandati
454 1713 630 1756 exequutivi
651 1712 900 1756 expeditionem,
917 1712 965 1744 rel
982 1712 1034 1744 ali-

291 1777 355 1809 quo
385 1766 477 1800 modo
507 1766 589 1799 illius
623 1766 810 1799 solutionem
842 1765 1031 1802 faciendam,

293 1824 346 1852 aut
370 1819 437 1852 eius
468 1824 571 1852 taxam
604 1819 840 1863 deponendam,
871 1818 940 1861 cogi
969 1828 1031 1851 non

293 1873 401 1917 possit.

338 1926 580 1960 56.1uramonta
593 1926 780 1970 suspicionis
794 1926 885 1969 fugae
898 1926 937 1958 ab
954 1925 1032 1964 aliis,

293 1991 388 2025 quam
405 1991 423 2013 a
442 1980 750 2025 principalibusmet,
769 1980 815 2012 vel
834 1979 979 2023 personis
996 1979 1033 2011 ad

294 2034 325 2067 id
341 2034 476 2078 speciale
494 2033 675 2066 mandatum
692 2033 889 2074 habentibus,
906 2043 969 2066 non
987 2043 1035 2065 re-

295 2087 422 2132 cipiant.

339 2140 391 2174 57.
416 2140 585 2183 Sequestra
608 2149 671 2173 non
699 2139 859 2180 scribant,
884 2139 979 2172 etiam
1004 2139 1035 2171 in

296 2194 397 2227 causis
424 2193 622 2234 mercedum,
649 2193 708 2225 nisi
737 2193 768 2225 in
795 2193 1034 2235 exequutionem

295 2247 538 2281 mandatorum8
554 2247 714 2280 servandis
738 2247 967 2287 relaxatorum,
989 2247 1035 2279 vel

296 2302 355 2335 nisi
375 2302 468 2335 docto
492 2301 529 2334 de
551 2300 671 2334 credito
687 2300 780 2333 etiam
797 2300 1037 2333 extraiudiciali-

297 2360 345 2389 ter
361 2355 491 2388 arbitrio
507 2354 628 2394 iudicis,
646 2354 809 2397 iuratoque
827 2353 971 2397 prius1de
995 2353 1038 2386 di-

297 2408 499 2453 lapidatione,
517 2413 569 2441 aut
585 2409 678 2451 fugae
696 2407 885 2450 suspicione.

334 2507 345 2533 1
369 2505 528 2534 Huiusmodi
542 2506 569 2532 in
586 2505 719 2533 Bullarz'o
742 2512 793 2531 non
817 2504 913 2540 legitur
928 2503 975 2531 sed
992 2504 1038 2531 ha-

298 2550 380 2579 betur
390 2551 423 2579 de
434 2551 485 2578 hoc
495 2550 555 2578 Iulii
571 2550 594 2577 ll
611 2550 702 2577 Const.
716 2556 777 2576 xvtu
793 2557 823 2576 ac
841 2555 883 2575 xlx
896 2548 922 2575 in
934 2552 998 2575 tom.
1012 2556 1038 2580 v,

299 2603 361 2631 pag.
378 2595 441 2623 458.

333 2640 350 2667 2
369 2639 468 2676 Supple
487 2642 589 2673 contra
607 2640 646 2674 (n.
662 2639 710 2673 12).

336 2684 352 2714 3
366 2683 469 2713 Forsan
481 2683 627 2719 legendum
642 2683 764 2713 servatis
778 2682 927 2712 servandis
941 2684 979 2718 (a.
989 2682 1039 2718 at).

1724 267 1759 299 sll

1104 324 1154 356 58.
1168 322 1352 363 Advocatos,
1367 328 1600 366 procuratores,
1615 328 1642 355 et
1657 323 1800 356 sollicita-

1060 382 1144 409 torcs
1169 387 1227 420 pro
1253 376 1489 410 fideiussoribus
1509 376 1673 409 occasione
1700 377 1799 409 litium

1059 429 1169 462 dandis
1186 431 1271 463 nullo
1289 436 1379 473 pacto
1397 430 1558 477 recipiant.

1105 483 1156 517 59.
1181 483 1433 526 Sigi'lilicationcs
1462 496 1518 527 per
1546 484 1626 516 viam
1655 495 1802 516 recursus

1061 537 1276 569 concedendas
1296 548 1357 570 non
1383 537 1537 577 scribant,
1555 537 1613 570 nisi
1634 548 1704 570 cum
1722 538 1802 570 clau-

1062 590 1145 629 sula,
1164 589 1236 622 Non
1256 594 1362 622 tcmncn
1378 591 1415 623 in
1433 591 1681 624 contumaciam.

1106 641 1157 675 60.
1180 643 1262 675 Alias
1289 654 1362 676 vero
1383 644 1626 685 significationes
1649 654 1712 676 non
1729 644 1803 676 scri-

1062 695 1139 728 bant
1154 695 1211 728 nisi
1230 697 1337 739 rigore.
1356 697 1491 736 termini,
1504 702 1556 729 aut
1568 697 1625 729 nisi
1642 697 1802 740 productis

1061 748 1192 789 iuribus,
1207 750 1253 781 vel
1271 750 1509 793 probationibus
1525 762 1620 794 super
1637 751 1801 789 solutione,

1063 807 1114 834 aut
1139 802 1197 835 nisi
1225 808 1324 835 stante
1342 803 1509 846 pendentia
1527 803 1603 843 litis,
1621 803 1683 835 sive
1702 804 1753 837 lite
1770 804 1803 836 si-

1062 856 1141 896 nita,
1160 857 1206 888 vel
1225 856 1283 889 nisi
1300 856 1371 888 data
1389 856 1532 889 cautione
1550 857 1586 889 (le
1610 857 1720 890 stando
1742 857 1802 890 iuri

1063 915 1093 943 et
1109 909 1278 943 iudicatum
1296 910 1455 950 solvendo,
1473 910 1596 952 quando
1612 916 1713 943 essent
1726 912 1803 944 rela—

1062 968 1132 996 xata
1156 963 1301 995 mandata
1326 963 1512 1006 suspicionis
1535 964 1625 1005 fugae
1650 974 1708 1007 pro
1725 975 1803 997 asse-

1063 1017 1224 1050 curatione
1242 1017 1358 1057 iudicii,
1377 1022 1425 1049 aut
1444 1017 1502 1049 nisi
1520 1022 1618 1049 stante
1635 1017 1801 1059 negatione

1063 1076 1173 1102 contra
1189 1070 1334 1102 mandata
1359 1070 1388 1102 in
1412 1070 1639 1103 contumaciam
1656 1071 1800 1103 relaxata.

1108 1123 1159 1156 61.
1185 1123 1416 1166 Responsiones
1439 1124 1477 1156 ad
1500 1124 1647 1156 articulos
1671 1129 1702 1156 et
1724 1123 1803 1158 iura-

1064 1182 1167 1209 menta
1193 1188 1287 1220 super
1311 1177 1434 1221 partitis
1458 1177 1601 1209 decisivis
1628 1187 1734 1209 <joram
1760 1177 1803 1209 iu-

1064 1230 1131 1262 dice
1152 1235 1271 1263 tantum
1296 1231 1437 1274 recipere
1461 1230 1580 1274 possint
1602 1236 1632 1263 et
1653 1231 1801 1271 debeant,

1064 1283 1122 1315 nisi
1146 1284 1212 1327 ipse
1240 1284 1329 1317 iudex
1355 1284 1444 1316 aliter
1464 1284 1635 1316 decreverit
1657 1295 1692 1316 ex
1710 1286 1803 1316 causa

1065 1337 1254 1370 infirmitatis
1278 1343 1329 1370 aut
1350 1338 1480 1380 legitimi
1503 1338 1717 1381 impedimenti
1745 1338 1805 1370 col-

1064 1390 1263 1433 litigantium.

1109 1444 1160 1477 62.
1186 1444 1444 1478 Constitutionem
1470 1456 1485 1477 a
1510 1445 1602 1477 nobis
1626 1445 1675 1477 (lie
1701 1445 1804 1488 pruna

1066 1498 1168 1530 martii
1193 1508 1313 1531 uncvnt
1338 1503 1447 1531 contra
1473 1498 1610 1531 notarios
1628 1498 1805 1531 criminales

1066 1550 1157 1583 Urbis
1167 1551 1291 1583 editam¹
1307 1551 1499 1591 innovantes,
1511 1552 1613 1584 denuo
1623 1556 1650 1583 et
1665 1551 1803 1583 districte

1066 1604 1236 1637 inhibendo
1254 1605 1467 1648 praest-ipimus
1483 1605 1628 1638 omnibus
1645 1604 1805 1647 quibusvis

1065 1658 1195 1691 notariis
1216 1659 1439 1701 cuiuscumque
1461 1658 1629 1691 tribunalis
1649 1663 1676 1690 et
1700 1658 1805 1690 curiae

1066 1722 1192 1755 quoquo
1216 1711 1309 1744 modo
1334 1722 1442 1744 causas
1463 1711 1642 1744 criminales
1659 1721 1805 1743 exercen-

1066 1766 1159 1805 tibus,
1176 1776 1225 1805 ne,
1239 1766 1296 1798 sub
1313 1767 1415 1809 poena
1430 1764 1614 1808 privationis
1630 1764 1805 1797 officiorum

1066 1824 1095 1851 et
1120 1818 1325 1862 proprietatis
1349 1818 1490 1862 ipsorum
1514 1818 1583 1861 ipso
1607 1818 1687 1850 sacto
1704 1817 1808 1849 incur-

1066 1872 1174 1913 renda,
1192 1877 1222 1904 et
1246 1882 1388 1904 camerae
1405 1876 1530 1904 nostrae
1548 1871 1738 1917 apostolicae
1756 1880 1808 1913 ap-

1067 1925 1222 1969 plicanda,
1236 1925 1365 1968 aliisque
1379 1924 1578 1967 gravioribus
1591 1924 1684 1957 etiam
1698 1933 1808 1967 eorpo-

1067 1980 1187 2013 ralibus
1202 1978 1333 2011 arbitrio
1350 1978 1461 2011 iudicis
1474 1978 1673 2022 imponendis
1687 1977 1807 2021 poenis,

1068 2033 1202 2066 audeant
1218 2033 1264 2065 vel
1282 2037 1485 2076 praesumant
1502 2031 1664 2064 mercedes
1683 2031 1808 2064 notulae

1069 2087 1249 2126 sententiae,
1266 2086 1313 2119 vel
1330 2086 1459 2126 decreti,
1474 2090 1525 2118 aut
1538 2084 1721 2118 cassationis
1738 2095 1809 2128 pro-

1069 2151 1174 2174 cessus
1201 2140 1233 2173 in
1255 2139 1447 2172 relaxatione
1473 2144 1728 2178 carceratorum,
1754 2148 1808 2171 seu

1069 2194 1239 2228 abolitione
1257 2193 1457 2236 querelarum
1485 2202 1549 2225 non
1565 2197 1808 2230 carceratorum,

1069 2247 1163 2280 etiam
1190 2257 1206 2278 a
1235 2251 1345 2290 sponte
1372 2245 1538 2281 dantibus,
1567 2255 1623 2277 nec
1648 2244 1741 2276 etiam
1770 2243 1808 2275 ad

1069 2300 1233 2333 minimum
1251 2299 1404 2343 accipere,
1422 2298 1480 2330 nisi
1497 2298 1621 2341 quando
1646 2308 1718 2330 reus
1742 2297 1809 2339 ipse

1070 2353 1223 2386 fabricato
1249 2363 1416 2396 processu,
1434 2357 1461 2384 et
1482 2350 1689 2394 praecedente
1715 2350 1809 2393 plena

1071 2417 1181 2439 causae
1199 2406 1378 2449 cognitione
1401 2411 1428 2438 et
1450 2404 1653 2443 discussione,
1678 2403 1754 2436 liseo
1779 2408 1809 2435 et

1072 2465 1159 2503 parte
1184 2460 1208 2492 si
1233 2459 1331 2492 aderit
1355 2458 1468 2497 citatis,
1493 2458 1522 2490 in
1547 2457 1616 2501 ipsa
1636 2456 1808 2493 sententia,

1071 2514 1118 2546 vcl
1140 2513 1267 2546 decreto
1291 2513 1354 2545 vim
1378 2512 1558 2544 diffinitivae
1582 2511 1716 2543 habente
1741 2516 1768 2543 et
1793 2520 1812 2541 a

1071 2567 1172 2600 iudice
1186 2566 1374 2610 subscripto,
1388 2565 1479 2599 suerit
1494 2576 1510 2598 a
1524 2565 1666 2605 erimine,
1676 2575 1734 2608 pro
1748 2574 1810 2607 quo

1111 2683 1121 2709 1
1139 2683 1224 2713 Quam
1240 2680 1299 2708 ride
1314 2681 1342 2708 in
1359 2684 1425 2709 tom.
1441 2686 1480 2715 xi,
1496 2687 1556 2716 pag.
1575 2679 1626 2706 470
1640 2682 1678 2715 (a.
1695 2679 1743 2714 r.)-

1810 277 1860 304 ΛΠ.
1881 276 1910 303 C.
1929 276 1997 303 1612
