2293 3231
296 291 382 319 Aac.
406 289 473 318 ¹623
520 280 582 315 796

494 339 549 372 riis
569 337 670 371 modis
687 335 820 375 laedere,
841 334 960 368 animas
979 343 1054 367 vero
1074 343 1146 366 suas
1163 343 1231 377 per·

493 392 567 424 dere
591 401 651 423 non
676 390 794 422 timent.

538 446 552 488 g
576 444 604 476 9..
630 443 838 485 Quapropter,
863 445 896 473 ut
921 446 982 472 tam
1009 440 1139 473 exitiosa
1164 448 1230 471 sce-

495 499 558 530 lera
582 508 599 529 a
623 494 879 529 christifidelibus
904 500 1081 532 arceantur,
1106 493 1230 536 gravio-

494 551 579 583 ribus
603 549 712 592 poenis
738 547 922 580 vindicanda
954 546 1112 579 duximus.
1146 545 1230 578 Motu

493 604 594 647 itaque
611 602 752 646 proprio,
765 607 794 633 et
812 611 847 633 ex
866 603 949 634 certa
971 599 1099 632 scientia
1116 609 1152 631 ac
1169 609 1232 630 ma-

492 659 561 690 tura
579 655 803 688 deliberatione
826 653 957 692 nostris,
982 652 1083 696 deque
1106 658 1231 696 aposto-

491 710 567 742 licae
591 708 752 752 potestatis
776 706 984 751 plenitudine,
1011 711 1118 739 tenore
1143 715 1231 749 prae-

491 763 624 796 sentium
645 762 852 800 decernimus,
873 760 1083 804 praecipimus
1099 765 1128 792 et
1142 769 1230 792 man-

491 816 611 855 damus,
635 821 685 854 ut,
711 814 843 848 constito
868 813 951 857 quod
975 813 1089 856 aliquis
1104 819 1229 857 pactum

491 880 561 903 cum
579 869 703 902 diabolo
721 868 837 908 fecerit,
858 872 888 900 et
908 877 925 899 a
942 866 1002 899 fide
1024 866 1231 909 apostatando

491 921 652 955 maleficiis
677 922 740 954 sive
761 920 930 963 sortilegiis
947 930 1040 953 unam
1055 930 1109 953 seu
1124 920 1231 964 plures

491 986 642 1021 personas
666 975 707 1008 ita
732 975 872 1015 laeserit,
897 979 929 1007 ut
947 984 984 1007 ex
1003 973 1158 1006 maleficio
1182 973 1231 1006 vel

493 1029 654 1072 sortilegio
686 1039 772 1061 mors
803 1034 934 1071 sequuta
959 1027 1017 1067 sit,
1048 1027 1141 1059 etiam
1173 1037 1231 1071 pro

491 1083 595 1128 primo
620 1083 718 1126 lapsu,
736 1081 841 1115 curiae
859 1081 992 1114 seculari
1013 1080 1165 1120 tradatur,
1182 1080 1232 1113 de-

491 1136 563 1169 bitis
587 1135 697 1180 poenis
721 1134 908 1179 puniendus;
924 1134 978 1178 qui
995 1144 1071 1167 vero
1088 1133 1232 1168 similiter

491 1189 693 1234 apostatando
710 1194 835 1232 pactum
859 1198 931 1221 cum
949 1187 1086 1226 diabolo,
1099 1193 1133 1220 ut
1145 1197 1233 1231 prae-

491 1244 599 1283 fertur,
624 1242 747 1283 fecerit,
771 1247 801 1275 et
825 1240 1015 1274 maleficium
1032 1251 1088 1274 seu
1108 1241 1231 1275 sortile-

492 1297 578 1339 gium
604 1295 814 1336 commiserit,
839 1306 876 1328 ex
893 1305 965 1338 quo,
982 1294 1054 1328 licet
1077 1304 1164 1328 mors
1188 1305 1233 1328 se-

492 1354 590 1393 quuta
612 1359 675 1382 non
692 1349 740 1389 sit,
762 1347 927 1381 infirmitas
950 1353 1066 1388 tamen,
1087 1348 1231 1389 divortia,

493 1403 677 1447 impotentia
701 1402 871 1446 generandi
886 1430 893 1443 ,
926 1402 991 1435 sive
1019 1402 1229 1443 animalibus,

494 1456 636 1499 frugibus
661 1456 707 1489 vel
724 1456 792 1489 aliis
807 1455 962 1489 fructibus
979 1455 1129 1489 damnum
1146 1461 1233 1489 nota-

494 1509 556 1543 bile
581 1509 776 1553 provenerit,
800 1520 891 1543 muro
916 1509 1040 1551 claudi,
1065 1510 1129 1543 sive
1153 1520 1229 1553 per-

495 1563 596 1608 petuis
620 1563 810 1605 carceribus,
834 1563 866 1596 in
890 1569 996 1597 sancto
1021 1563 1233 1607 inquisitionis

495 1617 608 1657 officio,
632 1617 685 1650 ubi
710 1617 786 1650 illud
803 1617 916 1658 existit,
933 1617 1133 1658 fabricandis,
1150 1628 1234 1650 man-

495 1670 592 1714 cipari
617 1670 737 1704 debeat.

299 1762 303 1766 ,
332 1734 480 1760 neumenia
539 1723 602 1768 §3
627 1724 684 1763 Qui
705 1735 779 1758 vero
806 1724 957 1758 similium
982 1724 1233 1769 delinquentium

298 1763 481 1835 Ξὲῖῖιῗέίᾗὲῖῗιᾞῗῐί
495 1778 636 1811 notitiam
657 1778 833 1818 habuerint,
857 1789 911 1812 eos
935 1778 1086 1823 episcopo
1107 1779 1172 1812 sive
1191 1778 1235 1811 in-

298 1840 341 1862 ιιιι.
356 1820 482 1835 „muman—
496 1831 638 1874 quisitori
663 1831 853 1864 denunciare
876 1837 1050 1865 teneantur.

541 1885 555 1928 g
574 1884 604 1917 4.
625 1885 693 1918 Non
706 1884 902 1918 obstantibus
915 1884 1192 1919 constitutionibus
1205 1889 1235 1918 et

497 1938 746 1972 ordinationibus
758 1939 948 1983 apostolicis,
969 1939 1144 1983 ceterisque
1164 1949 1235 1973 con-

498 1992 602 2025 trariis
624 1992 884 2037 quibuscumque.

543 2045 557 2088 g
581 2044 609 2078 5.
635 2045 784 2078 Volumus
814 2050 940 2086 autem,
971 2046 1056 2090 quod
1085 2056 1234 2091 praesen-

499 2098 575 2130 tium
595 2098 808 2142 transumptis,
831 2099 924 2132 etiam
942 2099 1115 2143 impressis,
1139 2110 1235 2133 manu

499 2151 628 2184 alicuius
644 2151 757 2184 notarii
781 2151 896 2195 publici
918 2152 1118 2196 subscriptis,
1142 2158 1174 2187 et
1197 2153 1236 2186 si-

499 2204 573 2246 gillo
597 2204 728 2237 alicuius
752 2215 904 2248 personae
925 2205 955 2237 in
973 2205 1123 2248 dignitate
1140 2207 1236 2240 eccle-

499 2256 622 2290 siastica
634 2258 818 2291 constitutae
833 2258 970 2298 munitis,
984 2259 1091 2292 eadem
1103 2270 1235 2304 prorsus

499 2309 575 2342 fides
587 2310 700 2354 ubique
710 2310 905 2352 adhibeatur,
918 2322 997 2355 quae
1015 2312 1132 2345 eisdem
1149 2323 1236 2356 prae-

500 2362 638 2395 sentibus
660 2363 881 2405 adhiberetur,
906 2364 931 2397 si
955 2365 1058 2399 forent
1080 2365 1235 2398 exhibitae

501 2415 548 2447 vel
571 2420 729 2456 ostensae;

306 2498 326 2518 in
342 2471 403 2519 ἓξὲξ
421 2472 487 2524 {5553}
545 2468 560 2511 ἓ
583 2469 611 2502 6.
636 2469 786 2513 Quodque
803 2469 929 2503 eaedem
947 2476 1137 2514 praesentes,
1154 2477 1237 2515 post-

306 2528 385 2571 3322220
418 2530 488 2577 5:223
503 2530 594 2563 quam
613 2521 643 2553 in
660 2522 756 2555 valvis
772 2522 971 2555 basilicarum
997 2524 1025 2557 S.
1044 2524 1167 2557 loannis
1185 2525 1238 2557 La-

505 2574 691 2615 teranensis,
715 2585 750 2607 ac
776 2575 928 2619 Principis
953 2577 1174 2620 Apostolorum
1198 2578 1237 2611 de

339 462 478 482 Grnlssima«

295 490 327 510 oi·
336 494 415 515 poenas
425 486 478 506 tnsst-

294 520 331 541 ιιι.

300 1893 410 1914 Contraria
421 1893 480 1914 tolllt.

340 2051 484 2078 ‘transumptis

301 2077 360 2100 enat
375 2079 438 2100 iubet.

307 2578 345 2599 dot:
355 2579 408 2599 arat.

1071 284 1249 309 nun-imma!
1274 283 1429 308 nomxmt

2019 280 2110 310 An.C.
2132 279 2203 312 1628

1264 337 1295 364 et
1311 332 1462 375 singulos,
1479 331 1517 364 ad
1537 341 1617 375 quos
1634 335 1764 375 spectat,
1783 335 1906 365 arctent
1921 330 2006 365 etas·

1265 386 1384 425 ficiunt,
1408 384 1539 429 perinde
1562 395 1599 417 ac
1623 384 1648 417 si
1673 384 2006 430 unicuiquepersona-

1265 439 1336 472 liter
1359 439 1519 472 intimatae
1545 439 1685 472 fuissent.

1309 493 1418 526 Datum
1437 493 1564 531 Romae,
1580 492 1662 536 apud
1676 491 1705 526 S.
1720 492 1859 533 Petrum,
1876 492 1935 525 sub
1953 501 2007 525 an-

1264 546 1340 578 nulo
1365 545 1542 585 Piscator-is,
1564 545 1614 578 die
1645 555 1687 578 xx
1717 545 1820 579 martii
1850 554 2006 586 uncxxm,

1264 598 1465 642 pontificatus
1488 598 1588 632 nostri
1612 608 1694 631 anno
1719 607 1762 632 111.

1300 660 1357 688 Dat.
1379 661 1424 688 die
1443 660 1478 689 ΞΟ
1493 661 1584 688 martii
1603 660 1680 695 1623,
1696 661 1793 696 pontif.
1810 669 1855 689 au.
1871 667 1908 689 lu.

1605 786 1661 820 CV.

1264 857 1435 891 Abdicatio
1451 868 1549 890 curae
1567 858 1761 891 animarum
1781 868 1803 891 a
1822 857 2009 902 parochiali

1309 911 1438 944 ecclesia
1465 911 1497 945 S.
1531 911 1683 945 Andreae
1714 911 1753 944 de
1779 911 1940 946 Funariis
1971 911 2010 946 de

1312 965 1404 1006 Urbe,
1433 976 1470 998 ac
1493 966 1562 998 eins
1583 965 1758 998 translatio
1775 965 1817 998 ad
1833 965 2007 1009 parochia-

1310 1018 1372 1051 lem
1397 1018 1562 1051 ecclesiam
1587 1018 1619 1052 S.
1647 1018 1778 1052 Nicolai
1793 1019 1952 1052 similiter
1970 1018 2010 1052 de

1308 1072 1480 1113 Funariis,
1505 1083 1561 1105 seu
1577 1072 1718 1105 alteram
1740 1072 1932 1105 viciniorem
1954 1082 2006 1106 ec·

1309 1126 1452 1166 cIesiam,
1472 1127 1606 1170 eiusque
1618 1126 1776 1159 concessio
1793 1125 2008 1169 confraterni-

1311 1180 1372 1212 tan·
1394 1179 1594 1223 sculptorum
1617 1184 1646 1212 et
1671 1179 1896 1223 lapicidarum
1910 1206 1917 1220 ,
1949 1178 2009 1212 sub

1309 1233 1511 1266 invocatione
1533 1232 1581 1266 Ss.
1604 1232 1753 1272 Quatnor
1771 1232 2009 1267 Coronatorum

1309 1286 1346 1319 in
1368 1286 1450 1320 Urbe
1465 1286 1545 1319 olim
1562 1286 1745 1320 institutae.

1465 1356 1622 1392 Gregorius
1634 1356 1808 1391 Episcopus,

1443 1408 1551 1428 servus
1581 1408 1737 1428 servorum
1768 1401 1832 1435 Dei,

1391 1446 1428 1473 ad
1447 1449 1625 1481 perpetuam
1643 1447 1690 1474 rei
1708 1446 1888 1474 memoriam.

1310 1507 1466 1551 Regimini
1490 1508 1676 1541 universalis
1699 1508 1867 1549 Ecclesiae,
1888 1507 2010 1542 meritis
2050 1516 2172 1540 exoratum.

1265 1561 1337 1594 licet
1358 1561 1543 1605 imparibus,
1560 1561 1747 1606 disponente
1762 1561 1906 1603 Domino,
1920 1571 2011 1606 prae-

1266 1615 1420 1655 sidentes,
1441 1614 1521 1648 votis
1546 1615 1624 1656 illis,
1649 1625 1708 1658 per
1731 1625 1811 1658 quae
1835 1615 2010 1648 confrater-

1266 1670 1398 1702 nitatum
1415 1674 1446 1702 et
1461 1668 1596 1702 aliorum
1617 1669 1743 1713 piorum
1763 1669 1908 1702 locorum
1924 1678 2008 1712 quo-

1267 1723 1417 1756 rumtibet
1446 1732 1602 1767 prospero
1631 1723 1724 1756 statui
1756 1727 1787 1755 et
1815 1727 2012 1767 opportunae

1267 1776 1459 1817 obventioni,
1473 1787 1545 1810 cum
1558 1776 1655 1809 divini
1672 1776 1774 1810 cultus
1791 1781 1962 1819 augmento
1975 1785 2012 1810 ac

1267 1830 1520 1864 christifidelium
1536 1830 1692 1874 spirituali
1711 1829 1937 1870 consolatione,
1962 1839 2011 1862 va-

1268 1884 1329 1918 leat
1353 1884 1523 1917 salubriter
1546 1883 1717 1927 provideri,
1741 1883 1876 1916 libenter
1899 1882 2011 1916 annui·

1268 1948 1349 1979 mus,
1366 1947 1465 1981 eaque
1481 1937 1641 1970 favoribus
1656 1936 1882 1980 prosequimur
1898 1946 2012 1980 oppor-

1269 1990 1371 2031 tunis,
1396 1995 1492 2034 prout
1516 1989 1728 2033 conspicimus
1752 1989 1785 2022 in
1809 1989 1944 2022 Domino
1967 1998 2013 2022 sa-

1268 2044 1401 2078 lubriter
1424 2043 1581 2088 expedire.

1312 2098 1374 2142 gl.
1400 2097 1523 2131 Dudum
1548 2097 1706 2141 siquidem
1729 2097 1835 2130 omnia
1858 2095 2012 2130 beneficia
2025 2102 2211 2152 sumptuum

1268 2151 1487 2192 ecclesiastica,
1507 2162 1578 2184 cum
1595 2153 1673 2184 cura
1689 2156 1720 2184 et
1735 2151 1803 2184 sine
1821 2152 1910 2191 cura,
1925 2149 2011 2194 apud
2025 2157 2096 2178 omni·
2105 2155 2212 2178 bemflcit

1269 2205 1379 2239 Sedem
1405 2204 1618 2248 Apostolicam
1642 2209 1717 2237 tunc
1739 2203 1900 2244 vacantia,
1925 2207 1956 2237 et
1978 2204 2011 2236 in
2025 2181 2212 2232 ἶῗπέιῗῖῗνῖιαῗῖ

1268 2264 1359 2292 antea
1384 2263 1530 2291 vacatura
1541 2285 1549 2298 ,
1573 2258 1733 2292 collationi
1757 2263 1788 2291 et
1812 2256 2012 2302 dispositioni
2025 2238 2087 2259 ⁰⁸⁸⁸
2101 2237 2211 2259 namn.

1269 2318 1394 2346 nostrae
1408 2311 1648 2352 reservavimus,
1661 2311 1868 2344 decernentes
1883 2321 1921 2344 ex
1937 2315 2012 2344 tunc

1270 2365 1393 2398 irritum
1414 2370 1444 2398 et
1461 2364 1562 2405 inane,
1580 2364 1605 2397 si
1622 2375 1713 2398 secus
1729 2375 1824 2408 super
1840 2363 1889 2397 his
1905 2373 1924 2396 a
1938 2373 2013 2408 quo-

1269 2429 1374 2462 quam,
1387 2417 1496 2461 quavis
1510 2417 1706 2458 auctoritate,
1721 2417 1856 2451 scienter
1868 2417 1916 2450 vel
1926 2416 2013 2460 igno-

1269 2475 1385 2512 ranter,
1402 2470 1570 2513 contigerit
1589 2470 1745 2503 attentari.

1314 2525 1328 2567 g
1342 2524 1371 2557 2.
1391 2524 1467 2558 Cum
1481 2524 1587 2567 itaque
1600 2523 1804 2567 postmodum
1820 2522 2012 2567 parochialis
2039 2554 2043 2558 ,
2062 2526 2127 2549 Μοᾱο
2142 2526 2210 2557 ‘⁰9¹⁰-

2025 2559 2059 2576 sia
2081 2553 2211 2581 paroch-atta

1270 2578 1401 2611 ecclesia
1417 2579 1446 2612 S.
1463 2577 1605 2611 Andreae
1621 2577 1661 2610 de
1671 2576 1817 2610 Funariis
1830 2581 2011 2621 nuncupata
2025 2580 2211 2630 {nffinssss‘fl'ss‘ss

506 2625 587 2659 Urbe
611 2631 641 2660 et
663 2629 865 2662 cancellariae
886 2631 1089 2673 apostolicae,
1114 2641 1237 2665 necnon
1270 2631 1308 2664 de
1332 2631 1415 2665 Urbe
1429 2658 1436 2672 ‚
1468 2641 1548 2675 quae
1571 2631 1611 2664 ab
1635 2630 1766 2664 ecclesia
1789 2630 1818 2664 S.
1845 2630 1940 2664 Marci
1971 2629 2011 2663 de
2025 2633 2212 2664 ‘medentum
2234 2631 2235 2634 ’

505 2678 538 2711 in
556 2679 621 2712 acie
633 2679 740 2725 Campi
750 2681 860 2716 Florae
869 2683 977 2717 affixae
991 2683 1119 2725 suerint,
1128 2694 1238 2719 omnes
1270 2683 1380 2718 eadem
1412 2683 1495 2718 Urbe
1525 2689 1686 2728 tamquam
1708 2683 1776 2717 eius
1799 2682 1931 2718 matrice
1955 2682 2011 2717 de·
2023 2686 2131 2711 renum.

1995 2667 2001 2671 ’
2024 2662 2132 2687 tongum
2171 2659 2214 2683 ruit.
