2293 3231
268 273 317 299 An.
333 271 362 299 c.
384 271 454 299 1622
499 262 562 296 676

301 707 450 731 Paupertatem

267 734 408 753 omnimodam
419 732 451 752 dt—

268 760 326 781 texti.

313 1173 450 1199 integerrima

266 1200 371 1221 charitate
383 1200 450 1221 excel-

298 1614 378 1634 Divinis
399 1614 449 1635 clia·

265 1641 386 1662 rismatibus
406 1647 449 1662 ani-

265 1674 299 1689 ma
314 1675 359 1689 eius
376 1669 450 1694 impin-

266 1698 330 1721 guata
345 1694 390 1716 suit.

306 2001 449 2023 contumelias

266 2028 412 2050 ardentissime
424 2030 449 2049 st-

267 2057 313 2075 tivit
348 2056 450 2076 honores-

267 2087 307 2108 que
323 2083 440 2105 abhorruit.

307 2215 398 2236 invictae
413 2221 450 2242 pa-

267 2241 356 2262 tientiae
371 2242 415 2262 suit.

295 2427 375 2453 Spiritu
391 2428 450 2448 intel·

268 2453 366 2479 ligent-au
407 2455 450 2475 ittw

268 2482 334 2500 strata
372 2481 450 2501 theuto-

269 2512 315 2532 niae
335 2507 415 2528 libellos
431 2515 450 2529 υ·

268 2533 328 2554 didit.

467 320 539 359 mio;
554 319 629 363 quin
646 318 738 351 etiam
755 317 911 356 volumen,
929 315 1013 359 quod
1031 316 1063 348 in
1074 316 1209 349 Cantica

469 373 674 408 canen-orum
696 371 810 413 insigni
831 370 944 414 pietate
965 370 1117 402 refertum
1135 369 1209 402 scri·

466 431 580 470 pserat,
599 432 628 457 ut
651 424 842 458 confessario
860 424 1106 466 obtemperaret,
1124 424 1209 455 tiam-

466 480 525 511 mis
550 478 663 510 iniecit.
690 478 799 510 Dicere
831 482 935 509 autem
961 475 1095 516 solebat,
1115 486 1147 509 se
1173 476 1209 509 t'n

465 532 683 565 (Iixrernemlis
702 531 878 564 visionibus
895 542 932 563 ac
957 530 1208 564 revelationibus

466 585 571 629 decipi
589 595 689 629 posse,
714 586 748 618 in
773 584 954 618 obedientia
972 595 1044 617 vero
1063 584 1208 627 superio-

467 639 557 671 ribus
575 638 776 682 praestanda
795 637 873 681 falti
895 648 959 670 non
974 648 1074 681 posse.

510 695 525 735 ,ξ
555 692 601 724 to.
624 692 842 735 Paupertatem
863 691 941 724 adeo
959 691 1077 731 dilexit,
1095 696 1128 724 ut
1144 701 1207 724 non

466 745 568 778 solum
585 744 692 778 labore
710 755 860 777 manuum
875 755 1005 777 suarum
1020 744 1136 778 victum
1149 744 1208 777 sibi

466 803 680 842 compararet:
707 798 771 839 sed,
797 798 822 831 si
847 808 943 842 quam
968 798 1137 831 monialem
1162 798 1208 830 vi-

465 852 596 886 lioribus
617 852 757 885 indutam
774 852 966 886 vestimentis
983 852 1208 896 conspexisset,

464 906 548 939 illico
568 917 623 939 sua
648 917 719 939 cum
743 906 827 940 illius
852 911 1076 947 commutaret;
1102 918 1158 947 ac,
1183 907 1208 940 si

464 960 588 1003 quando
603 960 661 992 sibi
674 960 861 1001 necessaria,
875 960 1057 1001 deficerent,
1075 960 1209 993 mirifice

465 1013 635 1046 laetaretur
666 1018 695 1047 et
721 1014 894 1055 exultaret,
926 1015 1108 1058 gratiasque
1142 1015 1206 1048 Deo

464 1073 581 1110 ageret,
593 1073 751 1112 tamquam
765 1068 887 1112 insigne
902 1069 1029 1113 aliquod
1040 1074 1208 1103 consecuta

464 1120 663 1154 beneficium.

509 1175 523 1217 ἓ
548 1174 598 1208 ll.
624 1175 684 1209 Sed
709 1175 792 1209 inter
823 1181 943 1209 ceteras
969 1176 1036 1209 eius
1060 1176 1207 1216 virtutes,

464 1229 587 1272 quibus,
601 1230 690 1274 quasi
704 1240 818 1274 sponsa
831 1241 848 1263 a
862 1231 925 1264 Deo
940 1234 1060 1271 ornata,
1075 1230 1208 1263 mirifice

464 1283 618 1324 excelluit,
629 1283 833 1326 integerrima
842 1284 958 1318 effulsit
967 1284 1102 1324 castitas;
1113 1295 1208 1329 quam

464 1336 542 1370 adeo
560 1337 673 1370 eximie
690 1337 797 1378 coluit,
814 1343 848 1370 ut
864 1348 927 1370 non
944 1338 1046 1370 solum
1062 1337 1207 1381 proposi-

464 1394 530 1422 tum
545 1390 732 1433 virginitatis
746 1391 916 1424 servandae
926 1390 945 1430 ¹,
960 1402 976 1424 a
989 1391 1125 1435 pueritia
1138 1401 1209 1424 con-

464 1448 599 1486 ceptum,
617 1454 715 1487 usque
733 1444 770 1477 ad
789 1450 923 1478 mortem
943 1444 1135 1488 perduxerit,
1154 1445 1208 1477 sed

464 1497 567 1529 omnis
595 1502 757 1541 expertein
789 1499 951 1539 maculae,
976 1499 1151 1541 angelicam
1177 1499 1209 1531 in

464 1560 598 1594 corpore
616 1557 645 1584 et
669 1552 764 1584 corde
790 1552 961 1585 servaverit
984 1553 1162 1596 puritatem.

510 1604 524 1648 ξ
549 1604 600 1637 212.
625 1605 706 1644 Quas
731 1606 809 1639 adeo
834 1606 973 1649 insignes
998 1606 1129 1639 virtutes
1154 1607 1209 1639 mi-

464 1657 554 1690 rifica
571 1658 746 1692 humilitate
767 1659 871 1692 cordis
892 1660 1033 1692 ornabat.
1055 1660 1131 1694 Cum
1149 1666 1209 1693 ete-

464 1711 529 1744 nim
555 1711 587 1744 in
611 1711 677 1745 dies
702 1712 815 1746 divinis
840 1713 1082 1747 charismatibus
1103 1714 1207 1746 anima

465 1765 532 1798 eius
560 1765 830 1809 impinguaretur,
856 1768 981 1811 saepius
1014 1768 1209 1802 exclamabat

464 1818 502 1851 ad
527 1819 714 1860 Dominum,
738 1825 776 1853 ut
800 1820 958 1864 beneficiis
982 1823 1017 1854 in
1043 1833 1114 1855 eam
1138 1824 1208 1856 suis

466 1873 642 1906 terminum
665 1877 831 1913 statueret,
848 1885 905 1908 uec
922 1879 989 1908 cam
1009 1876 1071 1909 cito
1092 1876 1208 1920 inqen-

466 1925 547 1958 tium
571 1926 727 1960 scelerum
751 1927 1001 1961 oblivisceretur.

510 1980 525 2022 5
553 1978 604 2012 113.
632 1980 843 2014 Contumelias
873 1992 948 2015 vero
983 1987 1014 2015 et
1045 1982 1209 2016 irrisiones

465 2032 683 2066 ardentissime
709 2034 847 2076 sitiebat,
872 2045 908 2068 ac
932 2045 996 2069 non
1021 2036 1123 2069 solum
1148 2037 1208 2069 hu-

465 2097 574 2120 manos
599 2087 745 2128 honores,
763 2088 817 2120 sed
842 2089 927 2122 nosci
952 2100 1079 2133 quoque
1095 2090 1134 2123 ab
1151 2091 1209 2124 ho-

465 2140 603 2174 minibus
627 2141 825 2176 abhorrebat.

510 2194 525 2237 ἓ
545 2194 597 2228 14.
611 2195 760 2228 lnvictam
774 2200 878 2230 autem
896 2197 989 2229 huius
1005 2202 1130 2231 sanctae
1145 2198 1209 2231 Vir-

465 2247 546 2290 ginis
570 2248 753 2291 patientiam
775 2250 826 2282 illa
851 2261 909 2284 vox
935 2254 1109 2291 attestatur,
1127 2252 1209 2296 qua²

465 2302 589 2345 saepius
603 2302 640 2334 ad
652 2303 819 2336 Dominum
836 2304 1039 2338 exclamabat:
1056 2305 1205 2347 Domine,

465 2360 522 2388 aut
545 2358 628 2399 pati,
657 2362 714 2390 aut
739 2359 837 2391 mori.

511 2409 525 2451 ξ
543 2409 592 2442 15.
612 2410 739 2444 Praeter
756 2412 833 2444 haec
854 2411 960 2444 omnia
977 2411 1101 2445 divinae
1118 2413 1210 2446 bene-

467 2461 622 2497 ficientiae
647 2475 792 2506 munera,
817 2465 932 2509 quibus
956 2466 1036 2499 hanc
1061 2466 1207 2499 dilectam

467 2526 553 2548 suam
571 2518 658 2560 quasi
676 2519 821 2561 pretiosis
841 2519 1011 2553 monilibus
1028 2520 1207 2554 decoratam

467 2578 534 2601 esse
548 2570 643 2603 voluit
659 2571 871 2615 omnipotens,
892 2572 960 2605 aliis
988 2574 1082 2606 ctiam
1099 2574 1209 2617 gratiis

501 2641 514 2667 1
534 2641 603 2669 Edit.
619 2643 699 2670 Main.
718 2644 783 2679 legit
795 2645 934 2672 servanda
951 2646 990 2680 (n.
1008 2646 1057 2681 Τ.).

501 2686 519 2713 2
533 2686 603 2715 Edit.
621 2687 699 2716 Μαίη.
715 2689 780 2724 legit
794 2698 869 2725 quae
886 2691 922 2725 (n.
939 2690 987 2725 τ.).

1039 268 1219 292 BL'LLamuu
1243 266 1398 290 ROMANUM

1998 263 2048 291 An.
2065 264 2096 292 C.
2115 263 2183 292 ¹622

1244 320 1273 347 et
1293 314 1384 347 donis
1400 313 1523 346 abunde
1540 313 1640 357 ipsam
1659 313 1872 357 locupletavit;
1889 312 1985 346 adim-

1243 367 1337 411 plevit
1363 367 1445 400 enim
1471 377 1539 399 eam
1566 366 1677 410 spiritu
1701 366 1935 410 intelligentiae,
1951 371 1986 399 ut

1242 431 1305 454 non
1330 421 1431 454 solum
1457 421 1614 454 bonorum
1640 430 1774 464 operum
1794 419 1826 452 in
1845 420 1985 453 Ecclesia

1243 474 1295 507 Dei
1327 475 1470 519 exempla
1500 474 1716 518 relinqueret,
1749 472 1803 506 sed
1836 478 1867 506 et
1901 473 1986 506 illam

1242 528 1383 562 caelestis
1396 528 1568 572 sapientiae
1584 527 1740 561 imbribus
1756 527 1914 571 irrigaret,
1926 526 1988 560 edi-

1243 582 1281 614 tis
1305 581 1343 615 de
1369 581 1500 626 mystica
1524 581 1702 625 theologia,
1728 580 1860 624 aliisque
1892 580 1987 614 etiam

1243 636 1341 668 multa
1366 636 1481 680 pietate
1505 635 1629 670 refertis
1654 635 1786 677 libellis,
1811 645 1848 668 ex
1873 634 1988 679 quibus

1242 689 1383 723 fidelium
1415 695 1536 723 mentes
1560 689 1741 723 uberrimos
1771 689 1891 722 fructus
1914 699 1988 733 per-

1243 743 1360 787 cipiunt
1378 748 1408 776 et
1425 743 1463 776 ad
1483 753 1637 787 supernae
1652 743 1772 787 patriae
1794 742 1987 776 desiderium

1242 796 1380 829 maxime
1404 795 1589 830 excitantur.

1287 850 1302 893 ξ
1327 849 1378 882 16.
1404 849 1523 888 Quibus
1553 848 1739 883 caelestibus
1767 849 1921 883 instructa
1951 859 1987 882 ac
2044 861 2187 893 ordiniqu-

1243 903 1397 937 illustrata
1422 903 1628 945 muneribus,
1653 914 1735 948 opus
1759 914 1910 947 aggressa
1941 908 1988 937 est
2001 889 2187 938 ffissussssnessiss'-

1243 958 1413 991 maximum
1439 958 1579 1002 quidem,
1596 963 1626 991 et
1650 957 1840 1002 cuicumque
1863 947 2189 992 difficit-2351?³⁸⁰²⁹‘³⁸‘

1243 1012 1354 1045 limum
1372 1039 1380 1053 ,
1405 1012 1459 1046 sed
1495 1012 1653 1046 Ecclesiae
1688 1012 1803 1045 Christi
1833 1022 1988 1056 perquam

1242 1066 1317 1099 utile
1345 1076 1381 1099 ac
1404 1065 1599 1110 proficuum:
1618 1066 1879 1100 reformationem
1903 1066 1988 1099 enim

1242 1130 1354 1153 exorsa
1379 1126 1425 1153 est
1449 1120 1574 1154 Ordinis
1598 1120 1818 1161 Carmelitani‚
1848 1119 1990 1164 illudque

1242 1185 1304 1207 non
1329 1174 1431 1207 solum
1457 1173 1487 1206 in
1514 1174 1711 1215 mulieribus,
1728 1173 1782 1207 sed
1803 1179 1833 1207 et
1857 1173 1888 1207 in
1912 1173 1988 1206 viris

1243 1228 1369 1271 egregie
1393 1228 1557 1272 praestitit.

1286 1282 1301 1325 g
1326 1282 1377 1315 17.
1402 1281 1576 1315 ,Κάἰῐὶςειῐίε
1597 1292 1660 1315 non
1680 1281 1775 1315 modo
1791 1292 1849 1325 per
1865 1281 1989 1315 univer·
2011 1290 2188 1322 noussen-ind-

1243 1345 1291 1367 sas
1306 1335 1482 1379 Hispanias,
1501 1336 1555 1368 sed
1575 1339 1603 1369 et
1622 1345 1679 1379 per
1698 1335 1774 1368 alias
1791 1335 1885 1368 etiam
1906 1318 2190 1376 ct11·i-{31‘1⁸“²}l'}‚¹2⁸n,⁸2?;

1243 1389 1334 1421 stiani
1352 1389 1438 1422 orbis
1452 1395 1556 1433 partes
1570 1395 1633 1423 tam
1650 1390 1791 1423 virorum
1810 1400 1905 1434 quam
1923 1400 1989 1423 mu·
2002 1372 2067 1394 mum
2079 1373 2177 1394 exerunt.

1243 1443 1359 1476 lierum
1392 1443 1612 1486 monasteriis,
1638 1443 1704 1477 sine
1739 1443 1890 1488 pecunia,
1921 1443 1988 1477 sine

1243 1497 1473 1541 proventibus,
1505 1497 1543 1531 de
1575 1498 1641 1531 sola
1676 1497 1730 1531 Dei
1766 1497 1987 1531 misericordia

1243 1562 1461 1595 praesumens,
1479 1561 1536 1584 nec
1561 1551 1655 1585 modo
1677 1552 1825 1585 omnibus
1842 1551 1989 1585 humanis

1242 1606 1390 1639 destituta
1414 1606 1560 1647 auxiliis,
1585 1606 1640 1639 sed
1663 1605 1903 1639 adversantibus
1927 1606 1990 1650 ple-

1242 1670 1394 1703 rumque,
1420 1670 1455 1692 ac
1480 1659 1768 1693 contradicentibus
1792 1659 1988 1704 principibus

1242 1717 1272 1747 et
1296 1713 1504 1758 potestatibus
1539 1713 1655 1746 seculi:
1681 1723 1762 1757 quae
1787 1716 1908 1754 tamen,
1933 1713 1990 1747 Do-

1242 1767 1328 1800 mino
1361 1778 1440 1811 opus
1478 1778 1571 1800 suum
1605 1768 1835 1809 confirmante,
1867 1767 1989 1801 radices

1243 1820 1418 1861 miserunt,
1449 1820 1680 1854 incrementum
1706 1825 1934 1865 susceperunt,
1958 1825 1990 1854 et

1242 1873 1370 1907 demum
1395 1873 1427 1906 in
1451 1873 1547 1907 domo
1578 1874 1632 1907 Dei
1668 1873 1783 1907 uberes
1818 1879 1989 1918 proventus

1243 1927 1483 1961 fructificarunt.

1287 1982 1301 2025 ἓ
1326 1981 1377 2016 18.
1403 1982 1516 2014 Tantas
1549 1981 1680 2015 virtutes
1703 1981 1892 2023 Theresiae‚
1920 1982 1988 2026 plu·
2001 1988 2188 2037 ²*mir-acutisinnt·

1967 2035 1972 2041 ,
2012 2016 2106 2038 isadhuc
2115 2022 2188 2038 vivens

1242 2035 1342 2075 rimis,
1367 2035 1441 2067 (lum
1467 2035 1569 2068 adhuc
1588 2035 1619 2067 in
1637 2035 1785 2068 humanis
1797 2039 1914 2079 ageret,
1931 2045 1988 2068 mt-
2002 2043 2186 2073 emieuit,quom·¹
2238 2042 2242 2047 '

1243 2090 1358 2122 raculis
1382 2090 1464 2123 Deus
1480 2089 1664 2122 illustravit:
1682 2100 1819 2133 quorum
1836 2089 1988 2123 nonnulla
2001 2070 2074 2118 {affl-12
2090 2075 2186 2092 inserun-

1243 2144 1461 2187 praesentihus
1486 2143 1598 2177 litteris
1632 2144 1779 2177 duximus
1812 2143 1986 2178 inserenda.

1242 2197 1318 2231 Cum
1344 2197 1376 2230 in
1401 2197 1574 2231 Conchensi
1591 2197 1728 2231 dioecesi
1753 2198 1889 2231 maxima
1905 2202 1988 2231 esset

1243 2251 1392 2285 frumenti
1417 2252 1558 2296 penuria,
1579 2258 1672 2296 atque
1690 2252 1722 2285 in
1737 2251 1929 2285 monasterio
1949 2250 1988 2285 de

1243 2305 1404 2339 villanova
1424 2306 1462 2339 de
1487 2307 1568 2339 Xara
1593 2307 1642 2339 vix
1667 2311 1786 2339 tantum
1807 2305 1926 2339 farinae
1942 2314 1988 2338 re-

1244 2359 1423 2403 periretur,
1449 2365 1482 2394 ut
1506 2371 1563 2404 per
1588 2360 1746 2403 integrum
1775 2369 1917 2393 mensem
1947 2357 1987 2392 ad

1244 2412 1359 2445 victum
1393 2413 1501 2446 decem
1533 2419 1563 2446 et
1590 2418 1660 2448 octo
1693 2412 1878 2447 monialium
1913 2411 1987 2445 satis

1243 2472 1342 2507 esset,
1367 2468 1461 2501 huius
1497 2473 1622 2501 sanctae
1655 2466 1786 2510 virginis
1811 2465 1932 2499 meritis
1957 2470 1988 2498 et

1242 2519 1468 2554 intercessione
1493 2522 1574 2554 Deus
1599 2521 1811 2564 omnipotens,
1839 2520 1894 2564 qui
1919 2529 1987 2564 spe-

1243 2580 1346 2607 rantes
1372 2575 1402 2606 in
1427 2585 1460 2607 se
1484 2575 1611 2615 enutrit,
1629 2584 1698 2607 earn
1723 2573 1801 2607 adeo
1826 2573 1987 2606 abundare

1242 2627 1324 2668 fecit,
1352 2633 1386 2660 ut
1410 2628 1553 2671 quamvis
1576 2638 1634 2672 per
1658 2638 1709 2661 sex
1735 2638 1859 2661 menses
1887 2639 1924 2661 ex
1949 2628 1987 2660 ea

1243 2682 1360 2715 affatim
1385 2693 1481 2727 panes
1505 2682 1544 2716 ad
1568 2682 1773 2717 refectionem
1797 2682 1986 2717 ancillarum

2238 415 2258 509 said...
2251 369 2257 392 .-

2241 833 2263 1126 Quu-avsoebfl
2241 775 2261 819 -ffl
2243 537 2261 770 mezzane-„sm
2253 523 2257 529 .
