2293 3231
90 311 141 340 An.
157 311 186 340 C.
208 311 275 339 1622

118 1588 157 1612 Qui
172 1593 204 1611 ea,
219 1593 274 1614 quae

91 1614 126 1635 hic
132 1615 275 1639 enunciautur,

37 1654 41 1658 .
92 1641 168 1668 exequi
204 1643 275 1662 tenea-

92 1670 132 1688 tur.

134 2430 218 2451 Necnon
234 2429 279 2450 cot-

17 2446 20 2458 :
41 2471 43 2474 ⁴
94 2456 194 2482 tentatam
211 2456 278 2477 eccle-

93 2483 146 2503 siam
184 2483 277 2509 erigendi

95 2511 117 2530 et
123 2509 233 2535 collegium
241 2509 278 2530 So-

94 2536 179 2557 cietatis
221 2536 278 2559 lesu,

93 2567 150 2610 guae
177 2562 205 2582 ab
232 2562 277 2588 ipso

113 2589 184 2609 enrico
224 2588 277 2609 duce

94 2615 193 2636 dotentur
200 2615 226 2635 ad
237 2615 278 2635 sor·

94 2647 150 2663 mam
158 2641 278 2662 nracseutis

95 2665 262 2690 Constitutioms.

890 313 1066 338 GREGORIUS
1083 314 1124 338 XV
1144 313 1193 337 PP.

287 360 437 404 quamdiu
466 360 518 394 illa
550 360 665 394 ibidem
690 361 824 404 viguerit
854 361 1024 402 dumtaxat,

288 422 445 453 concessa,
461 414 583 453 donata,
609 414 727 454 relicta,
745 420 873 456 erogata
896 420 926 447 et
950 416 1026 447 elar-

288 466 361 508 gita,
387 467 616 510 temporalizcs,
641 472 671 499 et
696 468 815 500 laicalia
836 468 967 506 efficias;
992 468 1026 500 il-

287 520 380 562 laque
405 520 447 552 sic
473 520 704 563 temporalizata
721 525 751 552 et
774 520 893 552 laicalia
917 520 1026 553 effecta

288 572 371 605 dicto
396 572 531 605 Henrieo
548 573 618 605 duci
637 577 667 605 et
686 573 831 616 principi,
849 573 978 616 eiusque
996 573 1025 605 in

287 625 402 658 ducatu
425 626 498 658 dicti
519 626 626 669 oppidi
644 626 879 659 successoribus
903 626 1027 669 quibus-

288 689 422 721 cumque
454 689 514 722 pro
544 683 684 722 tempore
709 679 910 712 existentibus
935 679 972 722 (si
997 684 1027 711 et

287 736 454 774 postquam
471 731 572 763 dictus
589 732 742 764 llenricus
759 732 820 764 dux
835 736 864 764 ct
878 732 1026 775 princeps

287 783 490 826 reparaverit,
507 794 542 816 ac
560 784 642 817 bona
659 788 692 818 ut
716 784 796 817 infra
812 784 1026 827 assignaverit,

288 847 344 869 nee
368 841 469 877 antea,
490 837 532 869 ita
555 837 648 880 quod,
673 841 804 881 sequuta
828 837 1027 882 reparatione

288 895 318 922 et
341 890 551 933 assignatione
575 891 770 932 huiusmodi,
795 902 852 924 nec
876 891 951 924 alias
974 896 1027 923 aut

288 948 387 983 antea,
412 944 503 976 liceat
526 943 626 976 eidem
652 944 787 977 Ilenrico
811 944 881 976 duci
899 949 929 977 et
945 944 1028 987 prin-

289 996 349 1039 cipi
369 997 578 1040 corporalem,
595 997 710 1029 realem
737 1002 767 1029 et
791 997 943 1030 actualem
962 996 1028 1030 illo-

288 1059 359 1081 rum
384 1049 524 1082 omnium
550 1050 799 1093 possessionem,
824 1060 881 1092 per
905 1060 954 1090 se,
979 1051 1026 1082 vel

289 1101 395 1142 alium,
420 1112 475 1134 seu
499 1103 586 1142 alios,
611 1112 721 1135 eorum
746 1107 776 1134 et
799 1102 873 1136 dicti
897 1102 1027 1135 ducatus

288 1154 426 1194 nomine,
441 1155 571 1198 propria
586 1155 771 1188 auctoritate
795 1155 894 1187 libere
918 1165 1028 1198 appre-

288 1207 426 1239 hendere
461 1212 491 1239 et
518 1208 746 1250 apprehensam
779 1212 931 1250 perpetuo
956 1207 1028 1239 reti-

287 1267 373 1298 nere,
398 1258 517 1290 fructus
541 1269 677 1301 quoque,
694 1258 834 1290 redditus
858 1263 888 1290 et
912 1259 1028 1291 emolu-

288 1315 393 1342 menta
406 1310 586 1343 huiusmodi
605 1310 781 1354 percipere,
797 1310 933 1353 exigere,
949 1311 1028 1343 leva-

288 1373 333 1404 re,
350 1373 549 1407 recuperare,
570 1364 738 1407 locareque
756 1369 786 1396 et
809 1364 963 1397 dislocare
979 1365 1026 1397 vel

289 1415 469 1456 arrendare,
494 1426 529 1449 ac
558 1415 589 1448 in
613 1427 686 1449 suos
710 1427 786 1449 usus
810 1420 840 1450 et
863 1417 1025 1451 utilitatem

288 1474 482 1509 convertere,
499 1469 650 1513 cuiusque
674 1469 799 1502 licentia
823 1469 957 1514 desuper
974 1470 1028 1503 mi-

288 1522 372 1554 nime
396 1522 564 1566 requisita,

334 1576 349 1618 g
373 1575 402 1607 6.
427 1575 471 1608 Ita
500 1580 622 1616 tamen,
643 1575 726 1618 quod
750 1575 850 1609 dictus
874 1576 1027 1609 Henricus

290 1627 351 1660 dux
376 1632 407 1660 et
430 1628 587 1671 princeps,
604 1632 634 1660 et
657 1628 724 1660 eius
748 1628 779 1660 in
803 1628 917 1661 ducatu
941 1639 1028 1672 prae-

290 1681 373 1715 dicto
402 1691 599 1714 successores
630 1680 841 1724 quicumque,
871 1681 1028 1724 cappellas

291 1735 471 1768 monasterii
484 1734 719 1777 Burgidolensis
733 1740 762 1767 et
776 1734 934 1778 prioratus
943 1745 1029 1778 prae-

290 1788 447 1821 dictorum
471 1787 536 1820 suis
560 1787 736 1831 sumptibus
753 1788 899 1820 decenter
923 1798 1030 1821 manu-

290 1845 397 1875 tenere
421 1852 456 1873 ac
472 1851 632 1884 reparare,
648 1851 701 1874 seu
722 1851 773 1874 eas
791 1842 943 1884 reparari,
960 1852 1029 1874 nec—

290 1903 353 1927 non
377 1904 471 1927 unam
495 1894 708 1937 quotidianam
729 1894 760 1926 in
785 1894 1028 1936 Burgidolensis,

291 1951 321 1981 et
344 1947 437 1979 aliam
461 1947 493 1979 in
508 1947 537 1981 S.
555 1947 683 1981 Gildasii
707 1947 982 1988 monasteriorum,
1000 1953 1030 1980 et

291 2000 427 2043 reliquas
451 2005 514 2033 tres
537 2000 649 2033 missas
673 2000 811 2043 qualibet
834 2001 1029 2034 hebdomada

291 2052 324 2085 in
340 2053 498 2096 prioratus
514 2053 747 2096 praedictorum
761 2054 921 2097 cappellis,
936 2059 1030 2098 prout

292 2105 442 2138 hactenus
466 2106 592 2139 solitum
617 2111 647 2139 et
670 2112 853 2140 consuetum
878 2111 932 2148 est,
957 2118 1028 2140 cum

293 2158 499 2202 eleemosyna,
517 2169 572 2191 seu
585 2159 698 2192 salario
709 2159 898 2202 supradicto,
916 2159 946 2191 in
960 2171 1030 2203 per-

292 2215 420 2254 petuum
447 2211 600 2244 celebrari
624 2212 726 2245 facere
751 2213 929 2255 teneantur)
947 2213 1030 2245 simi-

292 2263 363 2296 liter
386 2269 538 2307 perpetuo
562 2265 714 2298 concedas
739 2270 769 2297 et
793 2265 949 2308 assignes,
975 2276 1028 2298 seu

292 2316 344 2348 illa
360 2316 443 2349 dicto
458 2316 584 2350 ducatui
602 2317 695 2350 modo
712 2323 743 2350 et
760 2318 861 2350 forma
878 2318 1029 2361 praemis-

293 2370 334 2403 sis
347 2370 452 2404 itidem
468 2376 619 2414 perpetuo
635 2371 774 2414 applices
788 2374 817 2404 et
829 2371 1014 2414 appropries
1020 2383 1028 2411 3

337 2424 352 2467 ξ
378 2423 405 2456 7.
431 2424 468 2457 Et
492 2424 621 2467 insuper
644 2434 681 2456 ex
706 2434 788 2456 nunc
813 2424 921 2467 (prout
944 2430 1030 2468 post-

293 2487 386 2520 quam
404 2476 505 2509 dietus
525 2476 677 2509 Hem-icus
694 2476 756 2508 dux
774 2481 804 2509 et
816 2477 961 2520 princeps
979 2488 1028 2510 ce.-

293 2529 421 2562 clesiam
441 2529 472 2561 in
489 2530 686 2572 collegiatam
706 2529 886 2572 erigendam
912 2534 942 2562 et
966 2535 1027 2563 tam

292 2582 478 2616 Iesuitarum
503 2583 626 2626 collegii
650 2583 829 2616 huiusmodi
854 2594 946 2626 quam
970 2594 1029 2627 pro

293 2636 449 2669 canonicis
476 2640 505 2670 et
540 2636 754 2679 collegialibns
775 2635 950 2679 respective
973 2635 1028 2669 do-

292 2700 361 2723 mos
370 2689 409 2723 ad
421 2700 531 2723 eorum
544 2689 768 2723 habitationem
784 2694 814 2722 et
829 2689 1028 2724 residentiam

1695 300 1757 334 7753
1805 309 1856 336 Λη.
1871 308 1900 335 c.
1922 307 1989 335 1622

1058 361 1246 394 sufficientes
1266 360 1366 393 extrui
1388 359 1495 393 fecerit
1518 370 1572 392 seu
1597 369 1797 402 comparave-

1060 415 1115 455 rit,
1140 425 1254 458 easquc
1283 414 1430 447 omnibus
1454 413 1491 446 ad
1516 413 1654 445 divinum
1678 412 1796 443 cultum

1059 467 1241 500 necessariis
1262 466 1451 500 sufficienter
1474 465 1666 504 instruxerit,
1687 474 1722 496 ac
1743 464 1795 496 uni

1060 530 1111 552 sex
1136 519 1291 558 millium,
1317 524 1346 551 et
1375 517 1485 551 alteri¹
1512 517 1652 550 redditus
1677 526 1797 549 annuos

1060 576 1090 604 ct
1118 576 1285 615 perpetuos
1314 576 1448 614 quatuor
1479 570 1611 602 millium
1643 569 1796 602 librarum

1059 624 1301 667 praedictarum,
1316 624 1396 656 intra
1421 624 1528 656 decem
1554 624 1657 655 leucas
1674 633 1691 655 a
1707 622 1798 656 dictis

1060 676 1183 720 oppIdis
1204 677 1376 720 respective
1394 677 1423 709 in
1442 682 1486 709 tot
1505 680 1605 710 tcrrae
1633 675 1725 719 petiis
1743 686 1797 707 seu

1060 729 1128 761 aliis
1140 729 1231 762 bonis
1244 729 1408 763 stabilibus
1421 729 1636 769 consistentes,
1646 732 1797 772 perpetuo

1060 782 1222 815 donaverit
1246 789 1275 816 et
1303 783 1517 826 assignaverit,
1531 794 1565 815 ac
1590 793 1661 816 eum
1687 782 1798 814 effectu

1060 836 1232 877 tradiderit,
1249 836 1400 879 dictisque
1418 836 1589 875 monachis,
1602 836 1680 868 infra
1692 845 1800 867 nume—

1060 899 1130 921 rum
1155 888 1306 921 tredecim
1332 889 1362 920 in
1387 889 1530 921 abbatem
1557 894 1585 920 et
1610 888 1797 927 canonicos,

1060 944 1093 974 ut
1116 942 1302 984 praefertur,
1327 941 1520 981 institutum,
1545 941 1798 978 remanentibus,

1060 1004 1235 1037 eorumque
1252 994 1392 1036 singulis,
1409 994 1558 1027 ducentas
1575 994 1669 1027 libras
1683 994 1798 1026 similes

1060 1047 1234 1090 quotannis,
1244 1058 1301 1090 pro
1315 1047 1454 1090 quolibet
1463 1058 1572 1080 eorum
1586 1047 1646 1079 vita
1656 1047 1798 1087 durante,

1061 1110 1115 1132 seu
1128 1100 1226 1133 donec
1236 1100 1279 1133 eis
1289 1100 1326 1132 de
1334 1100 1402 1133 aliis
1411 1100 1570 1134 beneficiis
1581 1101 1798 1133 ecclesiasticis

1060 1153 1098 1185 ad
1116 1163 1225 1186 eorum
1243 1163 1415 1196 congruam
1441 1153 1698 1186 sustentationem
1717 1154 1799 1186 suffi-

1061 1205 1177 1238 cienter
1201 1206 1363 1248 provisum
1385 1206 1487 1245 suerit,
1505 1207 1627 1239 solvere
1652 1206 1752 1239 valide
1769 1211 1799 1238 et.

1061 1257 1229 1290 efficaciter
1253 1268 1284 1290 se
1308 1258 1503 1300 obligaverit,
1521 1269 1557 1291 ac
1582 1264 1678 1291 tutam
1704 1264 1734 1292 et
1755 1269 1799 1291 se-

1060 1321 1169 1342 curam
1193 1311 1436 1353 assignationem
1457 1311 1593 1355 desuper
1617 1312 1750 1355 dederit)
1768 1312 1797 1344 in

1060 1363 1143 1396 dicto
1167 1364 1284 1407 oppido
1310 1369 1339 1395 et
1363 1364 1432 1397 loco
1456 1364 1494 1396 ad
1520 1365 1549 1396 id
1579 1364 1745 1398 commodo
1770 1370 1799 1397 et

1060 1422 1248 1460 opportuno,
1262 1427 1280 1449 a
1303 1417 1385 1450 dicto
1406 1418 1542 1450 Henrico
1566 1418 1645 1450 duce
1665 1423 1694 1450 et
1718 1418 1800 1461 prin-

1060 1470 1128 1513 cipe
1144 1470 1346 1513 designando,
1363 1481 1456 1503 unam
1471 1471 1644 1503 secularem
1662 1476 1692 1503 et
1708 1471 1800 1504 colle-

1060 1522 1175 1564 giatam
1193 1523 1357 1555 eeclesiam
1378 1534 1449 1556 cum
1482 1524 1619 1567 capitulo
1639 1529 1669 1555 et
1693 1526 1799 1556 mensa

1060 1575 1246 1618 capitulari,
1271 1577 1342 1607 arca
1372 1581 1402 1607 et
1427 1577 1530 1619 sigillo
1555 1577 1776 1610 communibus
1791 1603 1798 1616 ,

1060 1628 1191 1671 aliisque
1216 1628 1433 1671 collegialibus
1462 1630 1621 1673 insigniis,
1647 1642 1682 1663 ae
1707 1631 1737 1662 in
1763 1633 1796 1663 ea

1061 1692 1158 1714 unum
1176 1682 1320 1715 abbatem
1339 1683 1521 1723 secularem,
1535 1684 1587 1726 qui
1608 1683 1639 1715 in
1657 1683 1723 1726 ipsa
1740 1684 1800 1716 col-

1062 1735 1176 1777 legiata
1200 1735 1335 1778 dignitas
1358 1736 1542 1779 principalis
1566 1742 1596 1769 et.
1620 1736 1720 1776 unica,
1737 1746 1799 1769 non

1062 1794 1166 1821 tamen
1179 1789 1308 1821 electiva
1325 1790 1446 1830 existat,
1466 1794 1493 1821 et
1512 1789 1551 1821 ad
1567 1800 1671 1832 quam,
1689 1800 1799 1822 occur-

1063 1847 1150 1874 rente
1174 1842 1240 1874 eius
1266 1842 1436 1882 vacatione,
1456 1843 1628 1876 nominatio
1648 1853 1799 1886 personae

1063 1894 1192 1927 idoneae
1211 1895 1249 1927 ad
1269 1895 1463 1928 Francorum
1485 1906 1591 1937 regem
1609 1896 1799 1928 christianis-

1064 1947 1179 1979 simum
1210 1958 1267 1991 pro
1302 1952 1445 1992 tempore
1474 1948 1658 1981 existentem
1684 1949 1799 1992 (prout

1063 2006 1133 2033 ante
1149 2001 1403 2044 suppressionem
1421 2007 1450 2033 et
1463 2001 1677 2035 reductionem
1695 2003 1801 2035 liuius-

1063 2053 1148 2086 modi
1165 2054 1273 2096 vigore
1297 2054 1453 2087 dictorum
1478 2055 1749 2095 concordatorum,
1767 2061 1801 2088 nt

1062 2107 1248 2150 praefertur,
1265 2108 1475 2150 competebat>
1494 2113 1635 2151 spectare
1659 2113 1689 2140 et
1708 2108 1801 2151 perti-

1062 2170 1137 2192 nere
1161 2159 1287 2192 debeat2
1309 2170 1345 2192 ac
1366 2160 1531 2193 duodecim
1555 2161 1754 2194 canonicatus
1771 2167 1799 2193 et

1062 2211 1191 2244 totidem
1211 2212 1404 2255 praebendas
1421 2223 1478 2255 pro
1504 2213 1653 2245 tredecim
1679 2213 1800 2245 clericis

1063 2275 1116 2297 seu
1140 2265 1332 2308 presbyteris
1349 2265 1551 2306 secularibus,
1569 2266 1680 2298 futuris
1701 2266 1800 2299 dictae

1063 2318 1245 2360 collegiatae
1266 2318 1416 2350 ecclesiae
1436 2318 1604 2358 canonicis,
1619 2319 1676 2351 bac
1696 2319 1800 2362 prima

1063 2371 1128 2403 vice
1151 2371 1321 2409 dumtaxat,
1345 2382 1406 2414 qua
1431 2371 1574 2403 monachi
1599 2372 1802 2405 monasterio-

1063 2435 1134 2456 rum
1158 2424 1338 2456 huiusmodi
1362 2424 1394 2456 in
1418 2425 1585 2457 canonicos
1610 2425 1727 2457 institui
1753 2425 1802 2457 de-

1063 2476 1147 2517 bent,
1165 2476 1311 2519 excepta³
1326 2477 1392 2519 (qui
1408 2477 1534 2520 quidem
1548 2478 1644 2509 abbas
1662 2478 1800 2511 eiusdem

1064 2529 1221 2569 eeclesiae,
1242 2529 1273 2561 in
1298 2529 1493 2571 collegiatam
1519 2530 1697 2573 erigendae,
1715 2534 1745 2565 et
1768 2531 1802 2563 il-

1100 2611 1109 2635 1
1131 2609 1274 2644 Pei-peram
1290 2608 1333 2635 ed.
1349 2608 1427 2636 Main.
1451 2609 1513 2644 legit
1529 2617 1649 2637 unum...
1666 2612 1799 2638 alterum.

1096 2653 1114 2680 2
1128 2653 1199 2681 Edit.
1220 2653 1299 2680 Main.
1321 2653 1387 2687 legit
1406 2653 1526 2681 debeant
1547 2656 1581 2688 (R.
1598 2655 1647 2688 T.).

1097 2698 1114 2725 3
1129 2697 1225 2725 Vocem
1240 2699 1354 2733 eaeceptti
1369 2705 1418 2725 nos
1432 2697 1556 2725 addimus
1568 2700 1606 2733 (a.
1622 2700 1670 2734 τ.).
