2293 3231
866 271 964 297 mnsx
983 271 1134 297 mrrmus
1658 267 1720 300 859

594 349 622 383 Η

238 428 340 463 Hodie
365 430 551 463 electionem
578 429 617 463 de
643 439 794 474 persona,
815 431 888 464 176.

240 481 342 516 Hodie
366 482 555 516 electionem
579 483 619 516 de
645 493 796 527 persona,
824 484 866 517 ib.

241 534 343 569 Hodie
367 528 553 570 electione‘m
578 536 617 569 de
644 547 792 580 persona,
820 537 891 571 177.

241 587 343 623 Hodie
368 591 556 623 electionem
582 589 689 623 dilecti
716 590 789 633 tilii,
817 590 855 623 ib.

241 641 349 677 Honor
372 643 475 677 laudis
499 647 531 677 et
554 642 673 686 cultus,
700 644 771 677 686.

241 695 344 730 Hodie
369 707 426 741 per
450 697 526 731 alias
552 701 673 731 nostras
698 698 746 737 in,
773 697 823 730 32.

241 748 343 783 Hodie
370 760 427 794 per
450 751 526 785 alias
552 754 691 793 nostras,
718 752 790 784 587.

242 802 422 838 Humilibus
448 805 573 848 piorum
597 804 866 847 christifidelium,
892 805 964 838 179.

242 854 344 890 Hodie
368 857 527 902 siquidem
551 857 760 898 electionem,
787 858 859 891 174.

607 949 618 981 Ι

244 1018 402 1054 Immensa
427 1023 459 1054 et
482 1019 732 1063 investigabilis,
758 1020 830 1053 483.

244 1073 422 1108 Immensae
446 1073 595 1107 honitatis
619 1076 754 1115 creator,
780 1073 852 1106 315.

244 1126 381 1160 Iniuncti
406 1126 496 1160 nobis
522 1126 686 1169 apostolici
711 1127 869 1164 muneris,
896 1126 968 1159 727.

244 1178 388 1212 Inluncto
414 1179 504 1212 nobis
529 1179 707 1222 apostolici,
735 1180 808 1212 683.

245 1230 446 1265 Inscrutabili
470 1232 528 1265 Dei
554 1231 772 1276 providentia,
799 1233 871 1265 656.

244 1283 446 1319 lnscrutabili
471 1284 600 1319 divinae
626 1285 889 1329 provx‘identiae,
909 1285 981 1319 690.

244 1336 278 1370 In
304 1338 380 1371 sede
405 1338 488 1372 beati
514 1338 614 1381 Petri,
642 1339 714 1372 185.

244 1390 277 1423 ln
302 1391 378 1425 sede
404 1391 559 1435 Principis
586 1391 825 1435 Apostolorum,
853 1393 924 1426 426.

244 1444 279 1478 In
303 1445 379 1478 sede
405 1445 560 1489 Principis
585 1445 822 1489 Apostolorum,
849 1447 920 1480 430.

245 1498 279 1531 In
304 1498 379 1531 sede
404 1498 562 1542 Principis
586 1499 825 1542 Apostolorum,
853 1499 924 1532 454.

245 1551 279 1585 In
304 1552 380 1586 sede
404 1552 560 1596 Principis
585 1552 826 1596 Apostolorum,
853 1554 925 1587 603.

245 1605 280 1639 In
306 1606 381 1639 sede
407 1606 562 1650 Principis
587 1606 826 1650 Apostolorum,
845 1607 918 1639 685.

247 1659 281 1693 In
295 1661 545 1703 supereminenti
560 1659 720 1694 mllitantis
729 1659 901 1701 Ecclesiae,
913 1661 985 1694 271.

246 1712 281 1746 In
307 1713 437 1757 specula
461 1712 628 1747 militantis
651 1712 830 1755 Ecclesiae,
857 1713 929 1747 459.

247 1766 282 1800 In
307 1767 557 1810 supereminenti
575 1766 775 1810 Apostolicae
792 1767 893 1810 Sedis,
913 1767 984 1800 299.

246 1819 281 1853 In
307 1821 558 1864 supereminenti
570 1819 769 1863 Apostolicae
783 1820 884 1862 Sedis,
903 1821 975 1854 386.

247 1872 282 1906 ln
307 1874 560 1917 supereminenti
575 1873 775 1917 Apostolicae
792 1873 893 1916 Sedis,
913 1875 985 1907 477.

246 1925 281 1959 In
307 1928 559 1970 supereminenti
574 1926 774 1976 Apostolicae
792 1927 893 1970 Sedis,
912 1928 986 1961 554.

247 1979 282 2014 In
307 1981 559 2024 supereminenti
584 1980 763 2023 militantis,
794 1981 841 2015 10.

246 2032 282 2066 In
306 2035 557 2077 supereminenti
582 2034 763 2075 militantis,
792 2034 842 2067 21.

248 2086 283 2119 In
308 2087 563 2130 supereminenti
579 2086 670 2120 Sedis
688 2086 898 2131 ApostolatuS,
914 2087 987 2121 682.

249 2139 284 2173 In
308 2138 456 2184 suprema
480 2139 565 2174 beati
589 2140 674 2174 Petri
698 2140 798 2183 Sede,
823 2141 896 2174 342.

248 2194 284 2227 In
308 2192 457 2237 suprema
483 2193 648 2227 militantis
672 2193 854 2235 Ecclesiae,
876 2195 948 2227 697.

250 2247 284 2280 In
309 2256 459 2291 supremo
484 2247 677 2291 apostolatus
702 2247 794 2283 solio,
821 2247 893 2280 342.

250 2300 284 2333 In
309 2310 458 2344 supremo
483 2301 676 2344 apostolatus
701 2300 793 2341 solio,
822 2301 893 2333 453.

250 2352 284 2386 In
309 2363 459 2397 supremo
483 2353 675 2396 apostolatus
701 2353 794 2387 solio.
821 2353 895 2386 608.

250 2406 285 2440 In
309 2416 457 2450 supremo
481 2407 674 2450 apostolatus
698 2406 790 2449 solio,
817 2406 889 2439 627.

250 2460 285 2493 In
310 2469 459 2503 supremo
484 2459 675 2503 apostolicae
701 2459 809 2501 Sedis,
829 2460 902 2492 769.

251 2512 337 2547 Inter
360 2513 552 2556 multiplices
579 2513 742 2556 pastoralis
765 2514 878 2554 ot'ticii,
907 2512 979 2545 812.

252 2565 338 2600 Inter
362 2566 529 2610 pastoralis
554 2567 650 2599 oflicii
677 2576 785 2608 curas,
813 2565 885 2599 243.

253 2619 339 2653 Inter
362 2620 527 2663 pastoralis
553 2624 693 2662 nostrae,
727 2630 749 2652 A.

255 2671 340 2708 Inter
364 2674 514 2710 universa
537 2681 632 2718 opera
657 2674 805 2716 divinae,
833 2672 904 2707 445.

1382 351 1412 386 Μ

1028 430 1198 465 Maiestatis
1222 430 1384 466 Ecclesiae
1409 433 1577 476 regimini,
1603 432 1677 467 583.

1029 483 1189 518 Militantis
1214 484 1374 520 Ecclesiae
1401 487 1564 529 regimini,
1591 486 1663 520 478.

1030 537 1190 572 Militantis
1214 537 1375 573 Ecclesiae
1400 540 1565 583 regimini,
1593 540 1665 573 579.

1030 590 1189 625 Militantis
1214 591 1376 626 Ecclesiae
1402 594 1565 636 regimini,
1592 593 1664 626 581.

1030 643 1190 679 Militantis
1215 645 1375 680 Ecclesiae
1401 648 1565 691 regimini,
1590 647 1665 681 740.

1031 698 1211 733 Monialium
1236 701 1344 745 quieti,
1370 710 1450 746 quac
1476 700 1630 743 carnalia,
1659 701 1731 735 184.

1383 790 1408 823 N

1032 858 1164 893 Nomine
1189 859 1364 894 charissimi
1389 863 1420 894 in
1446 861 1583 904 Christo,
1611 862 1684 896 277.

1032 912 1140 957 Nuper
1164 913 1254 948 nobis
1280 919 1465 950 emanarunt
1488 915 1626 957 litterae,
1652 916 1724 950 264.

1384 1002 1412 1038 Ο

1034 1071 1140 1107 Officii
1164 1073 1328 1117 pastoralis
1352 1084 1443 1117 cura,
1470 1076 1498 1108 9.

1034 1124 1243 1169 Omnipotens
1268 1127 1375 1160 Sermo
1399 1127 1476 1170 Dei,
1502 1128 1576 1162 673.

1035 1177 1266 1223 Omnipotentis
1290 1180 1348 1214 Dei
1372 1181 1542 1215 salvatoris
1567 1183 1674 1224 nostri,
1695 1182 1770 1216 795.

1035 1232 1177 1267 Onerosa
1203 1234 1366 1277 pastoralis
1391 1235 1486 1267 oflicii
1511 1244 1605 1278 cura,
1632 1236 1704 1269 297.

1035 1285 1177 1319 Onerosa
1203 1287 1366 1330 pastoralis
1391 1288 1487 1321 officii
1513 1298 1604 1330 cura,
1631 1289 1704 1322 311.

1035 1338 1177 1373 Onerosa
1203 1341 1367 1383 pastoralis
1393 1341 1489 1374 cilicii
1513 1350 1606 1383 cura,
1633 1342 1704 1375 422.

1036 1391 1178 1426 Onerosa
1196 1395 1362 1436 pastoralis
1383 1394 1478 1427 oflicii
1492 1393 1679 1435 sollicitudo,
1699 1394 1772 1426 577.

1036 1445 1179 1480 Onerosa
1203 1447 1369 1490 pastoralis
1394 1446 1629 1489 sollicitudims,
1656 1447 1729 1481 314.

1037 1498 1240 1534 Orthodoxae
1267 1500 1341 1534 tidci
1365 1500 1619 1541 conservandae,
1647 1500 1717 1533 423.

1394 1588 1415 1621 P

1039 1659 1198 1693 Pastorale
1222 1669 1347 1701 munus,
1373 1658 1457 1703 quod
1481 1659 1530 1700 in,
1556 1658 1629 1692 413.

1039 1713 1206 1747 Pastoralis
1229 1716 1335 1746 nostra
1359 1711 1556 1754 sollicitudo,
1583 1712 1655 1745 263.

1038 1766 1206 1801 Pastoralis
1230 1766 1327 1799 officii
1352 1775 1437 1807 cura,
1463 1775 1536 1807 nos⁷
1563 1765 1614 1798 15.

1039 1820 1206 1855 Pastoralis
1230 1820 1316 1853 offici
1341 1829 1426 1862 cura,
1450 1820 1587 1861 meritis,
1614 1819 1686 1852 183.

1040 1874 1207 1908 Pastoralis
1232 1873 1328 1906 officii
1352 1882 1437 1915 eura,
1463 1873 1584 1906 meritis
1601 1871 1684 1915 licet,
1702 1872 1774 1907 204.

1039 1927 1206 1962 Pastoralis
1231 1927 1337 1969 oflicii,
1363 1936 1456 1971 quam
1481 1924 1642 1969 omnibus,
1669 1927 1742 1961 308.

1040 1980 1207 2016 pastoralis
1232 1980 1328 2014 oflicii
1353 1989 1428 2014 cura
1453 1979 1559 2023 nobis,
1584 1981 1658 2014 347.

1040 2034 1207 2069 Pastoralis
1231 2034 1327 2067 oflicii
1352 2032 1460 2075 nobis,
1486 2034 1559 2067 652.

1040 2087 1208 2122 Pastoralis
1233 2088 1329 2121 oflicii
1354 2086 1445 2120 nohis
1469 2087 1633 2129 divinitus,
1659 2087 1731 2121 785.

1042 2140 1209 2175 Pastoralis
1234 2140 1345 2182 officii,
1370 2150 1431 2184 quo
1456 2139 1580 2182 divina,
1609 2140 1681 2173 411.

1041 2195 1178 2228 Pastoris
1203 2194 1333 2235 aeterni,
1358 2195 1410 2237 qui
1436 2203 1492 2236 pro
1519 2194 1616 2236 regis,
1643 2193 1715 2227 337.

1042 2248 1179 2281 PastorIS
1204 2248 1335 2289 aeterni,
1361 2248 1414 2290 qui
1440 2256 1496 2290 pro
1520 2248 1616 2289 regis,
1642 2248 1715 2279 787.

1042 2301 1253 2334 Personarum
1278 2301 1419 2332 omnium
1443 2298 1501 2332 sub
1527 2299 1664 2340 militari,
1691 2299 1765 2333 303.

1044 2354 1114 2388 Pias
1130 2353 1382 2388 christifidelium
1397 2353 1686 2394 confraternitates,
1705 2353 1777 2386 416.

1043 2408 1114 2441 Pias
1133 2407 1383 2440 christifidelium
1401 2406 1685 2443 confraternitates,
1705 2408 1778 2439 789.

1044 2461 1107 2494 Piis
1133 2460 1359 2493 catholicorum
1384 2469 1515 2502 regum,
1542 2460 1613 2493 245.

1045 2513 1107 2546 Piis
1131 2513 1357 2547 chatolicorum
1383 2522 1494 2555 regum
1519 2514 1609 2553 votis,
1635 2512 1708 2545 813.

1046 2566 1214 2610 Postquain
1238 2565 1399 2607 Dominus,
1425 2566 1455 2598 in
1480 2567 1586 2608 cuius,
1611 2566 1684 2599 572.

1046 2619 1241 2653 Praestantia
1266 2618 1372 2652 dilecti
1399 2618 1470 2660 filii,
1497 2619 1571 2652 547.

1045 2672 1171 2709 Pridem
1196 2671 1440 2717 unifoi·mandiS‚
1466 2672 1539 2707 643.
