2293 3231
274 269 324 294 An.
346 267 376 294 C.
394 266 462 294 10¹2

514 257 572 290 106

472 319 576 348 menta
600 314 776 347 necessaria
801 312 949 356 quamdiu
973 311 1012 343 ibi
1031 310 1212 343 detinebun-

472 373 533 406 tur,
551 365 685 410 expediti
711 365 814 397 statim
839 364 1017 396 relaxentur
1034 363 1131 406 gratis
1148 363 1212 396 ubi-

473 430 544 463 que,
569 429 624 451 nec
650 430 708 462 pro
733 417 823 450 dictis
840 417 996 449 alimentis
1021 416 1084 448 sive
1102 426 1213 460 expen—

473 473 515 505 sis
551 473 705 504 ullatenus
740 471 912 504 retineatur
927 468 945 510 ¹,
971 469 1024 502 sed
1049 480 1213 503 carcerum

474 525 618 558 custodes
645 525 694 557 illa
717 524 838 566 exigant
857 523 896 555 ab
914 523 1150 567 instigatoribus
1167 524 1214 556 vel

476 580 560 611 tisco.

520 630 570 663 114.
590 630 801 663 Instrumenta
818 629 1055 662 satisdationum
1073 640 1132 674 pro
1153 640 1216 662 car-

477 684 589 717 ceratis
616 683 645 715 in
670 683 812 726 partibus
836 682 991 723 datarum,
1008 683 1055 715 vel
1080 688 1218 726 recepta—

477 748 558 777 rum,
583 736 706 769 nonnisi
731 741 819 780 parte
851 736 940 769 cuius
969 736 1097 769 interest
1125 736 1216 768 citata

478 791 507 823 in
532 790 608 823 actis
632 788 868 833 producantur,
893 794 923 822 et
946 789 1036 822 aliter
1065 788 1218 833 producta

476 853 540 877 non
563 843 788 886 suffragentur,
812 848 843 875 et
866 843 990 883 notarii,
1014 842 1068 886 qui
1093 853 1128 875 ea
1152 842 1218 875 sine

478 897 575 942 partis
599 896 746 930 citatione
771 896 957 940 receperint,
974 896 1115 940 periculo
1137 906 1220 928 reee-

479 957 532 995 pta
557 951 780 995 intelligantur.

525 1004 575 1037 15.
602 1004 698 1037 lulius
722 1003 789 1036 dari
821 1003 930 1036 solitus
959 1002 1146 1035 cancellario
1171 1002 1220 1035 ba-

480 1059 612 1092 roncelli
630 1069 688 1102 pro
709 1058 848 1102 quolibet
864 1061 1025 1090 carcerato
1041 1056 1219 1096 relaxando,

481 1113 620 1147 solvatur
645 1110 833 1145 cancellario
863 1111 1025 1142 dumtaxat
1049 1109 1220 1142 baroncelli

480 1165 723 1210 gubernatoris,
749 1169 776 1196 ct
803 1174 864 1196 uon
889 1163 957 1196 aliis
989 1162 1127 1195 cuiusvis
1150 1163 1222 1195 alte-

483 1220 548 1253 rius
573 1218 748 1257 tribunalis;
765 1223 804 1258 et,
825 1216 950 1261 quando
963 1216 1145 1248 mandatum
1163 1216 1219 1248 crit

482 1273 639 1316 signatum
669 1271 787 1315 gratis,
812 1270 910 1310 nibil,
935 1269 1061 1313 quando
1093 1279 1166 1302 vcro
1192 1269 1222 1300 in

483 1328 582 1361 forma
597 1335 782 1370 pauperum,
800 1324 922 1358 nonnisi
941 1323 1139 1356 medietatem
1157 1323 1223 1355 iulii

483 1380 688 1414 cancellarius
725 1380 882 1424 praefatus
918 1379 1016 1422 possit
1051 1384 1080 1411 et
1111 1379 1220 1411 audeat

483 1435 629 1478 exigere,
654 1433 712 1466 sub
735 1435 836 1478 poena
860 1433 991 1466 arbitrio
1016 1433 1222 1466 visitatorum.

528 1488 579 1521 116.
598 1488 735 1522 Rclaxati
753 1498 770 1519 a
787 1486 977 1527 carceribus,
992 1487 1022 1519 in
1036 1487 1150 1531 quibus
1167 1498 1224 1531 pro

484 1543 577 1576 causa
598 1541 752 1575 criminali
770 1540 999 1581 detinebantur,
1017 1552 1073 1585 per
1089 1541 1224 1584 spatium

484 1597 581 1630 borae
605 1606 667 1629 non
691 1595 812 1640 possint
840 1606 898 1639 pro
931 1595 1013 1628 civili
1040 1597 1132 1628 eausa
1157 1595 1225 1639 capi

485 1655 513 1683 et
539 1650 704 1683 carcerari.

529 1703 580 1736 117.
608 1703 744 1736 [telaxati
766 1713 840 1735 vcro
863 1712 880 1734 a
905 1701 1086 1735 carceribus
1105 1702 1146 1735 ob
1164 1712 1225 1736 non

485 1757 729 1802 praestationem
755 1756 988 1796 alimentorum,
1015 1755 1134 1798 possint
1162 1756 1227 1799 qui-

486 1811 568 1851 dem,
587 1810 707 1843 volente
723 1809 986 1853 quandocumque
1004 1809 1159 1842 creditore
1176 1809 1227 1842 ali-

487 1870 591 1899 menta
602 1870 772 1909 praestare,
790 1865 892 1898 denuo
912 1864 1079 1904 carcerari,
1093 1864 1147 1897 sed
1165 1874 1227 1897 non

487 1930 558 1952 cum
585 1918 694 1952 codem
719 1918 887 1959 mandato,
912 1917 970 1950 nisi
995 1917 1121 1961 praevia
1146 1919 1226 1950 nova

487 1972 654 2012 citatione,
679 1977 706 2004 et
734 1972 814 2005 sacto
838 1971 1060 2004 alimentorum
1085 1971 1228 2015 deposito

487 2027 596 2060 saltem
613 2037 671 2070 pro
688 2025 867 2069 quindecim
885 2025 1005 2066 diebus,
1019 2030 1069 2058 aut
1084 2025 1228 2069 amplius,

487 2079 618 2112 arbitrio
644 2078 763 2111 iudicis.

534 2132 585 2165 ¹18.
612 2132 768 2176 Paupercs
788 2132 951 2173 carcerati,
968 2132 1093 2176 quando
1111 2137 1183 2166 sunt
1199 2132 1229 2164 in

489 2189 581 2219 causa
606 2185 812 2227 liberationis,
838 2186 1012 2218 liberentur
1040 2191 1069 2218 et
1094 2187 1231 2219 relaxen-

490 2245 540 2273 tur
557 2239 654 2283 gratis
679 2239 804 2283 ubique,
822 2239 924 2283 quoad
946 2239 1074 2280 iudices,
1091 2240 1231 2273 notarios

490 2298 710 2337 ‹·x‹‚=quutores,
735 2304 898 2326 carcerum
924 2292 1079 2333 custodes,
1105 2297 1131 2325 et
1153 2293 1231 2325 alios

491 2358 610 2387 omues,
629 2358 684 2380 uec
710 2347 878 2391 quicquam
896 2358 954 2390 pro
971 2349 1044 2379 nota
1061 2346 1231 2379 sententiae

492 2401 537 2433 vel
563 2400 692 2441 decreti,
710 2400 849 2433 iudicum
867 2400 1019 2444 propinis,
1037 2404 1087 2432 aut
1106 2399 1232 2443 quibus-

492 2453 536 2486 vis
562 2453 682 2486 iuribus
711 2453 870 2486 fiscalibus
902 2453 1023 2486 solvere
1056 2457 1230 2486 teneantur.

536 2506 586 2539 ta.
615 2507 647 2539 lit
675 2507 699 2539 si
725 2518 796 2539 cum
823 2506 915 2540 exilio
940 2507 1137 2546 relaxentur,
1163 2516 1233 2539 eon-

492 2564 656 2592 servcutur
681 2560 710 2592 iu
736 2560 826 2592 solita
861 2560 1058 2603 exemptione.
1088 2570 1151 2593 non
1175 2560 1233 2593 sol-

493 2612 583 2645 vendi
598 2612 779 2646 custodibus
793 2623 956 2646 carcerum
970 2623 1121 2658 expensas
1134 2614 1233 2646 victus

533 2681 542 2706 t
566 2677 659 2715 Aptius
679 2676 796 2706 Cherub.
818 2677 884 2713 legit
902 2677 1083 2707 retineantur
1101 2677 1200 2713 (mn).

1044 262 1223 288 BFLLARIFM
1248 262 1401 288 nou-utta!

1245 310 1366 343 liabitas
1391 311 1419 343 in
1445 312 1646 353 carceribus,
1671 319 1698 346 et
1733 314 1818 347 iuxta
1850 313 1985 347 sormam

1246 363 1465 397 mandatorum
1483 365 1586 397 statim
1604 376 1638 398 ac
1661 366 1758 399 libere
1778 366 1984 400 dimittantur.

1290 416 1341 450 ⁶20.
1356 417 1506 450 Custodes
1523 428 1797 463 quorumcumque
1811 429 1986 458 carcerum,

1247 481 1302 504 seu
1326 470 1646 511 commentarienses,
1671 471 1836 505 observent
1869 477 1898 504 et
1928 472 1986 516 ipsi

1248 523 1385 556 tabulam
1410 529 1478 568 post
1512 529 1708 568 praesentem
1733 524 1986 558 constitutionem

1249 587 1306 610 suo
1330 577 1400 610 loco
1426 576 1680 621 imprimendam,
1697 588 1792 621 quam
1817 577 1910 610 etiam
1935 588 1989 622 pu-

1249 629 1329 663 blice
1355 629 1479 663 affixam
1504 635 1642 671 teneant,
1666 636 1697 663 et
1723 630 1798 663 alias
1822 630 1990 664 ordinatio-

1250 694 1322 724 nes,
1347 689 1374 716 et
1400 683 1526 716 decreta
1555 684 1639 727 ipsos
1664 683 1907 724 concernentia,
1932 683 1990 716 sub

1251 737 1360 781 poenis
1385 737 1539 771 contentis
1564 737 1595 770 in
1619 737 1673 770 eis.

1296 790 1347 824 ⁹21.
1373 790 1544 824 Obscrvent
1570 790 1698 835 insuper
1728 795 1758 823 et
1788 790 1990 834 exequutioni

1253 854 1377 888 semper
1401 843 1586 877 demandent
1606 843 1755 888 quicquid
1774 843 1935 877 communi
1952 843 1993 876 vi-

1253 897 1418 931 sitatorum
1436 903 1508 931 voto
1523 897 1614 930 suerit
1634 897 1853 937 deliberatum,
1866 902 1894 930 et
1908 897 1994 930 inob-

1254 956 1413 983 servantes
1438 950 1623 984 eorumdem
1641 950 1837 984 visitatorum
1862 950 1993 984 arbitrio

1253 1003 1432 1048 puniantur.

1298 1057 1349 1090 22.
1375 1057 1411 1089 Et
1444 1063 1510 1101 post
1548 1057 1709 1090 decretum
1739 1067 1756 1089 a
1782 1056 1995 1090 visitatoribus

1255 1111 1369 1143 sactum
1395 1110 1433 1143 de
1459 1111 1626 1144 relaxando
1643 1110 1832 1151 debitorem,
1850 1109 1995 1144 custodes

1255 1163 1292 1196 ad
1318 1164 1494 1197 instantiam
1525 1164 1663 1197 cuiusvis
1687 1163 1853 1197 creditoris
1876 1168 1996 1196 arresta

1256 1217 1364 1250 eadem
1389 1217 1438 1250 die
1463 1228 1525 1251 non
1550 1217 1718 1261 recipiant,
1742 1216 1795 1249 sed
1819 1226 1877 1249 nee
1901 1216 1996 1249 etiam

1256 1276 1362 1314 postea
1388 1270 1426 1302 ad
1452 1271 1629 1303 instantiam
1655 1271 1738 1303 illius
1754 1269 1920 1303 creditoris
1943 1269 1997 1314 qui

1256 1335 1328 1357 cum
1345 1324 1512 1361 detinebat,
1530 1324 1587 1357 nisi
1604 1329 1759 1357 arrestum
1783 1323 1874 1356 suerit
1891 1334 1908 1356 a
1924 1323 1998 1357 duo-

1257 1378 1316 1411 bus
1340 1378 1553 1411 visitatoribus
1579 1378 1800 1422 subscriptum.

1302 1431 1352 1465 ⁹23.
1368 1432 1546 1464 Teneantur
1559 1431 1652 1464 etiam
1667 1430 1740 1463 dicti
1755 1430 1912 1471 custodes,
1928 1436 1999 1474 post

1258 1486 1417 1530 publicam
1443 1485 1652 1518 visitationem
1675 1495 1848 1525 carcerum,
1866 1496 1884 1518 a
1899 1485 2001 1518 visita-

1259 1539 1381 1572 toribus
1398 1550 1453 1571 seu
1470 1539 1508 1571 ab
1525 1538 1677 1572 advocato
1698 1549 1875 1583 pauperum
1899 1539 2001 1582 requi-

1259 1593 1330 1633 siti,
1356 1593 1430 1626 dare
1455 1598 1561 1626 notam
1587 1598 1820 1626 carceratorum
1846 1592 2001 1626 crimina-

1260 1647 1336 1679 lium
1363 1647 1394 1679 in
1418 1647 1547 1680 secretis
1565 1647 1776 1687 existentium,
1791 1657 1862 1680 cum
1878 1656 2001 1690 expres-

1259 1700 1346 1733 sione
1371 1700 1522 1744 temporis
1546 1705 1575 1733 et
1600 1700 1711 1733 iudicis
1736 1700 1872 1734 illorum.

1303 1753 1354 1787 ⁹24.
1381 1754 1414 1787 Et
1441 1753 1584 1787 infirmos
1601 1753 1704 1794 etiam,
1719 1764 1777 1797 pro
1802 1753 1885 1787 civili
1909 1754 2002 1786 eausa

1260 1808 1413 1849 detentos,
1429 1813 1593 1841 teneantur
1617 1818 1734 1852 ponere
1759 1808 1791 1840 in
1815 1806 2002 1840 valetudina-

1261 1862 1318 1901 rio,
1336 1861 1420 1905 quod
1438 1861 1642 1894 infirmariam
1667 1862 1833 1905 appellant.

1305 1915 1356 1949 25.
1382 1916 1529 1949 Detentos
1549 1915 1580 1948 in
1601 1915 1735 1959 publicis
1760 1914 1940 1948 carceribus
1956 1925 2003 1947 su-

1261 1969 1440 2013 perioribus
1465 1974 1495 2002 et
1519 1969 1550 2001 in
1575 1968 1696 2010 mediis,
1713 1968 1850 2012 quolibet
1869 1967 1918 2001 die
1934 1978 2004 2002 eon—

1262 2024 1377 2057 ducant
1401 2023 1439 2056 ad
1464 2022 1650 2056 audiendam
1676 2022 1810 2056 Missam.

1306 2078 1358 2111 026.
1376 2077 1502 2111 Nullum
1521 2077 1674 2121 recipiant
1691 2077 1722 2109 in
1739 2086 1893 2117 carceres,
1910 2086 2004 2120 quem

1263 2131 1350 2175 prius
1375 2141 1436 2163 non
1469 2130 1644 2163 describant
1672 2130 1701 2162 in
1727 2129 1808 2162 libro
1833 2133 2006 2163 carcerato-

1264 2195 1345 2223 rum,
1369 2184 1407 2217 de
1431 2184 1520 2217 cuius
1545 2183 1702 2224 mandato,
1719 2183 1757 2216 ad
1779 2183 1868 2216 cuius
1892 2182 2006 2215 instan-

1264 2238 1350 2277 tiam,
1367 2243 1393 2271 et
1421 2249 1478 2282 pro
1503 2248 1564 2281 qua
1588 2239 1681 2270 eausa
1705 2242 1823 2281 eaptus,
1840 2241 1924 2269 etan
1946 2247 2004 2280 pro

1265 2291 1443 2335 suspicione
1460 2292 1560 2334 fugae.
1576 2291 1723 2335 Alioquin
1747 2295 1926 2324 carceratus
1942 2299 2004 2322 non

1265 2345 1442 2389 descriptus
1472 2345 1510 2377 ad
1535 2345 1636 2378 nullas
1669 2344 1768 2377 victus
1791 2348 1844 2377 aut
1868 2343 2004 2377 carceris

1265 2410 1416 2443 expensas
1441 2404 1592 2432 teneatur.

1309 2453 1360 2486 27.
1387 2453 1429 2485 Ac
1453 2452 1534 2486 bona
1559 2451 1605 2485 vel
1630 2450 1791 2495 pecuniae,
1805 2460 1885 2494 quae
1908 2459 2004 2494 penes

1266 2506 1367 2550 ipsum
1393 2506 1431 2539 ad
1456 2516 1599 2540 carceres
1633 2504 1761 2537 ductum
1793 2504 2004 2548 reperiuntur,

1265 2560 1346 2593 sacto
1360 2559 1534 2592 inventario
1547 2559 1577 2591 in
1595 2557 1733 2591 eiusdem
1751 2557 1902 2590 carcerati
1919 2567 2006 2601 prae-

1266 2612 1375 2651 sentia,
1389 2622 1459 2645 eum
1474 2611 1596 2644 duobus
1612 2610 1742 2643 testibus
1761 2607 2004 2653 consignentur¹

1301 2677 1314 2704 1
1338 2675 1408 2704 Edit.
1430 2675 1512 2703 Maia.
1534 2673 1614 2703 babet
1630 2674 1815 2711 consignetur
1833 2673 1933 2709 (nvn).

1994 266 2046 293 An.
2067 265 2095 294 C.
2115 266 2183 294 ¹6¹2

2251 1187 2259 1233 2„
2239 1077 2258 1163 ,5³⁸0
2240 943 2257 1062 ...μιν
2228 430 2255 932 κέρ-,ωεῆεία-ιειωςτπωρ,
2228 342 2249 420 ’.ι’-ἢ

2248 1955 2266 2036 m.
2242 1707 2266 1948 *ca-mensum
2243 1280 2263 1699 »ffl.ae;.07=;<121.2„2-.0.1-=.·
2236 1258 2259 1269 '2

2248 2143 2267 2226 *Q*
2256 2113 2267 2136 »n
2245 2043 2265 2107 *LA-s«

2244 2895 2254 2910 Γ
2248 2872 2252 2877 “
2248 2840 2265 2861 t·
2243 2796 2270 2831 ῥ’·
2238 2236 2271 2789 -τῖ-εςώειπέὰῡφωμτᾼικρηέ-ιςβ,
