2293 3231
299 253 342 278 tn.
361 250 389 278 C.
411 251 474 279 162¹

316 1758 375 1780 Pauli
385 1759 455 1784 Papae
463 1756 478 1776 V

295 1787 386 1805 titium.

524 241 588 276 602

493 300 643 343 dignitate
658 299 869 332 ecelesiastica
887 299 1074 332 constitutae
1095 299 1234 339 munitis,

493 353 634 386 eamdem
661 362 792 396 prorsus
812 351 906 384 tidem
924 352 954 384 in
970 352 1084 384 iudicio
1103 358 1129 384 et
1148 359 1234 385 extra
1250 380 1254 411 Ι

494 407 524 439 in
549 406 695 439 omnibus
720 409 749 438 et
774 415 829 448 per
854 405 960 437 omnia
984 405 1136 441 adhiberi„
1155 416 1254 450 quael

493 460 569 503 ipsis
594 458 813 503 praesentibus
840 458 1062 498 adhiberetur,
1082 459 1107 491 si
1133 451 1254 506 forent}

493 512 649 545 exhibitae
675 512 721 544 vel
746 517 899 545 ostensae.
1251 512 1254 537 i

536 566 648 599 Datum
665 566 790 605 Romae,
801 565 882 609 apud
893 565 921 599 S.
933 566 1060 599 Mariam
1075 566 1234 605 Maiorem,

494 619 551 652 sub
576 619 692 652 annulo
717 618 902 659 Piscator-is,
927 619 977 652 die
1003 629 1081 653 xxm
1106 625 1254 676 septem-¹

493 672 559 706 bris
584 682 711 712 iunctm,
727 672 927 716 pontificatus
944 673 1043 706 nostri
1060 683 1142 706 anno
1159 683 1177 706 1.
1251 683 1254 721 i

528 733 588 761 Dat.
606 733 649 761 dic
665 733 698 762 25
713 733 877 770 septembris
897 734 973 769 162¹,
990 733 1084 770 pontif.
1102 742 1146 761 an.
1162 740 1181 760 t.
1251 730 1254 760 l

1251 783 1254 792 i

1251 815 1255 824 ι

809 878 923 911 xxxv.
1252 829 1255 928 Ι

494 960 634 993 Praevia
659 959 905 1002 confirmatione
923 960 1109 992 litterarum
1134 961 1238 994 Pauli
1253 974 1255 986 ι

538 1011 648 1057 Papae
676 1013 710 1053 V,
737 1013 857 1057 quibus
887 1014 1067 1046 canonissis
1090 1013 1238 1047 ecclesiae

538 1068 644 1101 sancti
667 1067 760 1101 Petri
783 1067 897 1110 oppidi
922 1067 1234 1107 RomaricomontiS,

538 1121 669 1155 nultius
692 1131 747 1153 seu
766 1120 928 1154 Tumens-is
952 1120 1113 1159 dioecesis,
1133 1121 1255 1171 facul-J

541 1179 589 1208 tas
613 1174 799 1207 conceditur
822 1175 1035 1206 monasticam
1069 1175 1239 1207 emittendi

536 1228 779 1272 professionem,
796 1228 966 1266 statuitur,
979 1232 1015 1260 ut
1028 1229 1238 1261 canonicatus

539 1286 569 1314 et
584 1282 774 1324 aiym'eates,
793 1291 876 1324 quas
893 1281 1105 1325 imposterum
1125 1292 1238 1314 vacare

539 1335 722 1378 contv'qerit.
739 1335 793 1371 iis,
813 1345 897 1378 quae
911 1336 1143 1378 professionem
1160 1336 1238 1368 emi-

539 1397 616 1429 sere,
644 1386 880 1430 conserantur¹.

701 1467 857 1502 Gregorius
878 1467 956 1501 Papa
975 1467 1032 1500 XV,

638 1513 673 1539 ad
693 1512 826 1539 futuram
845 1511 891 1539 rei
910 1511 1090 1539 memoriam.

540 1584 556 1628 g
580 1583 609 1617 1.
634 1582 717 1616 Alias
733 1592 751 1615 a
767 1581 865 1615 seticis
889 1582 1119 1616 recordationis
1143 1583 1239 1617 Paulo

498 1636 579 1681 Papa
602 1636 626 1669 V
653 1635 898 1680 praedecessore
921 1639 1030 1669 nostro
1055 1643 1240 1670 emanarunt

496 1689 616 1724 litterae
641 1688 760 1722 tenoris
785 1688 1014 1732 subsequentis,
1039 1689 1198 1723 videlicet:

539 1742 669 1777 Paulus
681 1742 777 1786 Papa
801 1742 835 1782 V,
856 1742 899 1775 ad
908 1746 1100 1786 perpetuam
1118 1744 1165 1776 rei
1177 1754 1242 1777 me-

496 1798 647 1831 moriam.
675 1796 762 1836 cum,
787 1796 867 1829 sicut
890 1797 1070 1840 accepimus
1087 1798 1174 1840 (dum
1193 1809 1241 1832 co-

495 1861 562 1884 ram
587 1849 709 1883 dilectis
742 1849 815 1882 siliis
846 1850 962 1883 nostris
992 1849 1106 1883 Ioanne
1131 1850 1240 1885 Gai-zia

495 1909 677 1937 sanctorum
701 1903 841 1943 Quatuor
865 1904 1093 1937 coronatorum
1112 1904 1240 1946 minino,

494 1957 640 1990 Marcello
665 1956 761 1990 sancti
786 1955 884 1989 Alexii
908 1956 1060 1997 Senensi,
1085 1967 1119 1990 ac
1145 1958 1241 1991 Hora-

495 2010 538 2043 tio
562 2010 660 2043 sancti
693 2009 863 2043 Salvatoris
892 2009 922 2042 in
948 2010 1050 2043 Lauro
1074 2011 1238 2045 titulorum

496 2063 525 2097 S.
547 2064 581 2097 R.
601 2064 633 2096 Ε.
652 2063 845 2107 presbyteris
874 2063 1086 2097 cardinalibus
1109 2064 1238 2098 Lanccl—

495 2118 573 2151 lotto
590 2117 780 2160 nuncupatis
805 2126 822 2149 a
850 2116 941 2150 nobis
961 2116 1128 2161 deputatis,
1144 2129 1239 2162 super

495 2176 577 2204 statu
595 2176 624 2204 ct
639 2171 787 2215 qualitate
801 2171 951 2203 ccclesiae
965 2172 1061 2205 sancti
1078 2171 1160 2205 Petri
1186 2184 1239 2217 op-

495 2224 559 2269 pidi
578 2223 863 2258 Ron.aricomontis
881 2224 997 2257 nullius
1014 2235 1067 2257 sen
1085 2225 1238 2259 Tullensis
1254 2255 1256 2266 ,

495 2278 658 2318 dioecesis,
677 2288 756 2321 quae
781 2277 871 2311 nobis
896 2283 925 2310 ct
950 2278 1149 2322 Apostolieae
1167 2279 1236 2313 Scdi
1254 2273 1256 2292 ¹

496 2331 674 2365 immediate
699 2331 839 2364 subiecta
869 2331 990 2371 existit,
1015 2337 1043 2364 et
1074 2332 1180 2373 cuius,
1205 2340 1237 2366 nt

495 2385 666 2425 asseritur,
698 2384 857 2417 abbatissa
896 2384 1057 2418 dumtaxat
1089 2384 1236 2419 Ordinem

495 2440 592 2473 sancti
618 2438 776 2472 Benedicti
809 2438 949 2482 profiteri
976 2439 1155 2478 consuerit,
1180 2438 1255 2472 dis-i

495 2493 636 2536 cutitur),
651 2493 775 2525 interim
802 2492 984 2535 contingere
1009 2493 1117 2536 possit,
1135 2499 1167 2526 ut
1187 2461 1256 2533 ali-i

1085 251 1233 275 ffl'LLAtllt
1243 252 1261 274 M
1289 251 1440 274 nonsart«

1268 298 1411 331 emittere
1429 299 1570 343 cupiant;
1589 306 1757 344 propterea
1776 311 1844 341 nos,
1862 300 2009 334 laudabili

1269 352 1393 385 illarum
1418 352 1585 391 desiderio,
1603 359 1753 396 quantum
1778 364 1850 387 cum
1875 355 2009 389 Domino

1269 416 1436 449 possumus
1454 432 1461 444 ,
1490 405 1626 449 benigne
1655 407 1821 440 consulere
1852 408 2009 447 volentes,

1270 464 1357 492 motu
1376 458 1518 502 proprio,
1539 464 1568 491 et
1585 469 1621 492 ex
1640 462 1725 493 certa
1743 459 1873 492 scientia
1895 471 1932 494 ac
1948 471 2011 494 ma-

1270 514 1340 545 tura
1366 512 1594 545 deliberatione
1619 513 1745 553 nostris,
1769 512 1871 556 deque
1891 518 2012 557 aposto-

1269 565 1347 598 lieae
1379 565 1542 609 potestatis
1572 565 1784 609 plenitudine,
1810 566 1958 599 omnibus
1981 572 2011 600 et

1270 619 1401 662 singulis
1425 618 1526 652 dictae
1553 619 1702 653 ecclesiae
1733 620 1906 654 canonissis
1929 631 2011 654 nunc

1270 678 1299 705 et
1317 683 1376 716 pro
1401 678 1544 716 tempore
1563 673 1778 713 existentibus,
1797 684 1877 718 quae
1893 673 2011 707 dictum

1270 725 1418 759 Ordinem
1444 726 1587 770 profiteri
1612 727 1780 767 voluerint,
1797 733 1829 760 ut
1849 727 2012 770 professio·

1270 789 1353 819 nem,
1371 790 1465 823 quam
1486 779 1644 813 abbatissa
1668 780 1849 814 huiusmodi
1869 781 2012 814 emittere

1271 833 1359 874 solet,
1378 833 1408 865 in
1434 833 1574 866 eiusdem
1595 833 1773 867 abbatissae
1797 833 1941 867 manibus
1957 834 2014 877 (ita

1252 892 1375 941 'tamen
1407 892 1440 920 ut
1473 887 1503 920 in
1538 887 1607 920 loco
1635 887 1740 921 debito
1761 893 1791 920 et
1815 887 2012 922 convenienti

1271 941 1418 974 clausura
1443 941 1564 974 munito
1587 941 1730 974 eamdem
1753 942 1930 975 clausuram
1947 941 2014 975 iux-

1273 998 1300 1028 ta
1325 994 1458 1027 sormam
1479 994 1716 1028 Constitutionis
1742 995 1840 1028 felicis
1864 995 2012 1029 recorda-

1273 1048 1366 1082 tionis
1394 1047 1439 1080 Pii
1465 1048 1566 1092 Papae
1592 1048 1613 1081 V
1638 1048 1891 1092 praedecessoris
1914 1050 2013 1083 nostri

1271 1113 1366 1146 super
1394 1102 1540 1135 clausura
1572 1103 1756 1136 monialium
1781 1103 1882 1137 editae
1905 1103 2012 1137 obser-

1253 1158 1363 1199 ·vent)
1388 1166 1535 1200 expresse
1567 1157 1710 1190 emittere
1739 1157 1839 1190 libere
1870 1162 1900 1190 et
1930 1157 2012 1191 licite

1272 1209 1391 1252 possint
1415 1214 1445 1242 et
1477 1210 1617 1250 valcant,
1642 1214 1751 1244 tenore
1782 1210 2012 1254 praesentium,

1271 1262 1473 1296 concedimus
1505 1269 1535 1295 et
1570 1263 1781 1306 indulgemus.
1814 1263 2014 1298 Declarantes

1272 1326 1381 1348 omnes
1405 1321 1435 1348 et
1459 1316 1599 1358 singulas
1623 1316 1667 1349 sic
1690 1317 1848 1360 professas
1872 1317 2012 1350 omnium

1273 1369 1584 1413 praerogativarum,
1608 1375 1852 1413 ceterorumque
1877 1370 1995 1404 iurium
2006 1398 2014 1412 ,

1272 1422 1387 1466 quibus
1411 1422 1547 1465 gaudent
1566 1428 1596 1456 et
1620 1423 1794 1467 potiuntur,
1812 1423 1858 1456 vel
1876 1424 2015 1467 gaudere

1273 1480 1302 1510 et
1327 1475 1423 1520 potiri
1446 1482 1574 1520 possent
1591 1475 1622 1509 in
1639 1477 1790 1517 futurum,
1807 1477 1969 1520 gavisuras
1985 1483 2016 1512 et

1273 1529 1428 1573 petituras
1452 1529 1518 1562 sine
1542 1529 1648 1574 aliqua
1671 1529 1888 1564 diminutione.
1906 1531 1944 1564 Et
1966 1531 2016 1565 ni-

1274 1582 1445 1615 bilominus
1468 1582 1653 1624 abbatissae,
1677 1589 1771 1628 atque
1795 1583 1834 1617 iis
1857 1584 2015 1627 omnibus,

1274 1647 1353 1679 quae
1371 1636 1498 1670 realiter
1514 1642 1543 1670 et
1561 1647 1632 1670 cum
1650 1637 1761 1672 effectu
1775 1638 2014 1682 professionem,

1275 1695 1308 1722 ut
1332 1700 1437 1734 snpra,
1461 1690 1635 1732 emiserint,
1659 1701 1769 1724 omnes
1795 1696 1824 1724 et
1848 1702 2016 1735 quascum-

1275 1754 1336 1787 que
1361 1743 1582 1787 indulgentias,
1607 1744 1734 1787 gratias,
1759 1744 1879 1778 indulta
1902 1750 1932 1778 ct
1955 1745 2017 1789 pri—

1275 1796 1387 1840 vilegia
1400 1797 1556 1840 religiosis
1572 1797 1630 1830 sub
1647 1797 1721 1831 dicti
1742 1798 1839 1831 sancti
1857 1798 2015 1832 Benedicti

1275 1850 1383 1892 regula
1409 1849 1583 1883 viventibus
1595 1860 1613 1883 a
1630 1850 1730 1890 nobis,
1749 1851 1795 1884 vel
1815 1850 2016 1894 quibuscum-

1274 1914 1334 1948 que
1345 1904 1493 1936 Romanis
1508 1903 1710 1937 Pontificibus
1719 1904 2016 1948 praedecessoribus

1274 1957 1400 1997 nostris,
1419 1956 1450 1989 in
1470 1966 1588 1999 genere
1605 1957 1652 1989 vel
1673 1957 1703 1990 in
1725 1957 1839 2001 specie,
1857 1967 2015 2000 concessa,

1274 2015 1361 2044 motu
1385 2009 1478 2042 simili
1511 2010 1714 2043 concedimus
1741 2016 1772 2043 et
1804 2010 2014 2055 indulgemus.

1275 2063 1424 2096 Volumus
1440 2069 1555 2103 autem,
1576 2069 1609 2096 ut
1625 2074 1682 2107 per
1698 2069 1879 2108 praesentes
1895 2064 2016 2099 litteras

1273 2117 1373 2150 dictae
1389 2117 1539 2150 ecclesiae
1556 2123 1653 2150 status
1669 2118 1847 2151 nullatenus
1867 2118 2014 2152 immuta-

1273 2176 1323 2203 tus
1348 2170 1394 2203 vel
1412 2170 1443 2202 in
1461 2171 1567 2214 aliquo
1586 2171 1736 2204 alteratus
1753 2177 1928 2205 censeatur.
1946 2173 2015 2206 Non

1272 2225 1470 2258 obstantibus
1493 2225 1771 2259 constitutionibus
1794 2230 1824 2258 et
1847 2225 2017 2260 ordinatio-

1272 2279 1365 2312 nibus
1389 2279 1585 2323 npostolieis,
1610 2289 1645 2312 ac
1670 2278 1771 2312 dictae
1795 2279 1944 2312 ecclesiae
1968 2280 2015 2322 (e—

1273 2333 1344 2366 tiam
1371 2332 1559 2372 iuramento,
1577 2332 1816 2366 confirmatione
1832 2331 2014 2375 apostolica,

1273 2386 1319 2419 vel
1344 2386 1454 2429 quavis
1479 2387 1626 2419 tirmilate
1650 2385 1709 2418 alia
1729 2384 1898 2428 roboratis)
1923 2389 2016 2419 statu·

1273 2439 1311 2471 tis
1335 2445 1361 2471 et
1382 2438 1672 2477 consuetudinibus,
1688 2437 1862 2482 privilegiis
1878 2447 2014 2482 quoque,

1273 2493 1400 2526 indultis
1424 2498 1453 2526 et
1479 2492 1590 2525 litteris
1613 2491 1810 2535 apostolicis,
1835 2491 1936 2525 eidem
1963 2503 2015 2527 ec-

495 2557 574 2591 quae
587 2547 688 2580 diciae
703 2547 855 2580 ecclesiae
879 2547 1061 2580 canonissae
1087 2558 1145 2591 pro
1166 2548 1238 2580 reli-
1253 2538 1256 2588 i
1273 2547 1395 2586 etesiae,
1421 2547 1566 2590 illiusque
1589 2545 1763 2578 abbatissae
1788 2551 1818 2578 ct
1842 2546 2016 2580 canonissis

496 2600 598 2643 gionis
623 2601 689 2633 zelo
705 2600 932 2644 professionem
951 2600 1131 2633 huiusmodi
1145 2600 1237 2634 etiam
1253 2595 1255 2640 Ι
1273 2600 1440 2643 praedietis
1455 2626 1462 2639 ‚
1487 2599 1545 2631 sub
1569 2598 1820 2642 quibuscumque
1852 2598 2015 2632 tenoribus

534 2662 543 2687 t
567 2660 605 2688 Ex
625 2661 733 2696 Regem.
753 2661 780 2689 in
799 2663 902 2690 secret.
923 2661 999 2689 Brev.
1253 2646 1256 2684 i
1273 2657 1302 2685 et
1328 2652 1445 2691 formis,
1466 2662 1501 2684 ac
1522 2662 1593 2684 eum
1617 2651 1782 2695 quibusvis
1806 2651 1900 2684 etiam
1924 2651 2015 2686 dero-

2025 255 2074 280 An.
2088 252 2118 281 C.
2138 252 2203 282 162t

2239 0 2274 201 fan-a·-

2251 417 2271 493 'Q
2256 359 2271 406 υ,,-
2253 293 2271 354 Δία-ί,
2259 254 2270 282 ¹2-

2269 651 2271 656 ,
2251 597 2259 610 ⁴
2248 501 2271 578 ’.Π-’νᾳ

2251 989 2273 1131 Ξ

2253 2397 2271 2441 :›-
2248 1618 2274 2389 nam-ammatmv
2250 1466 2273 1611 etv-⁹9:43:
2263 1443 2267 1449 ·

2259 2811 2266 2818 ι
2249 2490 2273 2793 mmmm:-
2255 2451 2269 2468 ιι
