2293 3231
281 274 335 302 Aa.
349 275 379 302 e.
402 274 469 302 ¹622
514 265 578 300 66⁹2

307 712 376 733 Causa
403 712 464 732 huius

280 739 443 760 constitutionis.

315 2047 344 2069 De
367 2055 462 2076 exequiis

279 2075 367 2096 Romani
391 2076 464 2097 Ponti-

279 2102 331 2123 ficis.

819 322 877 354 Lll.

482 402 721 437 caeremoniale
733 402 768 434 in
783 401 934 434 electione
950 402 1069 434 sumni-i
1082 401 1223 434 Romani

525 455 694 499 Pontificis
718 455 950 488 observandum
966 455 986 488 ¹.

675 545 832 580 Gregorius
851 544 1026 579 Episcopus,

665 598 771 618 servus
792 597 947 618 servorum
967 589 1036 623 Dei,

599 635 635 662 ad
655 639 830 670 perpetuam
849 635 894 663 rei
914 635 1096 663 memoriam.

525 706 616 740 Decet
641 706 816 740 Romanum
852 707 1056 747 Pontificem,
1080 717 1160 751 quae
1185 707 1222 739 ad

480 760 637 793 Ecclesiae
661 760 838 794 Catholicae
873 761 945 794 felix
978 761 1121 804 regimen
1145 761 1224 794 salu-

480 813 579 847 briter
603 824 619 846 a
645 824 677 847 se
698 818 888 855 statuuntur,
906 820 938 847 ut
958 825 1051 858 quam
1076 814 1223 848 facillime

479 866 697 909 observentur,
715 868 864 912 pastorali
882 868 1093 902 sollicitudine
1117 869 1223 912 provi-

479 920 563 962 dere,
582 925 610 955 et
635 932 681 962 ea,
707 933 765 966 per
789 933 868 966 quae
893 934 910 955 a
936 933 968 955 se
992 922 1117 955 decreta
1141 922 1224 956 debi-

481 979 545 1007 tum
572 975 748 1008 sortiuntur
772 976 929 1017 effectum,
954 975 1104 1009 stabilire.
1126 976 1224 1020 Siqui-

479 1028 550 1061 dem
576 1034 742 1073 postquam
767 1040 879 1063 novam
905 1030 1164 1064 Constitutionem
1185 1030 1223 1063 de

479 1082 610 1115 Romani
636 1083 795 1117 Pontificis
820 1084 982 1125 electione,
1000 1084 1040 1117 ob
1065 1095 1174 1117 causas
1191 1085 1221 1116 in

479 1137 515 1168 ea
533 1146 706 1181 expressas,
724 1137 829 1171 divina
846 1138 1023 1182 adspirante
1041 1138 1140 1181 gratia
1162 1138 1223 1172 edi-

479 1189 602 1230 dimus;
628 1201 666 1224 ne
692 1191 759 1224 eius
783 1202 858 1225 usus
884 1197 914 1225 et
940 1191 1148 1233 observantia,
1170 1202 1222 1224 ve-

479 1243 537 1276 teri
555 1244 659 1277 rituali
678 1245 834 1278 Ecclesiae
852 1246 1010 1279 Romanae
1031 1246 1095 1278 sere
1121 1245 1220 1278 inutili

478 1296 519 1329 ob
543 1297 685 1330 eamdem
711 1298 969 1332 Constitutionem
994 1299 1133 1340 reddito,
1153 1310 1223 1343 pro-

478 1351 540 1394 prii
565 1352 803 1385 caercmonialis
838 1353 1011 1386 directione
1041 1353 1223 1386 destituere-

480 1409 540 1446 tur,
565 1416 692 1447 novum,
713 1411 807 1450 prout
827 1407 978 1451 sequitur,
997 1407 1108 1440 confici
1134 1418 1219 1440 man-

478 1459 629 1492 davimus.
662 1460 750 1499 Quod
786 1472 857 1494 cum
894 1466 962 1505 post
995 1462 1220 1495 nonnullorum

479 1512 507 1545 S.
533 1513 566 1546 R.
593 1514 626 1546 E.
653 1514 881 1554 cardinalium,
907 1515 1020 1559 quibus
1053 1516 1220 1558 negocium

479 1567 705 1608 commisimus,
730 1568 875 1611 diligens,
897 1573 927 1603 ut
952 1580 1003 1602 res
1027 1569 1221 1613 postulabat,

478 1620 653 1654 adhibitum
678 1632 818 1662 examen,
837 1622 1013 1655 consectum
1039 1623 1141 1664 suerit,
1159 1628 1187 1656 et
1205 1634 1222 1655 a

478 1674 568 1707 nobis
593 1674 820 1719 approbatum,
846 1680 875 1708 ut
903 1675 994 1716 illud,
1024 1686 1095 1709 cum
1126 1676 1223 1708 onmi-

478 1727 536 1760 bus
561 1734 589 1761 et
614 1728 746 1772 singulis
764 1729 795 1761 in
819 1740 856 1762 eo
881 1730 1045 1771 contentis,
1062 1729 1223 1764 inviolabi-

479 1781 550 1815 liter
573 1782 782 1824 observetur,
808 1793 845 1816 ex
869 1784 969 1817 nostri
994 1784 1161 1828 pastoralis
1181 1784 1223 1818 os-

478 1835 540 1868 ficii
558 1835 674 1878 debito,
691 1836 921 1880 providendum
940 1837 1129 1871 censuimus.

523 1899 625 1933 Tener
644 1904 753 1933 aulem
769 1900 864 1933 illius
881 1905 924 1934 est
942 1902 1002 1945 qui
1018 1902 1175 1946 sequitur.

726 1982 976 2006 cannamomum

523 2042 665 2075 Romano
695 2042 846 2076 Pontificc
873 2043 934 2077 vita
958 2044 1087 2085 functo,
1117 2044 1219 2078 cardi-

479 2096 585 2136 nales,
614 2096 765 2140 praestito
790 2097 820 2129 in
846 2097 949 2140 prima
974 2098 1220 2141 congregatione

479 2149 654 2183 iuramento
689 2149 728 2182 de
763 2150 958 2184 observanda
994 2151 1220 2185 Constitutione

477 2203 622 2246 Gregorii
648 2203 749 2247 Papae
766 2204 817 2236 XV
837 2203 875 2236 de
900 2205 1125 2238 reformatione
1150 2216 1221 2238 con—

478 2255 606 2297 elavis2,
631 2259 691 2290 una
717 2268 788 2291 cum
821 2257 890 2290 aliis
923 2258 1219 2300 constitutionilnis,

478 2320 557 2353 quae
581 2310 643 2353 legi
668 2315 697 2343 et
722 2311 819 2343 iurari
854 2311 885 2344 in
909 2314 945 2345 ea
970 2312 1121 2345 hactenus
1145 2323 1220 2346 con-

479 2370 657 2406 sueverunt,
675 2365 822 2409 exequias
839 2376 898 2409 pro
923 2366 990 2399 eius
1006 2366 1120 2407 anima,
1136 2367 1219 2400 iuxta

514 2472 525 2498 1
550 2471 736 2499 Plenissimam
766 2472 846 2500 liuius
870 2473 1006 2500 l‘ontiticis
1034 2474 1106 2501 circa
1130 2474 1219 2510 Papae

479 2515 638 2543 electionem
655 2517 856 2553 dispositionem
873 2517 932 2545 ride
948 2518 974 2544 in
988 2519 1047 2545 eius
1066 2518 1155 2546 Const.
1178 2525 1219 2546 xm

479 2560 597 2588 AEterni
620 2570 702 2597 supra
724 2571 785 2597 pag.
801 2562 855 2589 620
874 2562 954 2590 huius
974 2564 1054 2597 tomi,
1075 2571 1122 2600 pro
1143 2564 1220 2591 cuius

479 2604 651 2632 observantia
678 2609 770 2641 postea
794 2606 897 2633 editum
926 2607 974 2634 fuit
1000 2608 1217 2641 caeremoniale,

480 2648 556 2675 euius
571 2652 693 2677 tenorem
714 2649 797 2678 habes
817 2651 859 2678 hic
879 2651 1020 2679 insertum.

515 2692 531 2719 2
547 2693 630 2723 Quam
646 2695 706 2722 vide
722 2703 803 2731 supra
819 2704 879 2732 pag.
896 2696 948 2723 (320
962 2703 1000 2732 (a.
1012 2699 1060 2732 ⁹12).

1055 273 1234 298 BULLARIUM
1259 273 1414 299 Romnum

2005 272 2057 301 An.
2077 272 2109 301 C.
2124 272 2195 302 im

1258 322 1352 354 ritum
1381 321 1544 365 hueusque
1571 322 1781 363 observatum,
1798 332 1856 366 per
1881 331 1995 356 novem

1258 375 1424 408 continuos
1440 374 1507 408 dies
1523 375 1625 408 facere
1641 374 1772 415 debeni;
1789 375 1849 409 nisi
1868 375 1948 410 sorte
1963 375 1996 409 in

1258 428 1319 460 illis
1332 438 1445 461 novem
1459 428 1570 462 diebus
1589 428 1718 472 aliquod
1731 429 1843 463 festum
1856 439 1894 463 ex
1910 439 1999 474 prae-

1258 481 1358 525 cipuis
1378 487 1407 515 et
1433 482 1555 525 magnis
1572 481 1734 523 incideret,
1755 487 1886 526 propter
1909 483 1999 516 cuius

1257 535 1491 569 observantiam
1520 536 1667 580 exequias
1697 535 1861 569 intermitti
1884 535 2000 569 debere

1257 590 1470 623 cardinalibus
1494 590 1654 625 videretur
1662 601 1670 631 ;
1687 590 1747 624 hoc
1771 590 1854 624 enim
1878 600 1951 623 casu
1968 590 2000 623 in

1257 654 1390 677 numero
1415 643 1542 688 quidem
1567 653 1681 678 novem
1709 643 1832 677 dierum
1857 644 2001 688 exequia-

1258 708 1328 730 rum
1365 698 1616 732 intermissarum
1651 697 1718 731 dies
1754 703 1998 742 computantur:

1258 761 1367 783 verum
1392 751 1544 795 impensa,
1564 761 1644 795 quae
1661 751 1692 784 in
1711 751 1836 784 omissis
1859 750 1999 794 exequiis

1258 805 1397 839 facienda
1421 810 1512 846 essct,
1532 805 1565 838 in
1587 815 1743 850 pauperes
1772 804 1887 838 Christi
1913 805 1998 839 iuxta

1258 859 1301 892 Pii
1328 860 1363 892 lx·
1387 859 1646 894 Constitutionem
1676 858 1893 892 distribuenda
1919 864 1966 893 est
1977 857 1996 891 ¹.

1300 914 1366 953 Qua
1383 914 1476 947 etiam
1493 913 1731 954 Constitutione,
1745 918 1778 946 ut
1794 913 1997 958 exequiarum
2032 923 2142 947 immensae
2150 928 2197 945 m.

1258 968 1418 1012 impensis,
1433 978 1513 1011 quae
1537 967 1598 1000 iam
1623 967 1654 1000 in
1678 967 1867 1000 immensum
1891 977 1999 1001 exere·
2013 956 2119 979 ‘mmm'

1257 1028 1375 1063 verant,
1401 1022 1512 1056 modus
1537 1027 1566 1055 et
1590 1022 1661 1054 finis
1685 1021 1799 1066 aliquis
1823 1026 1914 1062 esset,
1930 1031 2000 1055 cau-

1257 1082 1321 1110 tum
1347 1082 1404 1117 est,
1420 1087 1459 1109 ne
1477 1076 1636 1120 impensae
1660 1076 1788 1110 illorum
1805 1085 1919 1110 novem
1936 1075 1999 1109 die-

1257 1141 1327 1164 rum
1346 1130 1454 1164 decem
1471 1130 1659 1164 ducatorum
1679 1130 1813 1163 millium
1831 1139 1998 1170 summam,

1256 1184 1444 1228 computatis
1468 1183 1634 1224 omnibus,
1659 1187 1784 1227 praeter
1808 1182 1927 1225 regalia
1945 1182 2000 1215 Po-

1255 1238 1330 1282 pulo
1355 1239 1496 1271 Romano
1513 1237 1665 1282 praestari
1682 1236 1782 1277 solita,
1803 1236 1999 1276 excederent,

1256 1297 1282 1324 et
1303 1297 1335 1324 ut
1349 1303 1457 1325 earum
1483 1291 1698 1335 impensarum
1719 1290 1900 1323 distributio
1917 1289 1998 1323 iuste

1257 1346 1355 1385 fieret,
1368 1345 1468 1380 tribus
1481 1356 1518 1378 ex
1533 1344 1766 1389 antiquioribus
1777 1342 1998 1384 cardinalibus,

1257 1400 1308 1432 uni
1323 1399 1441 1433 scilicet
1454 1410 1490 1431 cx
1507 1398 1647 1442 quolibet
1665 1397 1786 1438 ordine,
1803 1407 1839 1430 ae
1859 1396 1890 1430 S.
1914 1396 1948 1430 R.
1963 1396 1996 1430 E.

1256 1453 1430 1487 camerario
1447 1452 1616 1487 commissa
1638 1452 1705 1485 suit.

1300 1507 1446 1551 Exequiis
1469 1506 1607 1540 defuncti
1635 1505 1793 1539 Pontificis
1824 1504 1997 1549 completis,
2012 1513 2090 1562 smil
2100 1513 2196 1561 ¹spiffli.

1255 1565 1284 1595 et
1302 1561 1427 1594 interim
1445 1560 1585 1594 conclavi
1602 1563 1780 1604 opportuno
1796 1563 1996 1603 praeparato,
2011 1546 2196 1616 {irctffizgir'pnge-

1255 1615 1430 1648 cardinales
1462 1614 1494 1648 in
1524 1613 1654 1647 basilica
1690 1613 1787 1647 sancti
1821 1612 1922 1654 Petri,
1946 1612 1995 1646 vel

1255 1669 1329 1702 alibi
1354 1680 1412 1713 pro
1438 1668 1590 1713 temporis
1619 1673 1649 1701 et
1672 1667 1734 1701 loci
1759 1667 1996 1712 opportunitate

1255 1723 1454 1763 conveniunt,
1471 1721 1525 1755 ubi
1549 1732 1606 1766 per
1623 1721 1776 1754 decanum
1797 1720 1878 1754 sacri
1903 1720 1997 1754 colle-

1255 1776 1308 1820 gii,
1333 1776 1390 1817 vel,
1411 1786 1448 1809 eo
1472 1774 1642 1819 impedito,
1659 1785 1717 1818 per
1740 1773 1836 1807 alium
1861 1783 1898 1807 ex
1921 1774 1997 1807 anti-

1255 1830 1418 1874 quioribus
1450 1828 1662 1863 cardinalibus
1689 1828 1784 1874 missa
1811 1828 1850 1861 de
1878 1827 1996 1872 Spiritu

1255 1885 1368 1918 Sancto
1391 1883 1579 1924 celebratur,
1597 1887 1627 1916 et
1643 1882 1674 1915 in
1699 1881 1761 1915 fine
1781 1892 1840 1926 per
1859 1882 1996 1926 aliquem

1254 1939 1438 1983 praelatum,
1456 1943 1508 1971 aut
1521 1937 1617 1970 alium
1632 1937 1733 1970 virum
1747 1936 1885 1977 doctum,
1902 1935 1997 1969 habe—

1254 1997 1305 2025 tur
1325 1992 1437 2031 oratio,
1458 1991 1488 2023 in
1511 2001 1573 2035 qua
1597 1995 1777 2031 monentur,
1793 1995 1828 2023 ut
1852 1988 1996 2034 sepositis

1254 2047 1399 2080 omnibus
1423 2045 1553 2090 privatis
1580 2044 1753 2085 affectibus,
1770 2043 1873 2077 solum
1896 2043 1996 2077 Deum

1253 2110 1328 2144 prae
1344 2100 1443 2133 oculis
1459 2099 1621 2139 habentes,
1639 2102 1764 2131 sanetae
1788 2097 1945 2131 Romanae
1966 2101 1996 2130 et

1253 2153 1420 2187 universali
1438 2152 1594 2186 Ecclesiae
1618 2152 1656 2186 de
1681 2152 1810 2185 Pastore
1829 2149 1996 2185 sufficienti

1253 2213 1283 2240 et
1308 2207 1420 2241 idoneo
1444 2206 1633 2251 providere,
1666 2205 1753 2239 omni
1777 2216 1838 2250 qua
1864 2208 1995 2250 possunt

1253 2261 1405 2295 brevitate
1429 2271 1465 2294 ac
1489 2259 1661 2303 diligentia,
1679 2264 1801 2300 curent,
1814 2259 1853 2292 ad
1872 2263 1997 2303 aposto-

1254 2315 1385 2348 licarum
1410 2314 1668 2348 constitutionum
1689 2318 1719 2346 et
1735 2323 1898 2347 sacrorum
1918 2321 1994 2346 con-

1253 2369 1398 2403 ciliorum
1422 2368 1661 2413 praescriptum.

1298 2424 1340 2457 Re
1357 2423 1462 2456 divina
1478 2424 1614 2467 peracta,
1631 2421 1765 2456 clericus
1781 2418 1994 2454 caeremonia-

1253 2488 1323 2510 rum
1348 2476 1430 2521 capit
1454 2486 1581 2510 crucem
1605 2475 1750 2520 papalem
1775 2479 1807 2508 et
1829 2473 1991 2518 procedit,

1252 2541 1346 2574 quam
1371 2529 1545 2563 cardinales
1569 2531 1753 2572 sequuntur,
1771 2527 1909 2571 episcopi
1930 2527 1993 2572 pri-

1252 2594 1349 2624 mum,
1363 2583 1474 2617 deinde
1491 2581 1680 2627 presbyteri,
1691 2587 1852 2625 postremo
1866 2580 1990 2615 diaconi

2007 2448 2116 2470 conclave.

1287 2655 1298 2682 1
1321 2654 1411 2682 Const.
1432 2653 1471 2682 Pii
1490 2654 1539 2688 lv,
1560 2661 1630 2689 quae
1654 2652 1745 2688 plures
1769 2652 1884 2687 citatur,
1905 2655 1945 2680 est
1964 2650 1991 2678 in

1252 2701 1315 2726 tom.
1337 2706 1384 2734 vn,
1400 2706 1460 2734 pag.
1477 2697 1530 2725 230
1544 2701 1570 2726 et
1585 2705 1643 2733 seq.
1660 2698 1699 2732 (n.
1712 2696 1759 2730 ¹12).

2046 2420 2155 2448 tagi-onus
2169 2419 2191 2443 in
2223 2437 2228 2448 ,
