2293 3231
302 296 349 324 Αη,
368 296 396 324 c.
417 297 485 325 16¹2
532 289 597 323 Λ174

301 1265 420 1291 Capitulum
432 1265 486 1286 Mar-

301 1298 348 1313 cum
359 1292 448 1313 siut-um
459 1291 486 1312 ab

304 1320 410 1344 Attaernps
422 1319 441 1338 in
453 1324 486 1338 ar-

302 1345 461 1372 chiepiscopum
468 1350 488 1366 e-

303 1372 355 1398 ligtt.

356 2116 434 2137 Paulus
449 2116 490 2137 cle-

306 2144 398 2164 ctionem
413 2143 490 2164 contir-

306 2173 356 2192 mat.

501 347 650 380 ticieudae
666 374 673 387 ,
699 347 782 381 iuxta
809 347 997 381 concordata
1021 346 1139 379 dudum
1166 348 1246 382 inter

500 400 613 433 Sedciu
641 402 811 444 praelatam
841 405 869 433 et
900 400 1056 433 nationem
1082 401 1246 433 Germani-

500 463 568 485 cam
593 453 677 489 inita,
703 453 861 496 pertinere
885 453 1095 496 dignoscitur)
1119 453 1157 487 ad
1183 454 1246 487 cle-

499 507 634 540 ctionem
661 506 839 539 huiusmodi
858 506 1050 549 procedendi
1068 508 1245 542 facultatem

499 571 534 593 ex
560 560 654 592 certis
672 560 909 593 rationabilibus
927 560 1029 593 causis
1049 572 1106 604 per
1123 567 1246 595 nostras

499 613 556 646 sub
593 614 708 646 annulo
745 613 910 656 piscatoris
935 613 1094 657 expeditas
1127 614 1245 648 litteras

499 676 772 706 concesseramus,
791 676 862 699 cum
881 667 1094 700 concessionis
1111 672 1138 699 et
1170 667 1246 701 litte-

498 730 605 752 rarum
622 719 803 752 earumdem
823 719 930 762 rigore
947 720 1132 763 Wolsaugus
1149 721 1246 754 Theo·
1261 747 1263 750 .

499 771 626 804 doricus
651 772 910 816 archiepiscopus
930 772 1075 815 regimini
1101 777 1129 807 et
1150 774 1246 807 admi-

499 825 673 859 nistrationi
707 822 887 859 huiusmodi
920 827 951 859 in
982 827 1073 860 dietis
1101 828 1245 861 manibus

500 884 610 922 sponte
643 883 671 912 ct
704 879 802 912 libere
834 880 998 920 cessisset,
1027 891 1062 913 ac
1094 881 1246 914 Antonius

499 932 632 965 nuncius
651 933 825 966 cessionem
845 933 943 976 ipsam
961 933 1043 967 dicta
1062 935 1245 968 auctoritaie

499 985 706 1027 admississet,
732 987 864 1019 ecclesia
892 987 1071 1021 huiusmodi
1098 999 1156 1032 per
1179 994 1263 1021 ces-'

498 1039 618 1072 sionem
636 1040 779 1073 eamdem
802 1041 936 1084 pastoris
957 1041 1068 1075 solatio
1088 1041 1246 1083 destituta,

457 1104 464 1110 ⁴*
499 1093 670 1137 capitulum
708 1094 837 1138 praefati
873 1105 932 1138 pro
964 1095 1060 1128 l'uturi
1090 1096 1247 1139 archiepi-

500 1146 585 1190 scopi
607 1146 855 1190 Salisburgensis
873 1147 1025 1181 electione
1048 1149 1246 1190 celebranda,

501 1199 618 1233 vocatis
643 1200 799 1241 omnibus,
817 1201 870 1244 qui
893 1202 1065 1241 voluerant,
1082 1206 1247 1246 potuerant

501 1257 530 1287 et
563 1253 736 1287 debuerant
770 1254 914 1288 electioni
948 1255 1128 1289 huiusmodi
1161 1267 1246 1290 eom-

502 1307 593 1340 mode
616 1307 775 1347 interesse,
792 1308 842 1341 die
859 1308 897 1340 ad
915 1308 1094 1352 eligendum
1117 1310 1246 1353 prefixa,
1263 1303 1265 1311 ⁴

502 1364 535 1395 ut
559 1361 656 1394 moris
680 1366 742 1398 est,
769 1362 989 1396 convenientes
1021 1363 1050 1395 in
1079 1374 1193 1404 unum,
1219 1367 1246 1397 te

502 1418 574 1448 tunc
599 1415 697 1459 ipsius
715 1415 863 1449 ecclesiae
881 1416 1077 1456 canonicum,
1095 1416 1132 1449 de
1150 1416 1246 1449 nobili

488 1474 531 1501 „et
548 1468 698 1502 comitum
716 1480 832 1511 genere
848 1473 1062 1514 procreatum,
1082 1474 1109 1503 et
1129 1470 1159 1502 in
1176 1470 1248 1502 sub-

501 1521 684 1555 diaconatus
706 1522 816 1555 ordine
841 1534 858 1555 a
882 1523 1041 1556 nonnullis
1065 1523 1154 1555 annis
1178 1533 1249 1555 con-

502 1574 655 1616 stitutum,
680 1579 708 1609 et
733 1575 771 1608 ad
797 1575 972 1609 docendum
991 1577 1069 1609 alios
1087 1576 1246 1617 idoneum,

503 1627 534 1660 in
559 1638 669 1661 eorum
696 1632 725 1663 et
750 1629 851 1662 (lictae
875 1630 1025 1663 ccclesiae
1048 1630 1090 1662 sic
1112 1630 1248 1664 vacantis

502 1681 776 1726 arehiepiscopum
795 1683 995 1717 concorditer
1008 1684 1169 1726 elegerunt
1178 1695 1186 1724 ;
1205 1687 1248 1717 tu·
1263 1703 1265 1715 i

502 1746 563 1778 que
588 1736 732 1770 electioni
758 1736 950 1777 huiusmodi,
973 1737 1055 1769 illius
1079 1737 1134 1770 tibi
1161 1748 1248 1780 prae-

502 1792 622 1823 sentato
657 1789 806 1831 decreto,
836 1789 1042 1830 consensisti,
1075 1795 1103 1822 et
1135 1790 1248 1823 deinde

503 1843 664 1876 electionis
677 1843 857 1877 huiusmodi
873 1843 1042 1887 negocium
1055 1844 1188 1888 proponi
1207 1844 1250 1876 fe-

503 1896 570 1930 cisti
598 1897 629 1929 in
653 1897 842 1931 consistorio
870 1907 978 1930 coram
1003 1897 1114 1937 nohis,
1139 1902 1248 1940 petens

503 1949 589 1982 illam
616 1949 699 1983 dieta
725 1950 909 1984 auctoritate
927 1950 1119 1991 confirmari,
1144 1950 1175 1983 in
1200 1950 1248 1982 his

504 2003 650 2036 omnibus
679 2003 799 2037 statutis
823 2015 839 2036 a
865 2003 932 2036 iure
965 2003 1163 2047 temporibus
1191 2003 1248 2036 ob-

505 2057 643 2091 servatis.

549 2110 564 2153 ,ξ
588 2109 618 2142 2.
644 2111 706 2143 Nos
737 2110 833 2153 igitur
865 2110 1051 2143 electionem
1083 2110 1224 2143 eamdem
1241 2138 1265 2156 ,ἵ

504 2174 560 2196 nee
586 2174 647 2196 non
679 2163 879 2197 idoneitatem
905 2169 933 2196 et
959 2163 1069 2196 merita
1095 2174 1248 2207 personae

506 2221 576 2250 tuae
592 2217 770 2250 examinare
784 2217 929 2256 fecimus,
943 2223 970 2249 ct
986 2217 1059 2260 quia
1074 2217 1248 2250 invenimus

506 2270 691 2304 electionem
719 2270 817 2314 ipsam
843 2269 880 2302 de
905 2269 1015 2302 eadem
1043 2273 1177 2313 persona
1196 2273 1248 2303 tua

506 2324 568 2367 (eui
592 2324 674 2368 apud
691 2334 749 2357 nos
765 2324 803 2356 de
821 2323 994 2357 litterarum
1013 2324 1152 2365 seientia,
1169 2324 1248 2357 vitae
1264 2326 1266 2330 “

506 2377 676 2418 munditia,
697 2378 857 2411 honestate
878 2387 1020 2418 morum,
1038 2377 1248 2422 spiritualium
1265 2402 1267 2406 y

507 2430 726 2475 providentia,
752 2435 779 2464 et
805 2430 1027 2475 temporalium
1059 2430 1250 2474 circumspe-

507 2484 618 2524 ctione,
640 2484 770 2528 aliisque
797 2485 946 2518 virtutum
971 2484 1062 2517 donis
1079 2483 1139 2517 side
1156 2485 1250 2528 digna

507 2537 683 2570 testimonia
716 2537 941 2580 perhibentur)
974 2537 1069 2571 fuisse
1101 2538 1249 2571 canonice

508 2589 709 2630 celebratam,
735 2590 819 2622 illam
844 2590 882 2622 de
907 2592 1039 2624 fratrum
1067 2594 1248 2624 nostrorum

509 2642 640 2675 consilio
663 2642 745 2676 dicta
775 2643 958 2677 auctoritate
986 2644 1197 2687 approbamus
1220 2649 1250 2676 et

510 2697 749 2729 confirmamus:
779 2701 870 2739 teque
902 2697 1003 2729 eidem
1036 2697 1185 2730 ecclesiae
1218 2697 1250 2729 in

1081 299 1261 324 anLAan
1285 299 1440 325 nemum!

2035 299 2085 328 An.
2099 298 2128 327 C.
2147 298 2217 329 1⁶12

1279 348 1555 392 archiepiscopum
1579 348 1780 392 praeficimus
1795 352 1823 384 et
1840 354 2000 393 pastorem
2013 359 2020 388 ;

1279 411 1388 433 curam
1413 406 1443 433 et
1479 400 1781 436 administrationem
1806 402 1904 446 ipsius
1926 402 2024 435 eccle-

1279 453 1342 486 siae
1359 453 1606 496 Salisburgensis
1626 454 1680 488 tibi
1706 454 1736 487 in
1761 454 1974 499 spiritualibus
1993 458 2023 488 ct

1280 507 1508 551 temporalibus
1521 507 1662 551 plenarie
1674 508 1909 548 committendo,
1924 508 1954 541 in
1968 507 2022 541 illo

1280 561 1332 604 qui
1355 560 1408 593 dat
1425 564 1455 594 et
1471 561 1588 603 gratias
1605 561 1739 604 largitur
1755 561 1911 605 praemia:
1929 560 2024 595 consi-

1279 614 1397 654 dentes‚
1411 615 1506 658 quod,
1521 614 1676 658 dirigente
1689 615 1824 649 Domino
1836 619 1924 649 actus
1942 619 2022 655 tuos,

1280 668 1428 711 praefata
1445 668 1576 702 eeclesia
1600 668 1848 712 Salishungensis
1871 679 1928 713 per
1952 672 2022 703 tuae

1279 721 1572 765 circumspectionis
1597 721 1801 762 industriam,
1829 725 1860 756 et
1883 721 2022 756 studium

1279 774 1493 815 tructuosum,
1519 780 1647 818 regetur
1671 774 1789 809 utiliter
1813 780 1844 808 et
1867 784 2022 818 prospere

1278 827 1447 871 ‹ling-etum
1473 839 1508 861 ae
1537 834 1625 872 grata
1650 828 1680 861 in
1706 828 1824 861 eisdem
1854 827 2023 871 spirituali-

1279 881 1337 914 bus
1353 886 1382 915 et
1399 882 1625 926 temporalibus
1640 881 1805 926 suscipiat·
1820 881 2021 915 incrementa.

1323 936 1338 979 ἓ
1361 934 1390 968 3.
1413 935 1524 979 Iugum
1548 935 1644 978 igitur
1668 935 1791 969 Domini
1817 935 1877 968 tuis
1893 934 2021 979 imposi-
2083 941 2223 978 eiectumi'm'

1280 993 1345 1022 tum
1374 989 1515 1022 liumeris
1544 991 1691 1033 prompta
1725 987 1892 1022 devotione
1924 987 2023 1022 susci·
2037 975 2228 1032 Rssc‘ixssi'fflmmf.

1279 1043 1378 1086 piens,
1389 1053 1496 1075 curam
1511 1048 1542 1075 et
1555 1042 1856 1077 administrationem
1870 1042 2024 1087 praefatas
2039 1030 2080 1049 “¹¹⁸⁵
2096 1029 2164 1055 '‘⁸³''

1280 1095 1323 1129 sic
1349 1096 1481 1129 sollicite
1505 1106 1607 1139 geras,
1633 1101 1660 1129 et
1687 1096 1821 1130 fideliter
1844 1095 2024 1140 exequaris,
2151 1123 2168 1134 κ

1281 1150 1366 1194 quod
1390 1150 1522 1183 ecelesia
1545 1149 1793 1193 Salisburgensis
1819 1149 2025 1193 gubernatori

1281 1203 1422 1247 provido,
1447 1209 1477 1237 et
1501 1203 1661 1237 fructuoso
1685 1202 1931 1236 administratori
1952 1212 2028 1246 gau-

1280 1257 1351 1290 deat
1369 1268 1400 1290 se
1426 1257 1642 1295 commissam;
1660 1262 1771 1301 tuque,
1788 1261 1913 1301 praeter
1929 1259 2027 1292 aeter-

1281 1321 1338 1344 nae
1364 1311 1581 1344 retributionis
1604 1310 1801 1354 praemium,
1826 1315 1967 1344 nostram
1996 1315 2027 1343 et

1280 1364 1477 1408 Apostolicae
1501 1363 1590 1398 Sedis
1617 1363 1868 1397 benedictionem
1898 1368 1929 1397 et
1958 1373 2027 1407 gra-

1282 1418 1356 1451 tiam
1381 1417 1492 1451 exinde
1513 1417 1642 1450 uberius
1666 1417 1816 1461 consequi
1840 1417 2002 1451 merearis

1325 1471 1436 1504 Datum
1461 1471 1577 1504 Romae
1604 1469 1687 1513 apud
1716 1475 1857 1503 sanctum
1886 1470 2025 1515 Marcum

1281 1535 1362 1558 anno
1387 1523 1612 1558 lncarnationis
1635 1523 1815 1557 Dominicae
1832 1532 1952 1564 uncxit,
1971 1533 2025 1556 xiv

1282 1578 1430 1611 kalendas
1444 1577 1521 1617 iulii,
1535 1576 1734 1621 pontificatus
1747 1575 1846 1609 nostri
1860 1586 1942 1610 anno
1959 1585 2024 1609 vni.

1318 1641 1376 1668 nas.
1397 1641 1451 1675 die,
1473 1648 1576 1674 mense,
1597 1647 1724 1676 annoque
1743 1639 1856 1668 eisdem.

1590 1784 1712 1819 CCVIII.

1281 1854 1454 1898 Episcopos
1467 1854 1688 1899 suffraqaneos
1702 1856 1864 1896 hortatur,
1880 1858 1918 1888 ut
1930 1854 2026 1888 electo

1325 1907 1570 1952 salisburqensi
1600 1909 1785 1954 obsequium
1813 1915 1841 1942 et
1870 1907 2022 1942 obedien-

1326 1962 1408 1995 tiam
1424 1966 1589 2005 praestent
1601 1962 1623 1995 ².

1507 2044 1619 2072 Paulus
1637 2045 1796 2078 episcopus

1474 2105 1580 2126 servus
1597 2105 1752 2126 servorum
1768 2098 1836 2130 Dei,

1281 2160 1507 2189 venerabilibus
1539 2160 1685 2188 fratribus
1709 2160 1861 2188 universis
1886 2159 2028 2195 suffraga-

1317 2205 1382 2233 neis
1407 2205 1556 2233 ecclesiae
1572 2204 1824 2239 salisburgensis,
1845 2205 1977 2232 salutem
1995 2206 2027 2232 et

1318 2249 1517 2284 apostolicam
1535 2249 1787 2277 benedictionem.

1327 2322 1342 2364 ξ
1365 2321 1388 2353 l.
1414 2320 1512 2353 Hodie
1530 2320 1684 2364 siquidem
1701 2319 1885 2352 electionem
1903 2319 1941 2352 de
1957 2329 2026 2364 per·
2081 2330 2214 2362 ξικιιριιοῳ-

1283 2376 1359 2407 sona
1385 2374 1488 2407 anet-ii
1510 2373 1566 2407 filii
1590 2373 1683 2406 Marci
1707 2373 1792 2407 Sitici
1818 2372 1909 2406 eiecti
1933 2359 2184 2411 Salis-{tssl‘ssssh'ss‘
2209 2383 2215 2388 ·

1283 2427 1450 2470 burgensis
1485 2427 1517 2460 in
1560 2427 1833 2470 archiepiscopum
1871 2426 2026 2461 Salisbur-
2040 2412 2146 2433 ‘mum’

1283 2491 1412 2524 gensem
1436 2492 1494 2525 per
1517 2480 1648 2514 dilectos
1673 2479 1754 2513 filios
1779 2479 1951 2524 capitulum
1975 2479 2026 2513 εἴθ

1320 2572 1330 2598 1
1354 2571 1448 2606 Aptius
1467 2572 1574 2606 legeres
1591 2571 1728 2606 suscipiet
1743 2577 1782 2601 (n.
1799 2570 1849 2606 τ.).

1319 2616 1334 2642 2
1355 2615 1392 2643 Ex
1407 2619 1505 2651 regest.
1522 2614 1642 2642 Cancell.
1660 2615 1753 2651 Apost.

1318 2660 1334 2688 3
1354 2660 1399 2687 Vel
1415 2659 1566 2688 coniunctio
1577 2662 1604 2687 ee
1618 2659 1763 2695 redundat,
1776 2659 1818 2687 vel
1833 2659 1936 2695 aliquid
1951 2659 2027 2688 deest

1283 2713 1324 2733 ex.
1341 2713 1367 2740 g.
1389 2705 1540 2733 canonicos
1553 2705 1592 2740 (a.
1610 2705 1658 2740 τ.).
