2293 3231
304 295 378 320 ines,
416 293 480 321 1⁶12
527 285 568 319 2¹0

501 343 568 375 bus¹
584 342 613 375 in
627 342 665 374 de
675 342 788 376 Orniuz
801 348 828 374 et
844 341 1067 383 Mozambiquc,
1079 349 1113 370 ac
1123 338 1236 373 Cosala„

501 405 620 428 necnon
639 395 780 432 ›talin-0³,
797 400 823 425 et
843 393 910 425 aliis
929 392 1097 436 provinciis
1114 396 1141 423 et
1161 390 1237 423 locis

501 454 622 481 erectae
635 445 941 480 administrationcs³.
959 444 1104 477 similiter
1117 443 1239 476 ordina—

502 502 591 538 riam,
618 507 647 532 ut
679 501 864 544 prm-sertmx
889 497 1135 530 iurisdictionem
1164 497 1237 529 inibi

502 554 814 588 habentes.utamur.
841 552 1013 596 potiuntur.
1039 556 1066 582 ct
1092 550 1238 590 gaudent.

502 619 536 640 ae
561 607 616 642 uti,
642 607 733 650 potiri
760 612 785 637 ct
814 605 950 647 gaudere
976 609 1103 647 possunt
1135 609 1161 634 ct
1189 613 1240 646 po-

503 666 604 693 terunt
623 659 857 703 ‹piommlolilwt
882 659 911 689 iu
935 659 1090 690 t'uturum)
1107 656 1240 688 auctori-

503 719 563 745 tate
577 719 604 745 et
625 719 732 744 tenore
747 711 913 755 praedictis
928 710 1073 742 similiter
1087 714 1240 752 perpetuo

503 766 653 807 erigimus
671 771 697 796 et
718 764 918 796 instituimus.

535 820 550 861 ξ
564 819 591 851 7.
604 819 819 852 bec-eruentes.
834 822 1013 860 praesentes
1025 815 1143 848 litteras
1155 815 1240 848 nullo

504 882 639 915 unquam
665 877 816 915 tenqwre,
841 876 868 902 et
894 869 1002 913 quavis·
1026 871 1129 905 causa,
1147 868 1240 901 etiam

503 925 585 969 quod
603 925 781 969 praedictus
799 923 1055 967 :wcliicpiscopus
1069 921 1241 955 Goanensis

503 984 553 1011 aut
584 978 817 1021 qumnmlolibet
851 978 1000 1009 iuteresse
1026 975 1176 1008 liabentes
1203 975 1240 1007 ad

505 1032 561 1065 hoc
580 1031 678 1064 vocati
693 1041 753 1064 non
769 1030 893 1066 suerint,
910 1029 947 1061 dc
965 1027 1177 1072 subreptionis
1195 1029 1240 1061 rel

504 1084 697 1128 obreptionis
713 1094 767 1116 seu
784 1082 934 1117 nullitatis
959 1082 1050 1122 vitio,
1068 1087 1117 1114 aut
1146 1081 1243 1114 inten-

504 1137 596 1170 tionis
625 1141 749 1170 nostrae
781 1137 826 1169 rel
854 1136 1002 1180 quopiam
1032 1135 1093 1167 alio
1119 1134 1241 1167 defectu

504 1191 605 1224 notari
627 1191 674 1223 vel
700 1190 896 1234 impugnari,
914 1195 965 1223 aut
989 1189 1019 1222 in
1041 1189 1088 1222 ius
1108 1189 1153 1221 vel
1172 1199 1243 1222 eon-

505 1244 689 1278 troversiam
709 1244 822 1280 vocari,
840 1254 895 1276 nec
913 1248 1021 1277 contra
1039 1243 1107 1275 illas
1121 1242 1244 1275 restitu-

506 1298 621 1331 tionem
639 1297 669 1330 in
688 1297 855 1339 integrum,
881 1296 1096 1330 reductionem
1123 1295 1161 1328 ad
1186 1300 1244 1328 ter-

507 1352 607 1385 minos
625 1351 712 1391 iuris,
728 1357 779 1384 aut
797 1351 930 1395 quodris
950 1350 1034 1383 aliud
1059 1349 1177 1393 gratiae
1196 1350 1242 1381 vel

507 1405 641 1438 iustitiae
666 1405 839 1438 reim-dium
867 1403 1028 1448 impetrari
1052 1413 1161 1447 posse,
1188 1413 1243 1435 nec

506 1459 642 1499 eausas⁴‚
659 1464 787 1503 propter
804 1468 880 1502 quas
906 1457 1079 1501 praemissa
1096 1467 1242 1490 concessa

507 1514 631 1554 suerint,
657 1512 786 1546 minime
813 1511 980 1552 verificari,
998 1521 1055 1544 nee
1073 1510 1112 1544 ob
1130 1510 1160 1543 id
1176 1510 1246 1543 viri-

506 1569 564 1601 bus
580 1579 698 1606 carere,
719 1567 885 1610 minusque
907 1566 966 1599 sub
982 1565 1145 1609 quibusvis
1162 1564 1246 1597 simi-

507 1621 582 1655 lium
600 1621 647 1654 vel
663 1620 862 1653 dissimilium
886 1619 1060 1663 gratiarum
1076 1619 1246 1652 revocatio-

507 1675 607 1715 nibus,
624 1673 878 1714 limitationibus,
897 1672 1156 1717 suspensionibus
1169 1699 1176 1712 ,
1193 1678 1242 1705 aut

507 1729 575 1762 aliis
599 1727 765 1761 contrariis
789 1726 1059 1771 dispositionibus,
1083 1726 1176 1759 etiam
1201 1726 1246 1758 cis

508 1782 538 1815 in
555 1787 620 1815 toto
638 1782 684 1815 vel
709 1782 738 1814 in
762 1786 850 1825 parte
875 1779 1102 1823 derogantibus
1129 1779 1175 1812 vel
1195 1779 1247 1813 ob-

510 1836 672 1876 viantibus,
686 1835 778 1868 etiam
796 1846 812 1867 a
827 1834 916 1868 nobis
934 1840 961 1867 et
980 1834 1061 1867 dieta
1079 1833 1157 1867 Sede
1173 1843 1248 1877 quo-

510 1888 676 1922 modolibet
696 1899 753 1932 pro
769 1894 910 1932 tempore
933 1887 1100 1928 emanatis,
1120 1887 1248 1919 nullate-

509 1943 593 1976 nus⁵
620 1942 862 1986 comprehendi,
895 1942 948 1975 sed
976 1951 1102 1985 semper
1131 1940 1248 1973 validas

510 2002 539 2030 et
556 1997 594 2029 ab
612 1997 672 2030 illis
691 2007 821 2040 prorsus
838 2001 997 2041 exceptas.
1022 2001 1050 2029 et
1076 1995 1199 2039 quoties
1217 1994 1249 2027 il-

511 2050 557 2083 lae.
574 2050 780 2088 emanabunt,
805 2056 857 2083 aut
879 2050 936 2083 sub
959 2049 1003 2083 eis
1025 2049 1136 2093 quox’is
1155 2048 1248 2082 modo

1081 290 1255 315 nt'Lmnlt'n
1283 290 1435 313 llOMANlIM

1271 348 1374 369 cessas
1391 347 1458 369 esse
1472 342 1500 369 et
1519 337 1655 370 censeri:
1671 343 1710 373 et.
1729 337 1766 369 ad
1784 338 1842 370 hoc
1857 343 1886 370 ut
1904 337 1962 369 sub
1979 336 2010 369 il-

1272 391 1308 423 lis
1333 401 1393 423 non
1422 390 1747 434 comprehendantur.
1775 391 1835 423 rim
1864 390 1955 423 validi
1981 396 2008 423 et

1272 444 1405 476 elliu-acis·
1423 449 1602 476 contractus
1617 443 1697 475 iuter
1715 454 1770 476 nos
1787 449 1813 476 et
1833 443 1947 475 dictam
1962 444 2012 475 Se-

1273 496 1354 531 dem.
1373 507 1406 528 ac
1419 496 1596 540 Philippum
1608 502 1634 527 et
1653 507 1709 539 pro
1727 501 1869 540 tempore
1882 496 2012 529 existen-

1273 556 1334 582 tem
1354 561 1461 589 {we-gem
1484 549 1679 593 praedictum
1704 549 1769 581 initi
1793 555 1820 582 et
1845 550 2011 593 stipulati‘.

1273 608 1300 635 et
1327 603 1412 635 [vinni
1440 608 1581 646 tempore
1608 613 1681 635 suos
1706 603 1862 646 plenarios·
1886 609 1913 635 ct
1940 603 2013 635 iute-

1273 666 1347 698 gros
1365 655 1495 687 ell‘ectus
1512 655 1633 689 sortiri:
1652 654 1758 698 sicque
1776 666 1832 699 per
1848 666 2014 699 quoscum-

1273 719 1334 752 que
1351 708 1469 741 iudices
1487 708 1664 741 ordinarios
1687 713 1714 740 et
1733 708 1902 751 delegatos,
1920 709 2012 741 etiam

1274 772 1440 795 causarum
1466 761 1571 805 palatii
1594 761 1756 805 apostolici
1780 761 1960 801 auditores,
1986 772 2014 794 e-

1275 815 1350 847 tiam
1375 815 1404 847 S.
1429 815 1462 848 n.
1489 815 1520 847 13.
1555 815 1729 847 cardinales
1754 814 1895 851 (sublata
1919 814 1964 847 eis
1985 820 2012 848 et

1275 879 1385 901 eorum
1410 868 1536 901 cuilibet
1562 869 1672 912 qiiavis
1689 868 1780 901 aliter
1805 868 1960 901 iudicandi
1985 873 2013 902 et

1276 921 1501 965 interpretandi
1517 922 1661 954 facultate
1679 927 1707 953 et
1725 921 1926 964 auctoritate)
1940 921 2016 954 iudi-

1275 974 1340 1007 cari
1357 980 1383 1007 et
1403 974 1527 1007 deliniri
1541 975 1666 1015 dehere,
1681 986 1716 1008 ae
1731 975 1855 1007 irritum
1870 980 1898 1007 et
1914 974 2015 1013 inane,

1275 1028 1299 1060 si
1318 1038 1408 1060 secus
1425 1038 1520 1072 super
1540 1028 1587 1060 his
1604 1039 1619 1060 a
1637 1038 1814 1072 quoquam.
1839 1027 1948 1071 quavis
1965 1038 2016 1061 au-

1275 1081 1429 1116 ctoritate,
1442 1082 1577 1115 scienter
1592 1083 1636 1114 rcl
1653 1082 1834 1124 ignoranter
1847 1082 2014 1125 eontigerit

1275 1135 1430 1168 attentari.

1320 1193 1335 1230 ,ξ
1353 1189 1381 1221 8.
1401 1190 1468 1223 Xon
1487 1190 1682 1223 obstantibus
1698 1189 1889 1233 praemissis,
1904 1200 1938 1222 ae
1952 1189 2017 1233 qui-

1276 1243 1382 1275 busvis
1400 1243 1580 1286 apostolicis
1605 1254 1639 1275 ac
1666 1243 1695 1275 in
1722 1242 1966 1286 provincialibus
1987 1248 2016 1275 et

1277 1296 1478 1340 synodalibus
1495 1296 1636 1330 conciliis
1650 1296 1741 1329 editis
1756 1296 1956 1338 generalibus
1970 1297 2016 1329 vet

1277 1350 1466 1394 specialibus
1483 1350 1759 1384 constitutionibus
1774 1356 1800 1383 et
1816 1351 2019 1384 ordinationi-

1277 1406 1346 1446 bus,
1360 1415 1481 1438 necnon
1496 1405 1596 1438 dietae
1611 1405 1760 1438 ecclesiae
1774 1406 1897 1439 Goanae
1907 1405 2017 1447 tetiam

1278 1460 1472 1497 iuramento,
1495 1459 1734 1492 eonlirimitione
1757 1459 1944 1502 apostoliea,
1971 1458 2019 1492 vel

1279 1513 1387 1556 quavis
1411 1512 1560 1546 lirmitate
1577 1512 1636 1545 alia
1661 1512 1831 1554 roboratis)
1849 1511 1973 1545 statutis
1990 1517 2019 1545 et

1279 1566 1569 1606 consuetudinibus,
1585 1577 1620 1599 ae
1645 1566 1836 1603 fundatione.
1862 1566 2019 1600 erectione

1280 1625 1308 1653 et
1326 1620 1531 1657 institutione,
1549 1619 1722 1663 privilegiis
1738 1630 1874 1664 quoque,
1891 1619 2020 1653 indultis

1280 1679 1307 1706 et
1327 1673 1439 1706 litteris
1456 1673 1637 1717 apostolicis
1654 1673 1756 1706 eidem
1777 1673 1927 1706 eeclesiae
1945 1674 2021 1708 Goa-

1280 1738 1348 1767 nae,
1371 1732 1398 1759 et
1426 1727 1508 1760 illius
1528 1727 1670 1771 «praesuli
1695 1738 1752 1771 pro
1778 1733 1919 1771 tempore
1945 1728 2021 1761 exis-

1281 1781 1374 1819 tenti,
1399 1791 1434 1814 ac
1459 1781 1626 1824 praedictis
1649 1781 1785 1825 capitulo
1808 1786 1835 1814 et
1858 1781 2021 1825 quibusvis

1281 1834 1349 1867 aliis
1378 1834 1538 1879 personis,
1556 1834 1615 1867 sub
1631 1834 1884 1878 ‹plibuseumque
1910 1835 2023 1869 tenori-

1281 1888 1340 1921 bus
1357 1893 1384 1921 et
1404 1887 1524 1927 formis,
1543 1898 1577 1921 ac
1595 1899 1667 1920 eum
1685 1887 1847 1932 quibusvis
1865 1887 1958 1921 etiam
1973 1888 2022 1922 dc-

1282 1941 1514 1984 rogatoriarum
1532 1940 1751 1984 derogatoriis‚
1769 1940 1900 1984 aliisque
1923 1942 2023 1974 ell‘iea-

1283 1994 1421 2028 eioribus
1438 2000 1465 2027 et
1485 1994 1618 2027 insolitis
1640 1994 1798 2028 clausulis.
1815 2005 1850 2027 ac
1876 1994 2023 2027 irritanti-

1283 2049 1341 2081 bus
1355 2053 1382 2080 et
1397 2048 1465 2081 aliis
1479 2047 1623 2085 decretis,
1639 2047 1668 2080 in
1683 2057 1798 2090 genere
1809 2048 1855 2080 rel
1869 2047 1899 2080 in
1909 2048 2022 2091 specie,

511 2104 735 2148 comprehendi
761 2104 957 2144 riderentur,
980 2103 1071 2137 toties
1095 2103 1125 2135 in
1148 2103 1250 2147 pristi-
1284 2102 1378 2134 etiam
1395 2106 1482 2135 motu
1500 2100 1644 2145 proprio.
1668 2106 1695 2133 ct
1715 2112 1750 2132 ex
1777 2103 1861 2134 certa
1884 2101 2023 2141 seientia,

512 2167 586 2190 num
605 2163 632 2189 et
651 2168 734 2198 eum,
753 2158 782 2190 in
799 2168 870 2202 quo,
889 2162 1057 2201 antequam
1081 2157 1150 2190 illae
1168 2167 1250 2189 ema-

513 2216 647 2251 nassent,
665 2217 762 2251 erant,
780 2217 894 2244 statum
913 2212 1082 2251 restitutas,
1097 2210 1249 2254 repositas

512 2270 541 2297 et
558 2265 696 2310 plenarie
719 2265 935 2309 reintegratus,
959 2277 994 2299 ae
1019 2265 1057 2298 de
1081 2274 1162 2298 novo
1179 2274 1250 2297 con-

549 2347 557 2372 1
583 2345 667 2372 Etiam
684 2344 736 2377 hic,
748 2345 818 2372 sicut
832 2353 916 2380 supra
931 2345 964 2372 ad
981 2353 1041 2380 pag.
1056 2345 1088 2372 12
1099 2345 1125 2377 b,
1137 2344 1250 2380 legimus

511 2390 615 2425 quibus
631 2398 677 2426 pro
692 2391 743 2425 qui
757 2391 795 2425 (a,
807 2392 854 2422 τ.).

546 2435 562 2461 2
581 2434 667 2470 Supra
681 2435 713 2461 ad
731 2442 792 2470 pag.
813 2434 842 2462 12
859 2435 873 2461 b
889 2434 914 2462 in
931 2434 989 2462 loco
1005 2434 1131 2470 parallelo
1152 2434 1251 2469 legitur

513 2479 624 2506 Malaca
642 2485 666 2513 pn
689 2480 736 2511 τ.).

547 2522 563 2549 3
579 2521 615 2549 Ex
636 2522 694 2549 loco
710 2522 837 2557 parallelo
860 2531 920 2559 pag.
941 2522 975 2549 1⁶2
999 2523 1014 2549 b
1034 2521 1186 2550 addendum
1209 2522 1251 2549 liic

513 2570 568 2594 est:
591 2569 617 2594 et
632 2567 752 2595 illarum
766 2575 818 2601 pro
835 2570 960 2602 tempore
974 2567 1105 2602 deputati
1123 2568 1249 2595 admini-

513 2613 649 2638 stratores
664 2616 701 2643 (τι.
717 2611 763 2645 τ-).

552 2656 567 2681 4
587 2655 704 2682 Eri-once
719 2655 782 2682 edit.
800 2655 876 2682 Maia.
895 2657 959 2691 tegit
973 2665 1074 2684 causae
1093 2662 1132 2691 (ιι.
1150 2658 1196 2689 τ.ζ.

552 2702 567 2728 5
588 2700 730 2729 Videre-tur
749 2701 891 2739 legendum
914 2703 1054 2732 ullatenus
1069 2708 1105 2738 (n.
1119 2704 1154 2737 τ).

1284 2168 1318 2188 ae
1342 2155 1380 2188 de
1407 2154 1598 2199 apostolicae
1623 2154 1784 2198 potestatis
1814 2154 2023 2198 plenitudino,

1284 2220 1318 2242 ae
1337 2209 1429 2242 etiam
1448 2208 1718 2248 consistorialiter,
1737 2208 1782 2240 rel
1804 2208 1890 2249 alias,
1907 2207 1938 2241 in
1954 2218 2025 2242 con-

1285 2264 1416 2297 trarium
1432 2263 1678 2307 praemissorum
1701 2262 1937 2306 quomodolibet
1955 2273 2025 2296 con-

1285 2318 1391 2358 cessis,
1401 2317 1595 2351 contirmatis
1609 2322 1637 2349 et
1652 2316 1814 2350 innox-atis.
1829 2315 1947 2355 Quibus
1961 2326 2025 2349 om-

1284 2373 1377 2405 nibus
1394 2376 1420 2403 ct
1444 2370 1587 2412 singulis,
1605 2369 1725 2402 etiamsi
1745 2380 1801 2413 pro
1819 2369 1944 2402 illorum
1966 2369 2025 2402 sus-

1286 2425 1402 2459 ticienti
1414 2424 1617 2465 derogatione
1630 2423 1705 2455 alias
1719 2422 2024 2466 ‹leillis‚eor11nique

1286 2479 1358 2512 totis
1376 2477 1537 2511 tenoribus
1551 2475 2025 2520 specialis,spe‹·itiea,exp1·essa

1286 2538 1315 2565 et
1337 2531 1505 2567 individua,
1520 2540 1555 2562 ac.
1569 2529 1607 2561 de
1624 2529 1719 2561 verbo
1735 2528 1773 2560 ad
1791 2529 1933 2569 verbum,
1947 2528 2024 2562 nihil

1286 2585 1410 2630 penitus
1437 2583 1572 2621 omisso,
1595 2588 1625 2615 et
1654 2583 1753 2615 l'oruni
1779 2582 1807 2615 iu
1836 2582 1895 2614 illis
1912 2582 2025 2616 tradita

1326 2703 1332 2728 t
1357 2699 1530 2736 Subintellige
1546 2700 1651 2729 habere
1665 2700 1706 2734 (n.
1722 2700 1770 2733 iu).

2027 288 2075 314 Αη,
2090 287 2117 312 (ἶ.
2143 288 2209 315 ¹812

2101 1198 2215 1229 Derogatio

2032 1228 2194 1247 contrat-iurum.
