2293 3231
288 284 337 310 Αη.
360 284 390 310 c.
411 283 476 310 miz
528 273 585 308 1:36

488 341 687 376 quacumque
712 332 845 368 summa,
866 330 930 363 sive
955 329 1047 363 suerit
1072 340 1230 374 expressa,

489 386 553 418 sive
571 395 644 425 non,
660 384 789 429 recipiat
805 383 948 416 notarius
962 392 1024 417 non
1041 383 1122 416 ultra
1139 383 1233 417 iulios
1264 383 1326 416 mis
1340 383 1476 424 casibus,
1492 383 1552 417 nisi
1576 389 1682 417 essent
1700 384 1912 418 haereditates
1931 385 2009 418 mul-

513 443 635 471 uatuor.

489 450 510 483 q
535 491 585 524 16.
611 491 672 524 Pro
686 489 907 523 instrumentis
923 489 1058 534 publicis
1075 489 1234 523 investitu-

490 555 554 584 rae,
577 554 631 577 seu
655 543 832 587 adeptionis
856 543 1074 587 possessionis,
1089 543 1155 576 sive
1178 543 1234 576 im-

491 597 648 630 missionis
673 596 704 629 in
730 596 835 636 illam,
861 596 992 641 recipiat
1015 597 1158 630 notarius
1181 597 1234 631 bo-

491 660 632 684 nonenos
657 649 906 694 nigintaseptem
927 661 999 684 cum
1025 649 1165 685 dimidio.

537 702 587 736 17.
614 702 675 736 Pro
708 702 814 746 rogitu
839 702 1043 736 investiturae
1074 703 1106 736 in
1138 702 1232 745 Urbe,

490 756 603 790 habeat
626 756 768 790 notarius
792 756 885 790 iulios
909 761 985 798 tres,
996 763 1084 791 extra
1109 758 1233 791 moenia

492 809 595 850 Urbis,
611 813 641 844 et
665 809 747 842 infra
771 809 834 844 duo
859 809 1016 851 milliaria,
1037 810 1130 844 iulios
1146 810 1234 855 quin-

490 874 561 907 que,
579 868 609 896 et
625 863 737 898 habeat
757 874 873 907 equum
891 863 930 896 ad
946 863 1161 907 equitandum.

536 915 586 949 218.
606 916 639 950 Si
664 926 740 950 vero
769 917 851 950 ultra
879 916 961 950 dicta
983 917 1046 950 duo
1070 916 1233 958 milliaria,

491 969 706 1003 liabeatiulios
722 975 842 1014 septem
855 980 927 1003 cum
944 969 1075 1003 dimidio
1092 969 1234 1014 quolibet

491 1022 552 1063 die,
569 1023 652 1056 ultra
669 1032 820 1067 expensas
837 1022 948 1063 victus,
964 1027 995 1056 et
1011 1027 1166 1055 vecturas.

537 1075 588 1108 19.
619 1075 680 1109 Pro
711 1075 928 1109 instrumentis
959 1085 1234 1120 quorumcumque

492 1139 714 1170 consensuum,
739 1128 994 1170 ratific-ationum,
1017 1128 1233 1162 accessionum

492 1187 523 1215 et
535 1182 697 1223 similium,
710 1182 863 1227 separatis
876 1192 894 1215 a
909 1182 1013 1227 primo
1030 1182 1234 1223 inti-umento,

492 1235 722 1280 cuiuscumque
751 1235 813 1270 sint
842 1246 985 1269 summae
1007 1239 1038 1270 et
1062 1235 1234 1279 qualitatis,

491 1289 677 1324 bononenos
695 1289 943 1334 trigintaseptcm
960 1300 1033 1323 eum
1047 1288 1189 1324 dimidio.

536 1343 588 1377 20.
614 1344 676 1378 Pro
693 1344 902 1378 instrumento
919 1343 1102 1378 cassationis
1118 1344 1236 1387 obliga-

494 1398 596 1440 tionis,
621 1398 752 1442 recipiat
775 1398 927 1439 notarius,
946 1402 1041 1443 prout
1064 1398 1095 1431 in
1120 1399 1236 1442 quieta-

493 1451 632 1486 tionibus
648 1457 693 1485 est
715 1451 912 1496 dispositum,
922 1457 952 1485 et
968 1463 1027 1497 pro
1044 1452 1235 1496 quietatione

494 1510 525 1540 et
546 1505 721 1540 cassatione
744 1515 808 1540 uno
831 1509 977 1541 contextu
994 1505 1085 1547 sacta,
1102 1506 1236 1540 sufficiat

493 1559 585 1593 unica
601 1559 726 1594 solutio.

538 1612 590 1646 21.
615 1612 677 1647 Pro
690 1612 908 1646 instrumentis
917 1611 1081 1646 locationis
1093 1622 1111 1646 a
1126 1612 1237 1647 decem

493 1666 583 1700 annis
606 1666 696 1707 citra,
716 1676 779 1699 non
803 1665 982 1700 excedentis
1004 1676 1141 1699 annuam
1166 1677 1238 1711 pen-

495 1719 616 1753 sionem
635 1729 691 1753 seu
705 1720 843 1754 affictum
855 1724 1017 1753 scutorum
1035 1725 1172 1761 centum,
1185 1720 1238 1755 bo-

494 1783 637 1807 nonenos
661 1773 911 1817 trigintascptem
930 1783 1003 1807 cum
1019 1772 1160 1814 dimidi03

538 1826 590 1860 22.
615 1827 640 1860 A
665 1831 793 1860 centum
817 1836 918 1870 usquc
941 1826 981 1860 ad
1003 1836 1236 1872 quamcumque

495 1890 661 1921 summam,
679 1879 773 1913 iulios
789 1883 907 1924 septem
921 1891 993 1913 cum
1010 1879 1150 1914 dimidio:

537 1933 590 1968 23.
616 1934 654 1968 Et
677 1933 703 1967 si
727 1943 823 1978 supra
839 1932 1038 1974 decennium,
1063 1932 1236 1967 dummodo

494 1998 557 2022 non
581 1987 675 2021 suerit
699 1992 880 2021 contractus
908 1987 1163 2031 cmphitcuficus,
1188 1987 1236 2020 vel

495 2051 531 2074 ex
555 2041 625 2074 aliis
641 2040 830 2086 supradictis
849 2040 1018 2085 expressis,
1037 2040 1169 2084 recipiat
1184 2050 1238 2073 no-

495 2094 594 2128 tarius
610 2094 734 2128 tertiam
751 2099 874 2139 partem
899 2094 1054 2128 mercedis
1070 2104 1236 2138 expressae

496 2148 526 2181 in
549 2148 655 2192 primo
679 2147 787 2191 capite.

540 2201 592 2235 24.
619 2202 679 2236 Pro
694 2201 904 2235 instrumento
926 2200 1050 2242 tutelae,
1067 2200 1114 2234 vel
1131 2211 1237 2241 curae,

496 2267 568 2290 cum
586 2255 761 2289 inventario
778 2254 914 2296 tutelari,
926 2254 1018 2288 iulios
1030 2260 1150 2299 septem
1164 2265 1236 2288 cum

495 2309 635 2343 dimidio.

539 2362 591 2396 25.
607 2363 668 2396 Pro
681 2362 890 2395 instrumento
901 2360 1048 2402 actoriae,
1059 2360 1151 2395 iulios
1163 2366 1235 2394 tres.

540 2416 592 2450 26.
619 2415 680 2450 Pro
704 2415 913 2449 instrumento
932 2413 1080 2448 aditionis
1099 2414 1239 2447 haeredi-

497 2468 568 2502 tatis
596 2479 668 2503 cum
692 2468 867 2502 inventario
891 2467 1041 2508 solemni,
1065 2478 1101 2501 ac
1132 2467 1239 2501 banni-

498 2527 604 2555 mcnto
630 2526 660 2555 et
683 2522 796 2563 edicto,
812 2521 926 2556 habeat
950 2521 1133 2566 principalis
1153 2526 1240 2556 nota-

498 2574 563 2608 rius
580 2580 704 2608 scutum
721 2585 829 2615 unum;

542 2628 594 2661 27.
620 2628 742 2672 Reliqui
755 2627 870 2662 notarii
879 2637 913 2661 se
921 2627 1166 2669 subscribentes,
1179 2638 1238 2672 pro

498 2681 649 2727 quolibet,
665 2681 850 2716 bononenos
866 2681 993 2715 decem:

1071 282 1249 306 mtmntt'st
1275 281 1428 307 nonnum!

1259 1451 1383 1484 'mentis
1399 1450 1494 1495 pacis,

1310 329 1362 363 28.
1387 329 1425 363 Et
1436 330 1480 363 ita
1487 336 1630 364 servetur
1641 331 1672 364 in
1682 331 1731 364 liis
1746 330 1872 365 duobus
1888 335 2008 376 postre-

1266 443 1333 471 tum
1357 438 1535 482 opulentae,
1550 447 1614 481 quo
1637 448 1712 471 casu
1735 437 1774 471 de
1798 437 2008 473 instrumento

1267 490 1391 523 tutelari
1408 500 1481 524 oum
1498 490 1673 524 inventario
1695 495 1726 523 et
1737 489 1777 524 de
1797 490 2007 525 instrumento

1266 543 1413 577 aditionis
1444 543 1648 576 haereditatis
1671 543 1742 587 plus
1766 543 1903 588 recipiat
1923 548 2008 577 nota-

1267 596 1334 630 rius
1349 596 1482 630 arbitrio
1497 595 1617 630 domini
1633 595 1797 630 senatoris.

1311 650 1364 683 29.
1397 650 1458 684 Pro
1490 650 1597 693 rogitu
1629 649 1831 683 instrumenti
1861 649 2008 684 aditionis

1266 703 1469 737 haereditatis
1485 713 1559 736 cum
1572 702 1677 736 edicto
1692 708 1724 736 et
1741 702 1956 745 bannimento,
1971 713 2009 738 ac

1268 756 1394 790 illorum
1411 756 1635 800 reportatione‚
1655 755 1748 789 iulios
1762 761 1909 800 quatuor;

1311 809 1362 843 30.
1395 810 1518 854 Reliqui
1549 809 1663 844 notarii
1693 819 1726 842 se
1757 809 2008 852 subscribentes,

1267 862 1451 897 bononenos
1475 863 1614 907 quinque
1637 873 1696 908 pro
1719 862 1869 907 quotibet.

1311 915 1363 950 311.
1389 915 1450 950 Pro
1477 916 1696 950 instrumentis
1724 915 1945 950 mandatorum
1969 916 2009 950 ad

1267 969 1348 1010 lites,
1360 969 1545 1003 bononenos
1561 969 1756 1014 quindeciim
1775 968 1814 1002 ad
1837 979 2009 1014 quaecum-

1267 1032 1329 1066 que
1345 1022 1488 1066 negocia,
1501 1032 1557 1063 seu
1568 1022 1607 1055 ad
1620 1021 1810 1066 exigendum
1825 1027 1856 1055 et
1871 1021 2010 1066 quietan-

1267 1075 1342 1109 dum
1360 1086 1434 1109 curu
1450 1085 1649 1120 quacumque
1660 1075 1813 1116 clausula,
1828 1075 1922 1109 iulios
1934 1079 2007 1109 tres.

1311 1127 1364 1162 32.
1390 1128 1450 1162 Pro
1475 1127 1693 1162 instrumentis
1709 1127 1931 1170 fideiussionis,
1943 1127 2010 1162 sive

1268 1181 1498 1222 ratificationis,
1507 1181 1572 1215 sive
1580 1181 1913 1225 recognitionisbonae
1925 1180 2009 1223 fidei,

1269 1234 1525 1276 subliastationis,
1548 1240 1581 1269 et
1603 1235 1672 1269 aliis
1687 1235 1846 1269 similibus
1858 1235 2010 1280 separatis

1268 1299 1286 1322 a
1296 1288 1402 1333 primo
1415 1288 1636 1330 instrumento,
1650 1288 1781 1334 recipiat
1798 1289 1941 1323 notarius
1957 1288 2010 1322 bo-

1269 1352 1412 1376 nonenos
1427 1343 1679 1388 trigintaseptem
1695 1354 1768 1377 cum
1784 1343 1925 1377 dimidio.

1312 1396 1365 1431 33.
1390 1397 1429 1432 Et
1451 1396 1529 1431 illud
1553 1397 1636 1431 idem
1652 1398 1792 1432 solvatur
1815 1408 1874 1442 pro
1898 1398 2011 1433 instru-

1312 1504 1365 1538 34.
1379 1505 1440 1538 Pro
1454 1504 1665 1539 instrumento
1683 1504 1902 1540 insinuationis
1917 1505 2011 1540 dona-

1269 1558 1373 1600 tionis,
1390 1558 1415 1591 si
1431 1558 1497 1591 sine
1516 1559 1687 1592 insertione
1708 1558 1886 1593 donationis
1905 1559 2010 1601 suerit,

1269 1613 1453 1654 bononcnos
1478 1612 1728 1657 trigintaseptem
1757 1623 1829 1646 cum
1859 1613 2010 1655 dimidio,

1270 1667 1295 1700 si
1321 1677 1396 1707 vcro
1420 1676 1492 1700 cum
1518 1666 1689 1700 insertione
1710 1667 1792 1700 ultra
1808 1667 2010 1712 scripturam,

1270 1720 1362 1754 iulios
1375 1726 1496 1766 septem
1508 1731 1581 1755 eum
1596 1719 1738 1754 dimidio.

1312 1773 1366 1808 35.
1380 1774 1440 1808 Pro
1453 1774 1558 1818 rogita
1574 1773 1757 1808 cassationis
1772 1778 1805 1808 ct
1822 1773 2011 1818 quietantiae

1269 1838 1543 1872 quarumcumque
1556 1827 1796 1871 obligationum,
1810 1827 2012 1872 reeipiat‚no·

1270 1882 1369 1915 tarius
1385 1892 1403 1914 a
1416 1881 1668 1926 vigintiquinque
1677 1881 1768 1922 infra,
1776 1881 1889 1914 iulium
1900 1891 2009 1923 unum;

1313 1934 1365 1968 36.
1391 1935 1414 1967 Α
1424 1934 1675 1978 vigintiquinque
1690 1945 1790 1978 usque
1805 1934 1843 1968 ad
1861 1934 2011 1979 quinqua-

1269 1989 1367 2033 ginta,
1387 1988 1480 2022 iulios
1495 1988 1585 2029 duos;

1314 2042 1366 2076 37.
1392 2043 1415 2076 Α
1440 2041 1668 2086 quinquaginta
1687 2052 1788 2086 usque
1810 2041 1850 2076 ad
1872 2046 2010 2083 centum,

1271 2095 1364 2130 iulios
1380 2099 1444 2131 tres
1455 2106 1463 2135 ·‚

1313 2147 1366 2182 38.
1392 2148 1466 2182 Inde
1489 2159 1589 2193 usque
1613 2148 1652 2181 ad
1674 2158 1908 2193 quamcumque
1928 2159 2011 2182 sum-

1271 2210 1372 2242 mam,
1400 2199 1512 2234 iulium
1540 2209 1639 2233 unum
1663 2209 1722 2244 pro
1744 2199 1888 2243 quolibet
1910 2203 2011 2233 cente-

1271 2255 1371 2295 nario,
1395 2252 1569 2288 dummodo
1598 2253 1630 2286 in
1661 2257 1761 2287 totum
1792 2262 1855 2286 non
1882 2253 2011 2288 excedat

1271 2318 1428 2343 summam
1443 2307 1593 2341 iuliorum
1609 2307 1729 2340 decem.

1315 2361 1367 2396 39.
1392 2361 1452 2394 Pro
1483 2359 1638 2403 rogitibus
1666 2369 1944 2403 quommcumque
1967 2359 2011 2393 in-

1271 2419 1532 2454 strumentorum,
1557 2413 1622 2446 sive
1645 2411 1849 2453 iudicialium,
1873 2411 1940 2445 sive
1962 2422 2011 2446 ex-

1271 2467 1530 2507 traiudicialium,
1556 2465 1588 2498 in
1610 2464 1726 2510 quihus
1749 2474 1805 2508 per
1829 2464 2010 2498 huiusmodi

1272 2524 1374 2555 taxant
1391 2529 1454 2553 non
1473 2522 1555 2552 esset
1566 2517 1764 2562 dispositum,
1781 2517 1911 2561 recipiat
1926 2522 2011 2552 nota-

1272 2573 1348 2613 rius,
1364 2576 1459 2616 prout
1477 2582 1495 2604 a
1510 2570 1652 2615 partibus
1668 2570 1926 2605 contrahentibus
1941 2569 2009 2604 dari

1272 2625 1435 2670 placuerit,
1459 2634 1593 2668 quarum
1617 2623 1762 2658 absoluto
1785 2623 1917 2658 arbitrio
1933 2623 2009 2657 stari

1272 2678 1392 2713 debeat.
