2293 3231
136 296 187 324 An.
204 295 232 323 C.
253 294 320 323 1617

205 1046 323 1068 Praesenti-

139 1074 177 1095 bus
206 1073 322 1100 processio-

138 1101 200 1121 nibus
223 1100 258 1121 hie
286 1099 323 1119 de-

138 1127 223 1153 scriptis
255 1126 323 1147 indul-

139 1154 221 1179 flentias
248 1152 323 1178 elargi-

139 1182 178 1205 tur,
206 1179 324 1200 observatis

139 1212 194 1232 quae
220 1206 322 1231 praeseri·

139 1233 223 1254 buntur.

970 293 1088 317 PAULUS

334 342 389 382 les,
407 345 470 374 tam
488 341 518 373 in
537 340 618 373 alm-‘l
643 341 725 374 Urbe
750 341 856 373 nostra
883 350 976 383 quam
1001 340 1073 373 alibi

334 395 452 440 ubique
484 396 625 427 locorum
657 395 863 435 constitutos,
889 395 1074 427 auctoritate

334 448 505 492 apostolica
531 453 677 492 paterne,
702 448 853 491 enixeque
875 447 1075 490 requirimus,

336 511 517 542 monemus,
543 507 573 534 et
597 502 627 534 in
654 501 786 535 Domino
810 500 1014 534 adhortamur
1039 500 1074 531 ad

336 555 535 599 infrascripta
556 554 667 587 devote
691 553 907 598 peragendum
933 558 959 585 et
983 553 1076 586 adim-

337 608 496 652 plendum,
521 613 547 641 et
575 608 613 640 ad
638 608 705 652 pias
730 618 765 640 ae
782 606 915 639 lcrvidas
934 606 971 638 ad
988 606 1077 639 Altis-

337 662 450 694 simum
464 671 574 704 preces
589 661 823 697 ell'unt‘lerulum,
837 665 870 692 ut
887 670 943 703 per
960 659 1076 692 viscera

338 714 573 747 misericordiae
598 724 671 746 suae
697 713 868 746 Ecclesiam
892 723 980 745 suam
999 713 1078 745 exal-

338 773 425 808 tare‚
450 778 581 811 eamque
614 767 652 799 ab
685 767 822 800 bostium
854 766 1016 799 conatibus
1049 770 1078 798 et

339 820 458 854 insidiis
491 820 678 860 defendere,
711 819 867 852 baeresim
900 818 1077 862 extirpare,

338 873 534 917 principibus
565 872 743 906 christianis
773 882 881 916 pacem
912 877 941 904 et
973 881 1078 904 veram

339 926 540 959 concordiam
566 926 698 966 donare,
724 936 759 958 ae
784 924 1001 969 praesentibus
1021 924 1077 957 Ee-

339 980 451 1013 clesiae
474 979 710 1013 necessitatibus
735 978 900 1012 subvenire
921 978 1076 1021 dignetur.

382 1034 397 1076 ἓ
421 1033 450 1066 2.
476 1033 537 1066 Nos
555 1033 637 1066 enim
658 1032 696 1065 de
713 1032 937 1076 omnipotentis
954 1031 1007 1064 Dei
1025 1031 1078 1063 mi-

339 1086 510 1120 sericordia
528 1097 563 1119 ae
581 1086 746 1119 beatorum
764 1086 848 1119 Petri
862 1090 891 1120 et
904 1086 990 1119 Pauli
1007 1095 1079 1129 apo-

339 1140 492 1173 stolorum
516 1139 584 1173 eius
602 1140 785 1173 auctoritate
811 1139 938 1181 confisi,
964 1149 1000 1171 ex
1026 1138 1077 1170 illa

338 1193 461 1235 leg-andi
493 1198 586 1237 atque
620 1193 758 1226 solvendi
784 1197 959 1237 potestate,
984 1202 1077 1235 quam

338 1246 428 1280 nobis
452 1247 613 1287 Dominus,
638 1246 758 1279 meritis
783 1246 852 1278 licet
872 1245 1000 1278 minime
1015 1245 1077 1278 suf-

338 1301 543 1343 t'ragantibuS,
562 1300 709 1341 contulit,
730 1300 884 1333 universis
901 1303 929 1333 et
946 1299 1078 1341 singulis

339 1353 596 1387 christifidelibus
629 1354 659 1386 in
691 1354 772 1386 alma
807 1353 889 1387 Urbe
919 1353 1077 1397 praedicta

338 1408 533 1451 degentibus,
543 1409 595 1451 qui
607 1408 801 1441 solemnibus
813 1407 1078 1452 processionibus,

338 1472 415 1505 quas
439 1472 456 1494 a
481 1462 621 1505 cappella
646 1463 752 1494 nostra
778 1461 903 1505 publica
926 1461 1031 1504 palatii
1052 1472 1080 1493 a—

339 1516 483 1559 postolici
508 1516 546 1548 ad
572 1516 738 1549 ecclesiam
763 1515 859 1549 sancti
878 1515 960 1547 Petri
979 1515 1007 1547 in
1028 1515 1080 1547 Va-

340 1570 441 1603 ticano
466 1569 542 1602 feria
560 1570 684 1613 quarta,
698 1575 725 1602 et
752 1568 789 1601 ab
808 1569 938 1601 ecclesia
957 1574 1079 1601 sanetae

339 1623 453 1657 Mariae
478 1624 670 1667 Angelorum
700 1623 738 1655 ad
767 1623 930 1656 ecclesiam
957 1628 1080 1655 sanctae

340 1676 453 1710 Mariae
477 1677 602 1710 Maioris
620 1676 697 1709 feria
715 1678 799 1710 sexta
817 1676 991 1720 praesentis
1010 1676 1081 1709 lieb-

339 1729 501 1769 domadae,
515 1731 576 1763 una
594 1740 665 1763 cum
684 1730 915 1762 venerabilibus
931 1729 1081 1762 fratribus

339 1783 455 1816 nostris
475 1783 504 1817 S.
529 1784 563 1816 R.
590 1783 622 1816 E.
646 1782 865 1823 cardinalibus,
895 1783 1080 1815 christiano-

341 1847 474 1881 rumque
498 1847 610 1881 regum
629 1842 658 1869 et
682 1837 862 1881 principum
880 1836 962 1880 apud
978 1847 1035 1869 nos
1052 1843 1079 1869 et

341 1890 452 1924 Sedem
477 1891 688 1935 Apostolicam
713 1890 904 1929 oratoribus,
923 1889 1081 1923 omnibus-

342 1956 402 1989 que
426 1938 574 1989 praelatis
599 1949 624 1977 et
653 1944 849 1988 proceribus,
870 1943 1099 1992 universoquek

342 1999 427 2032 clero
452 2004 482 2031 et
504 1999 621 2042 populo
646 2008 787 2041 agemus,
809 1997 1019 2037 interfuerint,
1034 1997 1080 2030 vel

342 2053 394 2096 qui
419 2052 586 2096 praesenti,
612 2056 645 2084 ut
668 2052 856 2095 praefertur,
874 2051 922 2084 vel
940 2051 1080 2095 sequenti

344 2105 538 2139 bebdomada
557 2105 681 2137 easdem
697 2104 794 2138 sancti
812 2105 894 2137 Petri
912 2108 941 2138 et
958 2109 1081 2137 sanctae

343 2160 456 2193 Mariae
481 2159 605 2192 Maioris
630 2159 794 2199 ecclesias,
819 2159 865 2191 vel
893 2158 1017 2192 illarum
1043 2160 1083 2191 al-

344 2219 442 2246 teram
469 2212 565 2245 semel
585 2211 775 2244 visitaverint
791 2239 798 2251 ,
824 2211 929 2255 ibique
954 2211 1081 2251 derote,

343 2272 376 2299 ut
394 2276 499 2310 supra,
517 2266 613 2298 Deum
636 2265 806 2305 oraverint,
824 2275 859 2297 ae
877 2264 952 2297 feria
969 2266 1080 2308 quarta
1099 2275 1100 2279 ¹

343 2326 370 2353 et
398 2321 505 2359 sexta,
530 2330 565 2352 ae
590 2319 719 2352 sabbato
750 2318 888 2351 eiusdem
910 2318 1083 2361 praesentis

344 2375 391 2407 vel
420 2373 579 2417 sequentis
608 2372 825 2405 hebdomadae
858 2371 1082 2412 ieiunaverint,

344 2431 374 2462 et
397 2430 524 2471 peccata
548 2436 603 2459 sua
629 2425 761 2458 confessi
787 2425 819 2457 in
843 2424 946 2468 primo
964 2424 1013 2457 die
1034 2425 1085 2457 do-

345 2481 460 2514 minico
475 2507 482 2520 ,
502 2480 550 2512 vel
575 2479 712 2512 secundo
727 2506 734 2519 ,
760 2480 805 2511 vel
835 2479 944 2511 saltem
965 2479 1026 2511 alio
1043 2479 1085 2511 di-

345 2539 467 2567 ctarum
492 2533 761 2566 hebdomadarum
779 2532 829 2565 die
853 2532 1083 2566 sanctissinuun

346 2586 554 2620 eucharistiae
576 2591 808 2619 sacramentum
833 2591 1014 2618 reverenter
1039 2597 1086 2617 su-

346 2641 502 2684 sceperint
515 2645 545 2673 et
557 2641 770 2684 eleemosynas
788 2639 825 2671 ad
844 2639 976 2675 libitum,
990 2646 1082 2682 prout

347 2693 481 2727 charitas
506 2693 636 2735 singulis
658 2693 860 2736 suggesserit,
885 2692 1029 2732 fecerint3

429 2755 506 2782 Bull.
527 2754 610 2782 Rom.
626 2770 659 2774 —
677 2754 738 2782 Vol.
754 2753 818 2782 XII.
999 2753 1034 2780 50

1112 293 1132 315 v
1156 293 1204 317 PP.
1755 279 1819 314 393

1154 341 1168 381 ξ
1192 340 1220 372 a.
1247 340 1363 372 Ceteris
1394 349 1466 371 vero
1491 338 1638 371 omnibus
1664 343 1690 369 et
1718 338 1847 380 singulis

1867 289 1916 316 An.
1933 290 1959 317 C.
1982 291 2046 318 ¹617

1891 352 1951 372 Extra
1971 352 2047 373 [rbem

1954 385 2047 399 normam

1171 393 1175 397 .
1212 392 1238 399 ,Ἰ
1299 393 1302 397 .
1521 392 1527 400 v
1686 390 1691 394 ·
1781 390 1786 394 ·
1864 385 1913 399 xero

1110 393 1366 425 cliristitulelilnus
1392 397 1477 424 extra
1506 391 1617 423 [rbem
1645 390 1849 422 existentibus
1864 406 2047 431 „mest-..minum

1111 446 1140 478 in
1155 446 1314 489 quibusvis
1329 445 1514 483 civitatibus,
1532 443 1634 483 terris,
1649 448 1674 475 et
1697 443 1782 483 locis,
1797 454 1849 486 qut

1111 498 1304 542 processioni
1341 498 1378 530 ab
1408 497 1580 531 Ordinariis
1613 497 1774 536 locorum,
1804 496 1850 528 vel

1111 561 1220 583 eorum
1249 551 1386 591 vicariis,
1419 561 1473 584 seu
1504 549 1711 589 officialibus,
1739 549 1785 581 vel
1814 549 1852 581 de

1111 615 1220 637 eorum
1236 604 1392 644 mandato,
1407 609 1446 643 et,
1461 603 1535 647 ipsis
1550 602 1777 642 deficientibus,
1795 613 1852 646 per

1112 668 1174 697 eos,
1201 657 1252 700 qui
1281 657 1321 689 ibi
1349 668 1456 689 curam
1482 657 1658 689 :mimia-um
1684 661 1852 695 exercent,

1110 710 1224 754 prima,
1242 710 1289 742 vel
1311 710 1445 743 secunda
1461 710 1667 747 bebdomada,
1685 714 1852 754 postquam

1111 763 1149 795 ad
1182 773 1291 796 corum
1325 763 1467 795 notitiam
1498 763 1554 795 llaC
1580 768 1705 796 nostrae
1730 762 1851 795 litterae

1111 816 1324 860 pervenerint,
1346 816 1527 849 indicendae
1552 822 1582 848 et
1605 816 1742 858 agendae
1760 815 1852 848 inter-

1112 869 1237 909 fuerint,
1262 870 1308 902 rel
1334 869 1519 909 ecelesiam,
1545 879 1599 901 seu
1624 869 1770 901 ecclesias
1795 878 1851 912 per

1112 923 1239 956 eosdem
1264 922 1472 965 designandas
1497 922 1606 955 saltem
1632 922 1727 954 semel
1753 922 1852 955 visita-

1112 976 1223 1017 verint,
1241 977 1356 1020 ibique,
1380 982 1414 1009 ut
1438 987 1542 1020 snpra,
1560 976 1658 1008 Deum
1683 975 1852 1016 oraverint,

1112 1042 1147 1063 ae
1173 1031 1250 1064 feria
1275 1032 1397 1075 quarta,
1415 1032 1500 1063 sexta
1525 1035 1553 1063 et
1579 1029 1707 1062 sabbato
1724 1028 1852 1062 alterius

1112 1094 1148 1116 ex
1174 1084 1294 1116 duabus
1322 1083 1528 1117 hebdomadis
1553 1083 1591 1115 ab
1616 1082 1733 1115 eisdem
1760 1081 1854 1126 depu-

1112 1137 1213 1170 tandis
1230 1137 1446 1177 ieiunaverint,
1460 1137 1640 1181 pariterque.
1657 1141 1783 1180 peccata
1798 1146 1853 1169 sua

1112 1190 1257 1227 confessi,
1275 1201 1310 1223 ac
1335 1190 1530 1223 sanctissima
1555 1189 1778 1222 communione
1803 1199 1852 1221 rc-

1112 1245 1182 1278 fecti
1198 1245 1323 1284 fuerint,
1338 1248 1366 1278 et
1384 1245 1598 1288 eleemosynas
1612 1243 1780 1276 simililiter
1794 1253 1852 1286 pro

1113 1299 1244 1332 arbitrio
1276 1309 1332 1331 sno
1370 1297 1516 1336 fecerint;
1543 1297 1756 1341 plenissimam
1789 1307 1853 1329 oiu-

1112 1354 1198 1386 nium
1233 1356 1433 1396 peccatorum
1467 1362 1595 1384 suorum
1627 1350 1854 1392 indulgentiam

1114 1411 1142 1441 et
1166 1406 1397 1447 remissionem,
1415 1406 1494 1439 sicut
1513 1406 1541 1438 in
1567 1415 1647 1438 anno
1666 1404 1791 1437 iubilaei
1812 1404 1854 1436 vi-

1114 1460 1277 1494 sitantibus
1303 1464 1403 1493 certas
1433 1460 1581 1492 ccclesias
1605 1459 1685 1491 intra
1711 1463 1738 1491 et
1768 1463 1854 1490 extra

1116 1514 1230 1547 l'rbem
1249 1513 1377 1547 concedi
1397 1513 1568 1553 consuevit,
1584 1518 1691 1545 tenore
1710 1522 1854 1556 praesen-

1116 1568 1191 1601 tium
1218 1567 1421 1600 concedimus
1446 1572 1472 1599 et
1500 1566 1683 1609 elargimur.

1160 1622 1174 1664 ξ
1191 1621 1219 1653 li.
1241 1621 1426 1663 Navigantes
1444 1630 1528 1660 vero,
1545 1624 1593 1652 aut
1618 1620 1699 1652 inter
1715 1624 1853 1662 agentes,

1116 1681 1145 1707 111
1165 1687 1236 1708 cum
1255 1675 1394 1719 primuni
1416 1674 1452 1707 ad
1471 1685 1524 1707 sua
1547 1684 1615 1706 sese
1632 1673 1789 1706 domicilia
1810 1684 1855 1706 re-

1116 1729 1267 1773 ceperint,
1286 1728 1473 1772 supradictis
1494 1727 1641 1759 omnibus
1659 1726 1804 1770 peractis,
1822 1732 1853 1759 ut

1116 1794 1234 1827 supra.
1268 1782 1409 1815 eanulem
1443 1782 1668 1825 imlulgentiam
1706 1781 1855 1824 consequi

1115 1836 1232 1880 possint
1260 1840 1286 1868 et
1315 1836 1443 1867 valeant.

1160 1889 1215 1932 ξῖ).
1238 1889 1446 1931 llegularibus
1463 1893 1566 1921 autem
1584 1888 1727 1932 personis
1745 1888 1856 1920 utrius-

1116 1953 1175 1987 que
1201 1954 1293 1975 sexus
1319 1943 1349 1974 11]
1374 1942 1519 1975 claustris
1538 1947 1689 1986 perpetuo
1714 1941 1856 1984 degenti—

1117 1998 1185 2035 bus,
1199 2006 1320 2029 necnon
1335 1996 1403 2028 aliis
1416 1996 1680 2039 quibuscumque,
1695 1999 1756 2027 tam
1770 1994 1856 2027 laicis

1116 2060 1209 2094 quam
1236 2049 1401 2092 religiosis,
1426 2049 1619 2082 secularibus
1648 2059 1701 2082 seu
1727 2049 1854 2091 regula-

1116 2103 1214 2143 ribus,
1240 2103 1270 2135 11]
1295 2113 1421 2136 carcere
1447 2108 1499 2135 aut
1524 2102 1701 2146 captivitate
1727 2102 1858 2135 existen-

1117 2157 1209 2194 tibus,
1228 2157 1274 2189 vel
1299 2156 1406 2201 aliqua
1429 2156 1572 2200 corporis
1594 2155 1784 2195 infirmitate,
1803 2166 1857 2188 seu

1117 2211 1177 2244 alio
1195 2221 1395 2254 quocumque
1408 2210 1634 2254 impedimento
1648 2209 1791 2248 detentis,
1804 2209 1857 2252 qui

1118 2275 1211 2308 supra
1243 2274 1411 2307 expressa,
1438 2264 1483 2295 vel
1513 2273 1623 2296 eorum
1656 2263 1758 2306 aliqua
1791 2272 1858 2306 pre.-

1118 2322 1201 2350 stare
1226 2317 1433 2360 nequiverint,
1452 2322 1482 2349 ut
1509 2316 1727 2355 ‹fonfessarius
1753 2326 1857 2359 quem,

1119 2374 1152 2404 ut
1176 2370 1277 2410 infra,
1309 2370 1482 2413 elegerint,
1516 2369 1675 2413 praedicta
1700 2369 1803 2402 onmia
1829 2375 1859 2401 et.

1118 2424 1250 2467 singula,
1271 2424 1318 2456 vel
1343 2433 1453 2456 eorum
1473 2423 1586 2466 aliqua,
1604 2423 1635 2455 in
1652 2422 1711 2454 alia
1736 2422 1858 2466 pietatis

1118 2488 1215 2521 opera
1232 2481 1438 2517 comnmtare,
1455 2477 1502 2509 vel
1516 2476 1547 2509 in
1564 2475 1658 2508 alium
1676 2475 1857 2519 proximum

1118 2537 1241 2574 tempus
1256 2540 1429 2574 prorogare
1445 2529 1553 2573 possit,
1571 2539 1669 2573 eaque
1683 2528 1858 2571 iniungere,

1119 2595 1198 2628 quau*
1224 2584 1280 2628 ipsi
1311 2584 1505 2627 poenitentes
1537 2583 1661 2616 efficere
1692 2587 1858 2626 poterunt,

1119 2638 1236 2682 pariter
1261 2637 1463 2670 concedimus
1483 2641 1512 2669 et
1538 2636 1746 2679 indulgemus.
1808 2679 1812 2681 Β

1164 2694 1178 2734 ξ
1203 2692 1231 2724 ti.
1257 2691 1422 2734 Cupientes
1447 2695 1561 2729 autem,
1582 2700 1689 2723 omnes
1715 2689 1883 2729 christifi-c

1872 1939 1880 1953 t‘

1872 1989 1878 2007 t

1842 443 1847 448 ·
1865 432 2001 458 assequendi.

1903 1640 1931 1660 Ae
1946 1639 2009 1659 etiam
2021 1640 2054 1659 111-

1869 1666 1999 1687 neranuhus.

1911 1906 1996 1926 Necnon
2017 1911 2055 1931 pro

1883 1933 2012 1958 esculat-ibus,
2026 1938 2056 1951 in-

1872 1960 1943 1982 tirmis,
1958 1964 2056 1979 ‹arcera-

1883 1992 1905 2008 is.
1921 1988 1962 2006 etc.

1899 2680 1946 2702 Una
1963 2686 2010 2702 cum
2029 2681 2058 2702 fa-

1886 2708 1951 2730 ultano
1966 2707 2058 2733 eligendi
