2293 3231
312 289 406 316 Aac.
430 289 496 316 itt-23
541 279 607 312 814

509 337 678 378 pul-sanari
705 337 819 373 valeat,
844 335 978 367 libenter
1001 335 1185 371 annuimus,
1211 346 1244 366 ae

509 378 680 434 privilegiis
713 394 741 421 et
775 388 902 420 indultis
933 388 1183 429 communimus,
1218 393 1247 420 et

509 443 584 474 :ilias
607 441 823 485 disponimus,
849 446 940 484 prout
975 441 1187 485 conspicimus
1216 440 1247 472 in

510 495 642 528 Domino
660 494 826 527 salubriter
842 494 999 538 expedire.

554 549 567 591 ξ
597 548 620 580 l.
648 548 763 591 ltaque,
782 547 919 590 vestigiis
942 548 1154 581 Romanorum
1173 548 1250 581 Pon—

511 602 625 635 tificum
645 601 922 646 praedecessorum
948 606 1128 634 nostrorum
1147 602 1250 634 inbae-

420 649 493 688 ‹''‘.'›‘='s·
509 661 622 695 rentes,
639 666 674 688 ac.
692 655 972 699 supplicationibus
990 655 1160 687 maiestatis
1177 660 1248 688 tuae

423 702 494 743 .'›„“'''.f‡
508 709 634 742 nomine
651 709 741 741 nobis
755 709 916 741 humiliter
929 709 1082 752 porrectis
1099 708 1248 747 inclinati,

451 758 491 770 *³*
507 762 607 794 eidem
635 762 786 796 maiestati
812 768 903 802 tuae,
928 768 962 794 ut
993 762 1249 806 archiepiscopus

507 816 775 859 Compostellanus
792 826 850 859 pro
865 822 1006 860 tempore
1023 816 1159 849 existens
1173 815 1247 857 (eui,

506 869 585 902 sicut
609 880 644 902 ex
670 869 1052 902 insinuatione¹eiusdem
1079 870 1248 902 maiestatis

506 926 575 956 tuae
592 922 719 955 nomine
737 922 827 955 nobis
843 933 944 966 nuper
961 922 1041 955 sacta
1059 923 1247 966 accepimus,

505 986 580 1008 cura
605 976 711 1018 regiae
736 976 869 1009 familiae
894 981 975 1016 tuae,
1001 977 1248 1019 consanguineo-

505 1039 586 1069 rum,
611 1029 750 1061 affinium
776 1035 901 1062 tuorum
917 1056 924 1069 ‚
950 1040 985 1062 ac
1009 1030 1152 1063 omnium
1179 1041 1248 1074 per-

505 1092 652 1115 sonarum
684 1083 715 1115 in
745 1083 832 1116 curia
857 1085 909 1115 tua
934 1093 994 1126 pro
1018 1083 1152 1126 negotiis
1175 1089 1265 1117 con-¹

504 1134 666 1168 fluentium
699 1141 730 1168 et
761 1136 1050 1176 commorantium,
1083 1137 1246 1181 ipsamque

503 1188 623 1222 curiam
650 1190 870 1233 sequentium,
896 1196 1058 1234 tamquam
1084 1191 1246 1236 cappellae

503 1247 574 1276 tuae
598 1244 784 1288 cappellano
808 1243 922 1276 maiori
952 1255 987 1277 ex
1019 1244 1140 1278 indulto
1173 1255 1246 1289 apo-

503 1296 624 1336 stolico,
641 1302 694 1330 aut
710 1297 839 1341 antiqua
857 1301 885 1331 et
911 1297 1155 1331 immemorabili
1174 1309 1247 1332 con-

503 1350 682 1390 suetudine,
707 1351 889 1395 incumbit),
908 1351 938 1384 in
956 1351 1118 1395 quibusvis
1143 1352 1247 1385 civita-

502 1403 595 1443 tibus,
621 1404 744 1448 oppidis
772 1410 802 1437 et
825 1405 912 1444 locis,
936 1405 966 1437 in
992 1406 1107 1448 quibus
1131 1405 1244 1439 dictam

503 1457 695 1491 maiestatem
710 1463 805 1497 tuam,
820 1463 968 1501 tuamque
986 1458 1105 1498 regiam
1124 1459 1244 1491 curiam

501 1521 560 1554 pro
585 1516 727 1555 tempore
746 1511 884 1544 residere
904 1511 1079 1554 contigerit,
1099 1513 1245 1546 continue

503 1565 550 1598 vet
575 1564 612 1597 ad
631 1570 765 1607 tempus,
784 1575 892 1597 curam
910 1564 1088 1597 animarum
1110 1566 1245 1599 familiae

502 1622 594 1659 tuae,
618 1618 824 1662 omniumque
853 1623 884 1651 et
915 1619 1110 1662 singularum
1139 1630 1246 1664 perso-

501 1681 613 1704 narum
628 1699 635 1712 ‚
661 1675 723 1705 tam
757 1682 793 1704 ex
829 1672 888 1705 tuis
912 1672 1019 1715 regnis
1043 1678 1074 1706 et
1097 1673 1245 1707 dominiis

502 1724 657 1768 originem
682 1725 875 1765 habentium,
893 1736 986 1769 quam
1012 1731 1244 1768 extraneorum,

503 1779 680 1819 curialium,
697 1789 733 1812 ac
749 1779 863 1812 dietam
889 1779 1008 1812 curiam
1035 1781 1243 1824 sequentium,

503 1832 728 1877 cuiuscumque
757 1839 875 1874 status,
900 1834 1031 1876 gradus,
1065 1834 1184 1868 ordinis
1215 1840 1245 1868 et

503 1886 691 1920 conditionis
708 1897 743 1920 ac
758 1887 1022 1931 praeeminentiae
1034 1888 1244 1930 existentium,

505 1943 565 1972 tam
591 1940 891 1982 ecclesiasticorum,
916 1951 1010 1984 quam
1037 1941 1243 1982 secularium,

504 1993 747 2038 archiepiscopis
765 2000 795 2027 et
819 1995 974 2039 episcopis
991 1996 1138 2039 exceptis,
1159 2006 1246 2029 exer-

504 2057 586 2086 cere,
604 2058 775 2091 earumque
795 2054 899 2081 rector
923 2050 1109 2093 nuncupari,
1129 2060 1245 2093 easque

505 2100 665 2142 corrigere
689 2107 716 2133 et
744 2101 878 2142 visitare,
899 2113 935 2135 ac
955 2102 985 2134 in
1005 2103 1130 2135 easdem
1148 2103 1245 2136 omni-

505 2153 627 2187 modam
647 2155 894 2189 iurisdictionem
911 2156 1113 2196 ordinariam,
1127 2157 1245 2190 omnia-

505 2217 564 2250 que
589 2212 617 2242 et
642 2208 763 2250 singula
784 2209 852 2249 alia,
870 2220 950 2253 quae
969 2211 1198 2255 archiepiscopi
1215 2216 1243 2244 et

505 2261 642 2305 episcopi
661 2272 695 2294 ac
713 2262 763 2294 alii
782 2262 923 2296 locorum
942 2263 1096 2297 Ordinarii
1115 2264 1147 2296 in
1163 2264 1245 2298 dioe-

505 2314 628 2346 cesibus
652 2314 716 2347 suis
734 2315 771 2347 de
789 2315 856 2348 iure
874 2316 921 2348 vel
943 2317 1167 2350 consuetudine
1192 2322 1245 2350 aut

505 2366 579 2399 alias
592 2368 827 2410 quomodolibet
845 2369 946 2402 facere
963 2376 993 2402 et
1008 2380 1155 2404 exercere
1173 2381 1246 2404 con-

506 2425 683 2457 sueverunt,
701 2430 735 2451 ac
761 2431 818 2463 per
842 2431 884 2461 se,
902 2421 948 2453 rel
974 2422 1052 2454 alios
1073 2422 1243 2463 ministros,

507 2480 592 2503 suam
611 2471 857 2506 iurisdictionem
873 2474 1064 2508 ordinariam
1083 2486 1243 2516 exercere;

310 2530 494 2583 nmiiffissffm‘pfi
557 2524 571 2566 ἓ
599 2523 628 2557 02.
658 2525 719 2558 Nec
749 2536 811 2558 non
843 2527 1004 2561 ministros
1036 2532 1065 2561 et
1095 2528 1244 2562 officiales

309 2584 437 2631 53:333:ss
459 2590 492 2632 i'x']
507 2578 697 2611 necessarios
714 2579 750 2611 ad
769 2581 973 2614 exercendam
999 2582 1170 2625 apostolica
1194 2592 1245 2615 au-

544 2648 553 2674 1
573 2648 636 2685 Sup.
653 2658 712 2685 pag.
728 2651 780 2679 245
793 2661 810 2678 α
824 2652 869 2679 lin.
884 2652 915 2680 13
931 2652 976 2679 ult.
992 2651 1044 2687 leg.
1061 2653 1244 2681 institutione

507 2699 545 2728 (n.
559 2702 584 2721 τ.
596 2703 606 2719 ’.

1088 287 1267 310 mmmmm
1291 286 1446 310 nomnen

1262 333 1426 386 ''cloria-,ie
1451 334 1632 367 huiusmodi
1656 335 1869 368 omnimodam
1900 335 2024 370 iurisdi-
2038 349 2114 369 erc-»110
2150 355 2223 372 nm<-

2039 286 2088 314 An.
2105 287 2133 315 c.
2155 280 2228 318 1628-

1315 387 1320 392 .
1572 387 1578 393 .
1717 388 1736 394 ..
1905 389 1912 395 .
1931 389 1937 395 .
2014 400 2020 406 .
2037 376 2106 405 sai-ios
2121 376 2234 403 deputan->

1281 392 1418 419 ctionem
1435 392 1497 419 tam
1512 397 1618 420 curiae
1631 388 1748 432 palatii,
1761 399 1855 432 quam
1868 394 1913 422 uti
1930 389 2021 422 iudea
2038 402 2059 421 *lt
2089 403 2178 433 racana,
2202 405 2237 426 oi-

1282 440 1441 484 cappellae
1458 440 1638 474 huiusmodi
1658 446 1689 474 et
1704 441 1839 474 aliorum
1851 441 2025 486 praedicto·
2037 430 2171 452 “'¹'⁰⁶‘¹'¹¹¹'‘

1264 486 1266 496 '
1284 504 1365 533 rum,
1383 493 1437 537 qui
1454 494 1493 526 ab
1510 504 1548 527 eo
1564 499 1595 527 et
1610 494 1678 527 eius
1702 494 1849 528 mandato
1873 495 2025 529 nominati

1265 553 1448 580 leXCl'Cssflnt
1465 557 1576 581 eorum
1596 548 1698 581 officia
1722 553 1752 581 et
1777 548 2026 582 iurisdictionem

1283 611 1384 641 suam,
1402 606 1464 633 tam
1482 601 1513 633 in
1534 601 1636 634 causis
1653 601 1855 635 familiarium
1873 602 2027 646 cappella-

1284 665 1408 696 norum,
1433 655 1656 696 servientium,
1681 656 1830 698 oratorii,
1855 656 2024 701 cappellae,

1283 714 1449 742 cantorum
1469 714 1499 742 et
1523 709 1741 743 ministrorum
1759 709 1852 743 etiarn
1870 709 2024 744 laicorum

1264 755 1425 795 leiusdem
1453 763 1625 807 cappellae,
1642 773 1736 807 quam
1761 763 1893 796 aliarum
1918 773 2026 807 perso-

1264 841 1266 852 ,
1283 825 1395 848 narum
1420 826 1695 860 quarumcumque
1712 817 1874 850 nationum
1892 816 1948 850 tibi
1963 826 2027 850 ser·

1264 860 1432 902 ‘vientium
1445 897 1452 910 ,
1486 874 1516 902 et
1546 880 1755 914 personarum
1786 870 1940 914 regalium
1951 870 1972 912 ¹,
1996 873 2027 905 et

1282 922 1389 965 regiae
1401 923 1511 966 prolis,
1526 923 1557 955 in
1572 923 1643 956 illos
1657 927 1776 958 tantum
1793 923 1847 968 qui
1864 933 1938 958 vere
1954 927 2026 957 sunt

1282 976 1426 1017 curiales,
1451 987 1509 1010 nec
1533 987 1596 1010 non
1613 977 1872 1021 cappellanorum
1889 977 1922 1011 in
1940 987 2028 1011 rura·

1282 1029 1363 1062 libus
1387 1029 1559 1063 domibus⁹
1579 1041 1633 1064 seu
1658 1030 1782 1074 palatiis
1805 1031 1867 1064 tuis
1890 1030 2026 1072 existen-

1282 1083 1370 1124 tium,
1391 1084 1574 1124 nominare;

1325 1136 1340 1180 ἓ
1361 1135 1390 1171 3.
1409 1138 1471 1175 Nec
1487 1147 1562 1178 non,
1579 1148 1636 1182 per
1649 1148 1681 1172 se
1698 1143 1750 1172 aut
1764 1138 1926 1174 ministros
1939 1149 2023 1181 suos,
2066 1149 2161 1182 Λιεῑςφι.
2172 1155 2234 1178 up·-

1280 1191 1476 1224 consessores
1501 1191 1664 1235 regulares
1678 1192 1717 1225 de
1741 1192 1867 1226 licentia
1890 1203 2023 1227 suorum
2037 1179 2232 1237 {riiiss'rim‘ffl

1280 1243 1494 1287 superiorum,
1519 1249 1572 1277 aut
1595 1245 1755 1278 seculares
1780 1255 1839 1289 pro
1864 1248 1942 1279 cura
1961 1231 2224 1289 ani-‘'issinss'll'lssffl

1281 1306 1403 1330 marum
1421 1297 1495 1330 dieti
1513 1297 1618 1341 palatii
1635 1303 1665 1330 et
1687 1297 1794 1331 curiae
1811 1298 1905 1332 etiam
1925 1298 2025 1332 nomi·
2038 1284 2143 1307 ”¹¹¹²⁰⁰‘¹''

1262 1359 1264 1378 t
1280 1360 1366 1390 nare,
1383 1357 1414 1383 et
1439 1351 1641 1395 cappellanos
1657 1355 1687 1385 et
1701 1351 1835 1386 clericos
1852 1352 2024 1386 servientes

1281 1403 1335 1435 tibi
1369 1409 1398 1436 et
1432 1403 1540 1437 domui
1577 1404 1674 1447 regali
1705 1404 1738 1437 in
1767 1404 1850 1438 dicta
1883 1405 2024 1450 cappella

1281 1462 1309 1490 et
1320 1458 1460 1491 oratorio
1478 1458 1516 1491 ad
1534 1458 1757 1492 celebrandum
1776 1459 1888 1493 missas
1904 1463 1934 1494 et
1952 1469 2026 1494 con-

1262 1516 1264 1544 l
1281 1510 1431 1544 sessiones
1455 1511 1638 1552 audiendas,
1654 1522 1690 1545 ac
1711 1512 1841 1546 verbum
1860 1512 1915 1546 Dei
1935 1523 2026 1557 prae-

1279 1564 1449 1597 dicandum
1473 1564 1671 1605 examinare,
1695 1576 1751 1599 seu
1781 1566 1955 1599 examinari
1979 1566 2024 1600 fa-

1280 1627 1362 1658 cere,
1379 1623 1409 1651 et
1431 1617 1476 1650 eis
1500 1617 1532 1651 id
1555 1618 1688 1652 faciendi
1705 1618 1863 1652 licentiam
1883 1624 1914 1653 et
1929 1619 2025 1654 sacul-

1281 1674 1373 1705 latem
1391 1670 1483 1712 dare;
2232 1703 2234 1705 ,

1324 1724 1339 1768 ἓ
1363 1724 1393 1757 4.
1413 1726 1458 1758 Ac
1482 1724 1576 1758 etiam
1600 1725 1836 1770 praedicatores
1858 1725 2023 1770 regulares
2059 1736 2241 1775 erudiamus

1279 1783 1333 1812 aut
1351 1779 1509 1812 seculares
1527 1778 1558 1812 in
1573 1778 1657 1812 dicta
1678 1779 1765 1813 curia
1781 1779 1828 1813 vel
1846 1785 1934 1814 extra
1952 1790 2022 1814 eam
2037 1769 2134 1813 gumane
2155 1764 2229 1794 '¹⁸⁹⁸‘⁴

1279 1832 1317 1865 ad
1340 1832 1586 1877 praedicandum
1610 1832 1743 1867 verbum
1760 1833 1815 1867 Dei
1834 1833 1866 1867 in
1881 1834 2022 1879 cappella

1279 1886 1366 1930 regia
1391 1892 1422 1920 et
1444 1886 1555 1927 domo,
1579 1886 1634 1920 ubi
1658 1891 1692 1922 tu
1716 1891 1747 1921 et
1771 1887 1860 1921 curia
1879 1892 1932 1921 tua
1951 1888 2021 1930 erit,

1279 1940 1321 1975 ita
1337 1945 1371 1973 ut
1387 1940 1493 1975 nullus
1509 1940 1694 1974 Ordinarius
1718 1941 1790 1982 loci,
1807 1941 1840 1974 in
1855 1952 1919 1986 quo
1939 1941 2023 1976 dicta

1279 1994 1366 2028 curia
1380 2022 1387 2036 ‚
1407 2005 1464 2028 seu
1487 2000 1538 2036 tu,
1564 2000 1618 2028 aut
1640 1995 1753 2029 domus
1777 2000 1830 2028 tua
1852 1995 1932 2038 erit,
1957 1996 2022 2030 sive

1278 2048 1392 2089 eundo,
1417 2048 1482 2081 sive
1505 2048 1627 2088 stando,
1643 2048 1708 2081 sive
1733 2048 1826 2082 etiam
1852 2048 2022 2083 recreatio·

1277 2101 1326 2134 nis
1343 2104 1448 2142 causa,
1465 2101 1731 2146 praedicationem
1749 2101 1835 2135 verbi
1851 2101 1906 2135 Dei
1926 2101 2023 2147 impe-

1279 2154 1346 2187 dire
1363 2155 1471 2198 possit,
1492 2165 1666 2188 convocare
1680 2166 1687 2195 ;

1323 2208 1338 2251 ἓ
1362 2207 1392 2241 5.
1418 2208 1551 2252 Insuper
1575 2208 1798 2252 cappellanos,
1822 2213 1966 2242 cantores
1989 2213 2043 2264 et²
2061 2215 2225 2263 asapia-uuaz,
2254 2243 2256 2246 y

1278 2261 1438 2294 scholares
1463 2261 1494 2294 in
1518 2261 1602 2294 dicta
1625 2261 1766 2305 cappella
1794 2271 1853 2306 pro
1877 2266 2020 2307 ternpore
2035 2248 2224 2318 ιενῖὶιέὲὲίῒιιπῶῗει

1278 2314 1445 2347 existentes
1476 2319 1607 2358 propter
1638 2314 1839 2348 iniectionem
1868 2325 2019 2348 manuum
2180 2311 2186 2316 ”
2231 2323 2234 2331 ’

1278 2368 1486 2402 violentarum
1512 2368 1594 2401 inter
1618 2378 1650 2401 se
1675 2368 1781 2413 ipsos,
1805 2379 1841 2402 ac
1869 2369 1963 2402 etiam
1988 2368 2020 2401 in

1260 2439 1262 2453 .
1278 2421 1410 2456 clericos
1441 2421 1479 2454 de
1509 2421 1592 2454 dicta
1627 2422 1769 2466 cappella
1797 2432 1861 2456 non
1889 2421 2021 2455 existen-

1279 2480 1333 2515 tes,
1348 2475 1427 2509 citra
1440 2479 1544 2508 tamen
1561 2475 1778 2508 membrorum
1791 2474 2019 2508 mutilationem

1278 2534 1330 2562 aut
1345 2539 1508 2563 enormem
1524 2529 1704 2569 laesionem,
1725 2528 2021 2563 excommunicatio-

1277 2582 1326 2615 nis
1345 2582 1530 2617 sententiam
1547 2582 1754 2623 incurrentes,
1771 2582 1811 2615 ab
1828 2582 1937 2617 eadem
1955 2593 2021 2617 sen-

1314 2655 1324 2681 1
1342 2653 1428 2682 Minus
1443 2657 1505 2689 apte
1519 2661 1579 2690 sup.
1596 2653 1648 2689 leg.
1665 2653 1849 2688 regularium
1867 2653 1907 2689 (n.
1924 2653 1972 2690 τ.).

1311 2697 1328 2725 2
1344 2698 1415 2726 Edit.
1431 2698 1510 2726 Maiu.
1527 2697 1591 2733 legit
1605 2698 1705 2725 domus
1719 2699 1756 2734 (κ.
1772 2697 1809 2733 Τ.)
