<?xml version="1.0" encoding="UTF-8"?>
<!DOCTYPE html PUBLIC "-//W3C//DTD XHTML 1.0 Transitional//EN"
    "http://www.w3.org/TR/xhtml1/DTD/xhtml1-transitional.dtd">
<html xmlns="http://www.w3.org/1999/xhtml" xml:lang="en" lang="en">
 <head>
  <title>
</title>
<meta http-equiv="Content-Type" content="text/html;charset=utf-8" />
  <meta name='ocr-system' content='tesseract 3.04.00' />
  <meta name='ocr-capabilities' content='ocr_page ocr_carea ocr_par ocr_line ocrx_word'/>
</head>
<body>
  <div class='ocr_page' id='page_1' title='image "./bullarumdiplomat12cath_0620.png"; bbox 0 0 2293 3231; ppageno 0'>
   <div class='ocr_carea' id='block_1_1' title="bbox 272 241 2183 1487">
    <p class='ocr_par' dir='ltr' id='par_1_1' title="bbox 272 241 2183 664">
     <span class='ocr_line' id='line_1_1' title="bbox 272 241 2183 279; baseline -0.004 0"><span class='ocrx_word' id='word_1_1' title='bbox 272 251 323 279; x_wconf 83' lang='grc' dir='ltr'>Λη.</span> <span class='ocrx_word' id='word_1_2' title='bbox 339 250 368 278; x_wconf 87' lang='lat' dir='ltr'>c.</span> <span class='ocrx_word' id='word_1_3' title='bbox 391 250 453 278; x_wconf 77' lang='lat'><strong>¹62¹</strong></span> <span class='ocrx_word' id='word_1_4' title='bbox 504 241 568 276; x_wconf 69' lang='lat'>582</span> <span class='ocrx_word' id='word_1_5' title='bbox 1055 248 1234 274; x_wconf 67' lang='lat' dir='ltr'>ammaum</span> <span class='ocrx_word' id='word_1_6' title='bbox 1257 248 1414 274; x_wconf 62' lang='lat' dir='ltr'>nomm-..it</span> <span class='ocrx_word' id='word_1_7' title='bbox 2002 246 2054 275; x_wconf 73' lang='grc' dir='ltr'>Αῃ.</span> <span class='ocrx_word' id='word_1_8' title='bbox 2073 245 2183 275; x_wconf 54' lang='lat'>&amp;162¹</span> 
     </span>
     <span class='ocr_line' id='line_1_2' title="bbox 474 295 1990 340; baseline -0.002 -7"><span class='ocrx_word' id='word_1_9' title='bbox 474 299 610 333; x_wconf 85' lang='lat' dir='ltr'>iusmodi</span> <span class='ocrx_word' id='word_1_10' title='bbox 634 297 805 332; x_wconf 79' lang='lat' dir='ltr'>faciendam</span> <span class='ocrx_word' id='word_1_11' title='bbox 830 296 1040 330; x_wconf 69' lang='lat' dir='ltr'>constituendi</span> <span class='ocrx_word' id='word_1_12' title='bbox 1065 303 1091 328; x_wconf 62' lang='lat' dir='ltr'>vt</span> <span class='ocrx_word' id='word_1_13' title='bbox 1119 298 1230 340; x_wconf 68' lang='lat' dir='ltr'>‹lepti-¹</span> <span class='ocrx_word' id='word_1_14' title='bbox 1249 301 1391 340; x_wconf 74' lang='lat' dir='ltr'>tei-quain</span> <span class='ocrx_word' id='word_1_15' title='bbox 1415 296 1448 328; x_wconf 89' lang='lat' dir='ltr'>in</span> <span class='ocrx_word' id='word_1_16' title='bbox 1467 295 1578 329; x_wconf 85' lang='lat' dir='ltr'>mortis</span> <span class='ocrx_word' id='word_1_17' title='bbox 1593 295 1726 330; x_wconf 83' lang='lat' dir='ltr'>articulo</span> <span class='ocrx_word' id='word_1_18' title='bbox 1749 295 1920 337; x_wconf 76' lang='lat' dir='ltr'>constituti,</span> <span class='ocrx_word' id='word_1_19' title='bbox 1938 295 1990 330; x_wconf 87' lang='lat' dir='ltr'>ab·</span> 
     </span>
     <span class='ocr_line' id='line_1_3' title="bbox 475 349 1989 396; baseline -0.003 -10"><span class='ocrx_word' id='word_1_20' title='bbox 475 353 578 393; x_wconf 88' lang='lat' dir='ltr'>tandi,</span> <span class='ocrx_word' id='word_1_21' title='bbox 606 350 774 396; x_wconf 88' lang='lat' dir='ltr'>qnodqne¹</span> <span class='ocrx_word' id='word_1_22' title='bbox 808 351 981 395; x_wconf 85' lang='lat' dir='ltr'>pecuniae,</span> <span class='ocrx_word' id='word_1_23' title='bbox 1011 361 1046 383; x_wconf 90' lang='lat' dir='ltr'>ex</span> <span class='ocrx_word' id='word_1_24' title='bbox 1083 350 1213 383; x_wconf 78' lang='lat' dir='ltr'>subsidii</span> <span class='ocrx_word' id='word_1_25' title='bbox 1248 349 1325 383; x_wconf 67' lang='lat' dir='ltr'>solvi</span> <span class='ocrx_word' id='word_1_26' title='bbox 1349 349 1479 393; x_wconf 77' lang='lat' dir='ltr'>possint,</span> <span class='ocrx_word' id='word_1_27' title='bbox 1496 358 1619 382; x_wconf 83' lang='lat' dir='ltr'>necnon</span> <span class='ocrx_word' id='word_1_28' title='bbox 1645 349 1829 393; x_wconf 78' lang='lat' dir='ltr'>privationis</span> <span class='ocrx_word' id='word_1_29' title='bbox 1846 349 1989 383; x_wconf 90' lang='lat' dir='ltr'>omnium</span> 
     </span>
     <span class='ocr_line' id='line_1_4' title="bbox 474 402 1990 449; baseline -0.002 -10"><span class='ocrx_word' id='word_1_30' title='bbox 474 405 654 439; x_wconf 85' lang='lat' dir='ltr'>huiusmodi</span> <span class='ocrx_word' id='word_1_31' title='bbox 679 405 839 438; x_wconf 87' lang='lat' dir='ltr'>exactione</span> <span class='ocrx_word' id='word_1_32' title='bbox 857 404 1088 449; x_wconf 76' lang='lat' dir='ltr'>provenientes,</span> <span class='ocrx_word' id='word_1_33' title='bbox 1105 414 1214 448; x_wconf 85' lang='lat' dir='ltr'>perso·</span> <span class='ocrx_word' id='word_1_34' title='bbox 1231 429 1233 433; x_wconf 86' lang='lat'><em>.</em></span> <span class='ocrx_word' id='word_1_35' title='bbox 1249 409 1279 436; x_wconf 88' lang='lat' dir='ltr'>et</span> <span class='ocrx_word' id='word_1_36' title='bbox 1298 403 1496 446; x_wconf 86' lang='lat' dir='ltr'>singulorum</span> <span class='ocrx_word' id='word_1_37' title='bbox 1521 402 1721 446; x_wconf 72' lang='lat' dir='ltr'>dignitatum,</span> <span class='ocrx_word' id='word_1_38' title='bbox 1739 403 1990 443; x_wconf 84' lang='lat' dir='ltr'>canonicatuum,</span> 
     </span>
     <span class='ocr_line' id='line_1_5' title="bbox 474 456 1993 502; baseline -0.001 -10"><span class='ocrx_word' id='word_1_39' title='bbox 474 470 530 492; x_wconf 88' lang='lat' dir='ltr'>nae</span> <span class='ocrx_word' id='word_1_40' title='bbox 554 470 571 491; x_wconf 92' lang='lat' dir='ltr'>a</span> <span class='ocrx_word' id='word_1_41' title='bbox 595 458 679 492; x_wconf 86' lang='lat' dir='ltr'>dicto</span> <span class='ocrx_word' id='word_1_42' title='bbox 703 458 789 491; x_wconf 85' lang='lat' dir='ltr'>clero</span> <span class='ocrx_word' id='word_1_43' title='bbox 822 458 912 501; x_wconf 76' lang='lat' dir='ltr'>regni</span> <span class='ocrx_word' id='word_1_44' title='bbox 944 457 1096 502; x_wconf 79' lang='lat' dir='ltr'>praedicti</span> <span class='ocrx_word' id='word_1_45' title='bbox 1121 457 1216 502; x_wconf 86' lang='lat' dir='ltr'>depu-</span> <span class='ocrx_word' id='word_1_46' title='bbox 1250 462 1279 490; x_wconf 83' lang='lat' dir='ltr'>et</span> <span class='ocrx_word' id='word_1_47' title='bbox 1295 456 1561 502; x_wconf 83' lang='lat' dir='ltr'>praebendarum,</span> <span class='ocrx_word' id='word_1_48' title='bbox 1582 456 1859 497; x_wconf 79' lang='lat' dir='ltr'>monasteriorum,</span> <span class='ocrx_word' id='word_1_49' title='bbox 1876 456 1993 491; x_wconf 84' lang='lat' dir='ltr'>officio-</span> 
     </span>
     <span class='ocr_line' id='line_1_6' title="bbox 475 509 1995 556; baseline -0.001 -11"><span class='ocrx_word' id='word_1_50' title='bbox 475 512 584 545; x_wconf 86' lang='lat' dir='ltr'>tandae</span> <span class='ocrx_word' id='word_1_51' title='bbox 609 523 667 556; x_wconf 86' lang='lat' dir='ltr'>per</span> <span class='ocrx_word' id='word_1_52' title='bbox 691 522 760 545; x_wconf 87' lang='lat' dir='ltr'>eam</span> <span class='ocrx_word' id='word_1_53' title='bbox 779 512 808 545; x_wconf 93' lang='lat' dir='ltr'>in</span> <span class='ocrx_word' id='word_1_54' title='bbox 826 511 1001 556; x_wconf 85' lang='lat' dir='ltr'>praesentis</span> <span class='ocrx_word' id='word_1_55' title='bbox 1016 511 1090 544; x_wconf 86' lang='lat' dir='ltr'>belli</span> <span class='ocrx_word' id='word_1_56' title='bbox 1107 516 1137 543; x_wconf 87' lang='lat' dir='ltr'>et</span> <span class='ocrx_word' id='word_1_57' title='bbox 1153 520 1214 543; x_wconf 91' lang='lat' dir='ltr'>non</span> <span class='ocrx_word' id='word_1_58' title='bbox 1251 522 1332 552; x_wconf 86' lang='lat' dir='ltr'>rum,</span> <span class='ocrx_word' id='word_1_59' title='bbox 1357 509 1664 543; x_wconf 79' lang='lat' dir='ltr'>administrationum</span> <span class='ocrx_word' id='word_1_60' title='bbox 1690 515 1717 543; x_wconf 91' lang='lat' dir='ltr'>et</span> <span class='ocrx_word' id='word_1_61' title='bbox 1743 509 1878 543; x_wconf 89' lang='lat' dir='ltr'>aliorum</span> <span class='ocrx_word' id='word_1_62' title='bbox 1901 509 1995 543; x_wconf 88' lang='lat' dir='ltr'>bene-</span> 
     </span>
     <span class='ocr_line' id='line_1_7' title="bbox 475 563 1996 609; baseline -0.001 -10"><span class='ocrx_word' id='word_1_63' title='bbox 475 566 552 600; x_wconf 88' lang='lat' dir='ltr'>alios</span> <span class='ocrx_word' id='word_1_64' title='bbox 575 577 652 599; x_wconf 89' lang='lat' dir='ltr'>usus</span> <span class='ocrx_word' id='word_1_65' title='bbox 677 565 856 609; x_wconf 77' lang='lat' dir='ltr'>erogandae</span> <span class='ocrx_word' id='word_1_66' title='bbox 881 565 1116 609; x_wconf 77' lang='lat' dir='ltr'>consignentur,</span> <span class='ocrx_word' id='word_1_67' title='bbox 1134 574 1218 598; x_wconf 82' lang='lat' dir='ltr'>man-</span> <span class='ocrx_word' id='word_1_68' title='bbox 1252 565 1397 598; x_wconf 83' lang='lat' dir='ltr'>ticiornm</span> <span class='ocrx_word' id='word_1_69' title='bbox 1417 564 1702 598; x_wconf 85' lang='lat' dir='ltr'>ecclesiastieorum</span> <span class='ocrx_word' id='word_1_70' title='bbox 1716 575 1774 609; x_wconf 90' lang='lat' dir='ltr'>per</span> <span class='ocrx_word' id='word_1_71' title='bbox 1786 574 1840 598; x_wconf 88' lang='lat' dir='ltr'>eos</span> <span class='ocrx_word' id='word_1_72' title='bbox 1857 563 1996 598; x_wconf 88' lang='lat' dir='ltr'>obtento-</span> 
     </span>
     <span class='ocr_line' id='line_1_8' title="bbox 475 616 1996 664; baseline -0.001 -12"><span class='ocrx_word' id='word_1_73' title='bbox 475 619 568 652; x_wconf 89' lang='lat' dir='ltr'>dandi</span> <span class='ocrx_word' id='word_1_74' title='bbox 593 625 623 652; x_wconf 87' lang='lat' dir='ltr'>et</span> <span class='ocrx_word' id='word_1_75' title='bbox 646 619 878 664; x_wconf 83' lang='lat' dir='ltr'>praecipiendi;</span> <span class='ocrx_word' id='word_1_76' title='bbox 1252 629 1334 658; x_wconf 88' lang='lat' dir='ltr'>rum,</span> <span class='ocrx_word' id='word_1_77' title='bbox 1352 617 1618 662; x_wconf 84' lang='lat' dir='ltr'>inliabilitatisque</span> <span class='ocrx_word' id='word_1_78' title='bbox 1642 616 1681 650; x_wconf 85' lang='lat' dir='ltr'>ad</span> <span class='ocrx_word' id='word_1_79' title='bbox 1698 617 1750 651; x_wconf 87' lang='lat' dir='ltr'>illa</span> <span class='ocrx_word' id='word_1_80' title='bbox 1773 621 1804 652; x_wconf 92' lang='lat' dir='ltr'>et</span> <span class='ocrx_word' id='word_1_81' title='bbox 1821 617 1882 651; x_wconf 84' lang='lat' dir='ltr'>alia</span> <span class='ocrx_word' id='word_1_82' title='bbox 1898 617 1996 661; x_wconf 87' lang='lat' dir='ltr'>impo-</span> 
     </span>
    </p>

    <p class='ocr_par' dir='ltr' id='par_1_2' title="bbox 277 670 2163 1487">
     <span class='ocr_line' id='line_1_9' title="bbox 304 670 1994 717; baseline -0.003 -8"><span class='ocrx_word' id='word_1_83' title='bbox 304 688 354 709; x_wconf 62' lang='lat' dir='ltr'>nam</span> <span class='ocrx_word' id='word_1_84' title='bbox 370 690 460 708; x_wconf 63' lang='lat' dir='ltr'>amtor.-</span> <span class='ocrx_word' id='word_1_85' title='bbox 521 673 535 716; x_wconf 63' lang='grc' dir='ltr'><strong>ξ</strong></span> <span class='ocrx_word' id='word_1_86' title='bbox 558 672 588 706; x_wconf 80' lang='lat'>3.</span> <span class='ocrx_word' id='word_1_87' title='bbox 614 672 867 707; x_wconf 84' lang='lat' dir='ltr'>Contradietores</span> <span class='ocrx_word' id='word_1_88' title='bbox 885 672 1042 717; x_wconf 86' lang='lat' dir='ltr'>quoslibet</span> <span class='ocrx_word' id='word_1_89' title='bbox 1067 678 1097 705; x_wconf 84' lang='lat' dir='ltr'>et</span> <span class='ocrx_word' id='word_1_90' title='bbox 1121 672 1219 705; x_wconf 85' lang='lat' dir='ltr'>rebel·</span> <span class='ocrx_word' id='word_1_91' title='bbox 1253 677 1372 705; x_wconf 84' lang='lat' dir='ltr'>sternm</span> <span class='ocrx_word' id='word_1_92' title='bbox 1390 671 1570 713; x_wconf 87' lang='lat' dir='ltr'>obtinenda,</span> <span class='ocrx_word' id='word_1_93' title='bbox 1591 671 1722 716; x_wconf 82' lang='lat' dir='ltr'>aliisque</span> <span class='ocrx_word' id='word_1_94' title='bbox 1737 670 1871 705; x_wconf 87' lang='lat' dir='ltr'>arbitrio</span> <span class='ocrx_word' id='word_1_95' title='bbox 1886 674 1994 705; x_wconf 90' lang='lat' dir='ltr'>nostro</span> 
     </span>
     <span class='ocr_line' id='line_1_10' title="bbox 277 718 1994 771; baseline -0.003 -8"><span class='ocrx_word' id='word_1_96' title='bbox 277 718 460 771; x_wconf 54' lang='lat' dir='ltr'>k‡}?„1t{&#39;²&#39;¹¹0.233</span> <span class='ocrx_word' id='word_1_97' title='bbox 477 727 531 767; x_wconf 83' lang='lat' dir='ltr'>les,</span> <span class='ocrx_word' id='word_1_98' title='bbox 555 737 590 760; x_wconf 88' lang='lat' dir='ltr'>ae</span> <span class='ocrx_word' id='word_1_99' title='bbox 614 727 670 759; x_wconf 88' lang='lat' dir='ltr'>tibi</span> <span class='ocrx_word' id='word_1_100' title='bbox 705 726 734 759; x_wconf 92' lang='lat' dir='ltr'>in</span> <span class='ocrx_word' id='word_1_101' title='bbox 762 727 945 771; x_wconf 75' lang='lat' dir='ltr'>praemissis</span> <span class='ocrx_word' id='word_1_102' title='bbox 969 737 1032 760; x_wconf 93' lang='lat' dir='ltr'>non</span> <span class='ocrx_word' id='word_1_103' title='bbox 1056 731 1218 770; x_wconf 85' lang='lat' dir='ltr'>parentes,</span> <span class='ocrx_word' id='word_1_104' title='bbox 1253 725 1435 767; x_wconf 78' lang='lat' dir='ltr'>statuendis,</span> <span class='ocrx_word' id='word_1_105' title='bbox 1452 724 1652 759; x_wconf 84' lang='lat' dir='ltr'>moderandis</span> <span class='ocrx_word' id='word_1_106' title='bbox 1676 728 1706 758; x_wconf 91' lang='lat' dir='ltr'>et</span> <span class='ocrx_word' id='word_1_107' title='bbox 1726 724 1904 768; x_wconf 79' lang='lat' dir='ltr'>infligendis</span> <span class='ocrx_word' id='word_1_108' title='bbox 1919 734 1994 769; x_wconf 89' lang='lat' dir='ltr'>poe-</span> 
     </span>
     <span class='ocr_line' id='line_1_11' title="bbox 277 769 1995 825; baseline -0.001 -13"><span class='ocrx_word' id='word_1_109' title='bbox 277 769 377 796; x_wconf 67' lang='lat'>¹&#39;‘&#39;&#39;¹&#39;‘&#39;¹⁴&#39;&#39;‘</span> <span class='ocrx_word' id='word_1_110' title='bbox 478 791 533 824; x_wconf 80' lang='lat' dir='ltr'>per</span> <span class='ocrx_word' id='word_1_111' title='bbox 557 781 736 821; x_wconf 81' lang='lat' dir='ltr'>sententias,</span> <span class='ocrx_word' id='word_1_112' title='bbox 758 792 906 815; x_wconf 72' lang='lat' dir='ltr'>censuras</span> <span class='ocrx_word' id='word_1_113' title='bbox 931 785 959 814; x_wconf 90' lang='lat' dir='ltr'>et</span> <span class='ocrx_word' id='word_1_114' title='bbox 985 790 1101 825; x_wconf 86' lang='lat' dir='ltr'>poenas</span> <span class='ocrx_word' id='word_1_115' title='bbox 1125 780 1221 813; x_wconf 86' lang='lat' dir='ltr'>eccle·</span> <span class='ocrx_word' id='word_1_116' title='bbox 1253 779 1323 819; x_wconf 84' lang='lat' dir='ltr'>nis,</span> <span class='ocrx_word' id='word_1_117' title='bbox 1352 790 1391 813; x_wconf 86' lang='lat' dir='ltr'>ne</span> <span class='ocrx_word' id='word_1_118' title='bbox 1415 784 1446 813; x_wconf 85' lang='lat' dir='ltr'>te</span> <span class='ocrx_word' id='word_1_119' title='bbox 1470 790 1566 824; x_wconf 88' lang='lat' dir='ltr'>super</span> <span class='ocrx_word' id='word_1_120' title='bbox 1590 778 1771 823; x_wconf 81' lang='lat' dir='ltr'>praemissis</span> <span class='ocrx_word' id='word_1_121' title='bbox 1795 778 1942 812; x_wconf 87' lang='lat' dir='ltr'>omnibus</span> <span class='ocrx_word' id='word_1_122' title='bbox 1965 784 1995 812; x_wconf 87' lang='lat' dir='ltr'>et</span> 
     </span>
     <span class='ocr_line' id='line_1_12' title="bbox 477 832 1998 880; baseline 0 -14"><span class='ocrx_word' id='word_1_123' title='bbox 477 833 626 877; x_wconf 83' lang='lat' dir='ltr'>siasticas,</span> <span class='ocrx_word' id='word_1_124' title='bbox 644 834 766 879; x_wconf 85' lang='lat' dir='ltr'>aliaque</span> <span class='ocrx_word' id='word_1_125' title='bbox 790 840 968 880; x_wconf 73' lang='lat' dir='ltr'>appot-tuna</span> <span class='ocrx_word' id='word_1_126' title='bbox 994 834 1070 868; x_wconf 88' lang='lat' dir='ltr'>iuris</span> <span class='ocrx_word' id='word_1_127' title='bbox 1098 839 1127 867; x_wconf 87' lang='lat' dir='ltr'>et</span> <span class='ocrx_word' id='word_1_128' title='bbox 1149 834 1219 867; x_wconf 85' lang='lat' dir='ltr'>sacti</span> <span class='ocrx_word' id='word_1_129' title='bbox 1254 833 1384 877; x_wconf 84' lang='lat' dir='ltr'>singulis</span> <span class='ocrx_word' id='word_1_130' title='bbox 1398 834 1506 877; x_wconf 87' lang='lat' dir='ltr'>(etiam</span> <span class='ocrx_word' id='word_1_131' title='bbox 1522 834 1631 877; x_wconf 75' lang='lat' dir='ltr'>vigore</span> <span class='ocrx_word' id='word_1_132' title='bbox 1644 843 1919 877; x_wconf 87' lang='lat' dir='ltr'>quorumcumque</span> <span class='ocrx_word' id='word_1_133' title='bbox 1935 832 1998 877; x_wconf 90' lang='lat' dir='ltr'>pri-</span> 
     </span>
     <span class='ocr_line' id='line_1_13' title="bbox 478 886 1997 933; baseline 0.001 -14"><span class='ocrx_word' id='word_1_134' title='bbox 478 888 626 930; x_wconf 85' lang='lat' dir='ltr'>remedia,</span> <span class='ocrx_word' id='word_1_135' title='bbox 641 888 726 922; x_wconf 90' lang='lat' dir='ltr'>omni</span> <span class='ocrx_word' id='word_1_136' title='bbox 743 894 771 921; x_wconf 86' lang='lat' dir='ltr'>et</span> <span class='ocrx_word' id='word_1_137' title='bbox 788 899 988 933; x_wconf 82' lang='lat' dir='ltr'>quacumque</span> <span class='ocrx_word' id='word_1_138' title='bbox 1002 887 1220 932; x_wconf 83' lang='lat' dir='ltr'>appellatione,</span> <span class='ocrx_word' id='word_1_139' title='bbox 1256 887 1442 931; x_wconf 79' lang='lat' dir='ltr'>vilegiorum</span> <span class='ocrx_word' id='word_1_140' title='bbox 1458 915 1465 928; x_wconf 95' lang='lat'>,</span> <span class='ocrx_word' id='word_1_141' title='bbox 1498 887 1694 921; x_wconf 85' lang='lat' dir='ltr'>indultorum</span> <span class='ocrx_word' id='word_1_142' title='bbox 1709 914 1716 927; x_wconf 92' lang='lat'><em>‚</em></span> <span class='ocrx_word' id='word_1_143' title='bbox 1741 886 1974 920; x_wconf 71' lang='lat' dir='ltr'>immimitatum</span> <span class='ocrx_word' id='word_1_144' title='bbox 1990 913 1997 926; x_wconf 92' lang='lat'>,</span> 
     </span>
     <span class='ocr_line' id='line_1_14' title="bbox 477 940 1999 986; baseline 0 -13"><span class='ocrx_word' id='word_1_145' title='bbox 477 953 609 976; x_wconf 73' lang='lat' dir='ltr'>recursu</span> <span class='ocrx_word' id='word_1_146' title='bbox 634 948 663 975; x_wconf 89' lang='lat' dir='ltr'>et</span> <span class='ocrx_word' id='word_1_147' title='bbox 687 943 911 976; x_wconf 67' lang='lat' dir='ltr'>reclamatione</span> <span class='ocrx_word' id='word_1_148' title='bbox 935 952 1067 986; x_wconf 87' lang='lat' dir='ltr'>prorsus</span> <span class='ocrx_word' id='word_1_149' title='bbox 1091 942 1221 975; x_wconf 79' lang='lat' dir='ltr'>remotis</span> <span class='ocrx_word' id='word_1_150' title='bbox 1255 941 1503 985; x_wconf 77' lang='lat' dir='ltr'>exemptionum,</span> <span class='ocrx_word' id='word_1_151' title='bbox 1520 945 1572 974; x_wconf 86' lang='lat' dir='ltr'>aut</span> <span class='ocrx_word' id='word_1_152' title='bbox 1597 940 1729 973; x_wconf 90' lang='lat' dir='ltr'>aliarum</span> <span class='ocrx_word' id='word_1_153' title='bbox 1749 940 1934 984; x_wconf 81' lang='lat' dir='ltr'>gratiarum,</span> <span class='ocrx_word' id='word_1_154' title='bbox 1954 940 1999 973; x_wconf 81' lang='lat' dir='ltr'>eis</span> 
     </span>
     <span class='ocr_line' id='line_1_15' title="bbox 478 994 2000 1041; baseline -0.001 -13"><span class='ocrx_word' id='word_1_155' title='bbox 478 1002 507 1028; x_wconf 78' lang='lat' dir='ltr'>et</span> <span class='ocrx_word' id='word_1_156' title='bbox 532 996 736 1041; x_wconf 85' lang='lat' dir='ltr'>postpositis,</span> <span class='ocrx_word' id='word_1_157' title='bbox 768 996 987 1041; x_wconf 79' lang='lat' dir='ltr'>compescendi</span> <span class='ocrx_word' id='word_1_158' title='bbox 1020 1002 1050 1030; x_wconf 86' lang='lat' dir='ltr'>et</span> <span class='ocrx_word' id='word_1_159' title='bbox 1076 996 1221 1040; x_wconf 74' lang='lat' dir='ltr'>compel—</span> <span class='ocrx_word' id='word_1_160' title='bbox 1254 995 1301 1028; x_wconf 65' lang='lat' dir='ltr'>vel</span> <span class='ocrx_word' id='word_1_161' title='bbox 1328 1005 1439 1028; x_wconf 77' lang='lat' dir='ltr'>eorum</span> <span class='ocrx_word' id='word_1_162' title='bbox 1465 995 1622 1035; x_wconf 86' lang='lat' dir='ltr'>eeclesiis,</span> <span class='ocrx_word' id='word_1_163' title='bbox 1647 994 1822 1036; x_wconf 89' lang='lat' dir='ltr'>ordinibus,</span> <span class='ocrx_word' id='word_1_164' title='bbox 1845 1000 2000 1028; x_wconf 88' lang='lat' dir='ltr'>monaste-</span> 
     </span>
     <span class='ocr_line' id='line_1_16' title="bbox 480 1047 1999 1095; baseline -0.001 -13"><span class='ocrx_word' id='word_1_165' title='bbox 480 1050 584 1090; x_wconf 87' lang='lat' dir='ltr'>lendi;</span> <span class='ocrx_word' id='word_1_166' title='bbox 612 1051 827 1095; x_wconf 85' lang='lat' dir='ltr'>auxiliumque</span> <span class='ocrx_word' id='word_1_167' title='bbox 850 1051 974 1084; x_wconf 88' lang='lat' dir='ltr'>brachii</span> <span class='ocrx_word' id='word_1_168' title='bbox 999 1051 1149 1084; x_wconf 85' lang='lat' dir='ltr'>secularis</span> <span class='ocrx_word' id='word_1_169' title='bbox 1164 1078 1171 1092; x_wconf 90' lang='lat'>‚</span> <span class='ocrx_word' id='word_1_170' title='bbox 1196 1051 1222 1083; x_wconf 90' lang='lat' dir='ltr'>si</span> <span class='ocrx_word' id='word_1_171' title='bbox 1257 1047 1321 1088; x_wconf 85' lang='lat' dir='ltr'>riis,</span> <span class='ocrx_word' id='word_1_172' title='bbox 1345 1048 1513 1090; x_wconf 82' lang='lat' dir='ltr'>domibus,</span> <span class='ocrx_word' id='word_1_173' title='bbox 1544 1048 1737 1092; x_wconf 81' lang='lat' dir='ltr'>prioratibus</span> <span class='ocrx_word' id='word_1_174' title='bbox 1761 1048 1999 1093; x_wconf 84' lang='lat' dir='ltr'>quomodolibet</span> 
     </span>
     <span class='ocr_line' id='line_1_17' title="bbox 480 1102 2001 1148; baseline -0.001 -11"><span class='ocrx_word' id='word_1_175' title='bbox 480 1115 559 1148; x_wconf 89' lang='lat' dir='ltr'>opus</span> <span class='ocrx_word' id='word_1_176' title='bbox 578 1104 688 1145; x_wconf 86' lang='lat' dir='ltr'>suerit,</span> <span class='ocrx_word' id='word_1_177' title='bbox 715 1104 902 1144; x_wconf 79' lang='lat' dir='ltr'>invocandi;</span> <span class='ocrx_word' id='word_1_178' title='bbox 927 1104 1049 1148; x_wconf 86' lang='lat' dir='ltr'>aliaque</span> <span class='ocrx_word' id='word_1_179' title='bbox 1075 1105 1105 1137; x_wconf 92' lang='lat' dir='ltr'>in</span> <span class='ocrx_word' id='word_1_180' title='bbox 1130 1114 1222 1148; x_wconf 85' lang='lat' dir='ltr'>prae·</span> <span class='ocrx_word' id='word_1_181' title='bbox 1257 1112 1492 1143; x_wconf 69' lang='lat' dir='ltr'>concessorum,</span> <span class='ocrx_word' id='word_1_182' title='bbox 1516 1102 1788 1141; x_wconf 82' lang='lat' dir='ltr'>confirmatorum,</span> <span class='ocrx_word' id='word_1_183' title='bbox 1812 1103 2001 1148; x_wconf 78' lang='lat' dir='ltr'>approbato-</span> 
     </span>
     <span class='ocr_line' id='line_1_18' title="bbox 480 1156 2000 1203; baseline -0.001 -12"><span class='ocrx_word' id='word_1_184' title='bbox 480 1158 585 1192; x_wconf 81' lang='lat' dir='ltr'>missis</span> <span class='ocrx_word' id='word_1_185' title='bbox 609 1164 639 1192; x_wconf 88' lang='lat' dir='ltr'>et</span> <span class='ocrx_word' id='word_1_186' title='bbox 664 1158 748 1192; x_wconf 87' lang='lat' dir='ltr'>eirca</span> <span class='ocrx_word' id='word_1_187' title='bbox 778 1169 814 1192; x_wconf 85' lang='lat' dir='ltr'>ea</span> <span class='ocrx_word' id='word_1_188' title='bbox 839 1159 1016 1193; x_wconf 83' lang='lat' dir='ltr'>necessaria</span> <span class='ocrx_word' id='word_1_189' title='bbox 1040 1164 1070 1192; x_wconf 90' lang='lat' dir='ltr'>et</span> <span class='ocrx_word' id='word_1_190' title='bbox 1094 1168 1224 1203; x_wconf 87' lang='lat' dir='ltr'>quomo·</span> <span class='ocrx_word' id='word_1_191' title='bbox 1257 1167 1339 1196; x_wconf 84' lang='lat' dir='ltr'>rum,</span> <span class='ocrx_word' id='word_1_192' title='bbox 1368 1162 1396 1189; x_wconf 82' lang='lat' dir='ltr'>et</span> <span class='ocrx_word' id='word_1_193' title='bbox 1429 1156 1663 1200; x_wconf 77' lang='lat' dir='ltr'>innovatorum)</span> <span class='ocrx_word' id='word_1_194' title='bbox 1684 1156 1856 1200; x_wconf 90' lang='lat' dir='ltr'>impedire,</span> <span class='ocrx_word' id='word_1_195' title='bbox 1880 1161 2000 1200; x_wconf 83' lang='lat' dir='ltr'>pertur-</span> 
     </span>
     <span class='ocr_line' id='line_1_19' title="bbox 480 1209 2001 1257; baseline -0.001 -12"><span class='ocrx_word' id='word_1_196' title='bbox 480 1212 597 1246; x_wconf 85' lang='lat' dir='ltr'>dolibet</span> <span class='ocrx_word' id='word_1_197' title='bbox 620 1218 799 1257; x_wconf 87' lang='lat' dir='ltr'>opportuna</span> <span class='ocrx_word' id='word_1_198' title='bbox 832 1212 969 1254; x_wconf 78' lang='lat' dir='ltr'>(etiamsi</span> <span class='ocrx_word' id='word_1_199' title='bbox 994 1212 1066 1245; x_wconf 88' lang='lat' dir='ltr'>talia</span> <span class='ocrx_word' id='word_1_200' title='bbox 1090 1212 1151 1245; x_wconf 89' lang='lat' dir='ltr'>sint</span> <span class='ocrx_word' id='word_1_201' title='bbox 1176 1212 1221 1244; x_wconf 75' lang='lat' dir='ltr'>vel</span> <span class='ocrx_word' id='word_1_202' title='bbox 1258 1210 1342 1251; x_wconf 87' lang='lat' dir='ltr'>bare,</span> <span class='ocrx_word' id='word_1_203' title='bbox 1368 1210 1552 1251; x_wconf 78' lang='lat' dir='ltr'>molestare,</span> <span class='ocrx_word' id='word_1_204' title='bbox 1584 1211 1631 1244; x_wconf 71' lang='lat' dir='ltr'>vel</span> <span class='ocrx_word' id='word_1_205' title='bbox 1668 1210 1842 1254; x_wconf 85' lang='lat' dir='ltr'>inquietare</span> <span class='ocrx_word' id='word_1_206' title='bbox 1866 1209 2001 1244; x_wconf 85' lang='lat' dir='ltr'>audeant</span> 
     </span>
     <span class='ocr_line' id='line_1_20' title="bbox 479 1265 1550 1310; baseline -0.002 -12"><span class='ocrx_word' id='word_1_207' title='bbox 479 1265 605 1307; x_wconf 78' lang='lat' dir='ltr'>suerint,</span> <span class='ocrx_word' id='word_1_208' title='bbox 622 1276 702 1310; x_wconf 88' lang='lat' dir='ltr'>quae</span> <span class='ocrx_word' id='word_1_209' title='bbox 722 1266 822 1309; x_wconf 87' lang='lat' dir='ltr'>magis</span> <span class='ocrx_word' id='word_1_210' title='bbox 846 1265 1024 1310; x_wconf 83' lang='lat' dir='ltr'>specialem,</span> <span class='ocrx_word' id='word_1_211' title='bbox 1045 1265 1222 1309; x_wconf 70' lang='lat' dir='ltr'>specificam</span> <span class='ocrx_word' id='word_1_212' title='bbox 1258 1275 1312 1298; x_wconf 88' lang='lat' dir='ltr'>seu</span> <span class='ocrx_word' id='word_1_213' title='bbox 1339 1270 1550 1309; x_wconf 84' lang='lat' dir='ltr'>praesumant.</span> 
     </span>
     <span class='ocr_line' id='line_1_21' title="bbox 482 1317 2163 1363; baseline -0.001 -11"><span class='ocrx_word' id='word_1_214' title='bbox 482 1324 512 1352; x_wconf 85' lang='lat' dir='ltr'>et</span> <span class='ocrx_word' id='word_1_215' title='bbox 536 1329 716 1363; x_wconf 75' lang='lat' dir='ltr'>expressam</span> <span class='ocrx_word' id='word_1_216' title='bbox 737 1319 937 1363; x_wconf 75' lang='lat' dir='ltr'>requirerent</span> <span class='ocrx_word' id='word_1_217' title='bbox 954 1318 1159 1361; x_wconf 84' lang='lat' dir='ltr'>mentionem)</span> <span class='ocrx_word' id='word_1_218' title='bbox 1180 1320 1224 1351; x_wconf 86' lang='lat' dir='ltr'>t&#39;a-</span> <span class='ocrx_word' id='word_1_219' title='bbox 1303 1318 1318 1360; x_wconf 69' lang='grc' dir='ltr'>ξ</span> <span class='ocrx_word' id='word_1_220' title='bbox 1349 1318 1377 1351; x_wconf 81' lang='grc'>6.</span> <span class='ocrx_word' id='word_1_221' title='bbox 1410 1317 1640 1357; x_wconf 68' lang='lat' dir='ltr'>becci-nonies,</span> <span class='ocrx_word' id='word_1_222' title='bbox 1665 1321 1848 1361; x_wconf 84' lang='lat' dir='ltr'>praesentes</span> <span class='ocrx_word' id='word_1_223' title='bbox 1882 1317 2001 1351; x_wconf 83' lang='lat' dir='ltr'>litteras</span> <span class='ocrx_word' id='word_1_224' title='bbox 2043 1325 2163 1347; x_wconf 75' lang='lat' dir='ltr'>etausutne.</span> 
     </span>
     <span class='ocr_line' id='line_1_22' title="bbox 483 1371 2001 1416; baseline -0.001 -10"><span class='ocrx_word' id='word_1_225' title='bbox 483 1373 594 1414; x_wconf 86' lang='lat' dir='ltr'>ciendi,</span> <span class='ocrx_word' id='word_1_226' title='bbox 620 1372 754 1413; x_wconf 88' lang='lat' dir='ltr'>dicendi,</span> <span class='ocrx_word' id='word_1_227' title='bbox 778 1371 908 1416; x_wconf 83' lang='lat' dir='ltr'>gerendi</span> <span class='ocrx_word' id='word_1_228' title='bbox 933 1378 961 1406; x_wconf 88' lang='lat' dir='ltr'>et</span> <span class='ocrx_word' id='word_1_229' title='bbox 987 1372 1161 1415; x_wconf 84' lang='lat' dir='ltr'>exequendi</span> <span class='ocrx_word' id='word_1_230' title='bbox 1171 1383 1178 1411; x_wconf 86' lang='lat'>;</span> <span class='ocrx_word' id='word_1_231' title='bbox 1260 1371 1396 1411; x_wconf 76' lang='lat' dir='ltr'>validas,</span> <span class='ocrx_word' id='word_1_232' title='bbox 1425 1372 1533 1404; x_wconf 84' lang='lat' dir='ltr'>sirmas</span> <span class='ocrx_word' id='word_1_233' title='bbox 1565 1376 1595 1403; x_wconf 87' lang='lat' dir='ltr'>et</span> <span class='ocrx_word' id='word_1_234' title='bbox 1627 1371 1769 1403; x_wconf 87' lang='lat' dir='ltr'>essicaces</span> <span class='ocrx_word' id='word_1_235' title='bbox 1803 1371 1937 1404; x_wconf 80' lang='lat' dir='ltr'>existere</span> <span class='ocrx_word' id='word_1_236' title='bbox 1971 1378 2001 1405; x_wconf 80' lang='lat' dir='ltr'>et</span> 
     </span>
     <span class='ocr_line' id='line_1_23' title="bbox 283 1423 2002 1487; baseline -0.001 -28"><span class='ocrx_word' id='word_1_237' title='bbox 283 1473 294 1486; x_wconf 38' lang='grc' dir='ltr'><em>ρ</em></span> <span class='ocrx_word' id='word_1_238' title='bbox 323 1439 467 1487; x_wconf 41' lang='lat' dir='ltr'>&#39;pagum-sm</span> <span class='ocrx_word' id='word_1_239' title='bbox 528 1426 581 1470; x_wconf 53' lang='lat' dir='ltr'>§lh</span> <span class='ocrx_word' id='word_1_240' title='bbox 593 1426 880 1471; x_wconf 84' lang='lat' dir='ltr'>lnsuperomnibus</span> <span class='ocrx_word' id='word_1_241' title='bbox 894 1432 923 1459; x_wconf 87' lang='lat' dir='ltr'>et</span> <span class='ocrx_word' id='word_1_242' title='bbox 937 1426 1068 1469; x_wconf 81' lang='lat' dir='ltr'>singulis</span> <span class='ocrx_word' id='word_1_243' title='bbox 1082 1425 1225 1469; x_wconf 84' lang='lat' dir='ltr'>personis</span> <span class='ocrx_word' id='word_1_244' title='bbox 1260 1425 1335 1465; x_wconf 85' lang='lat' dir='ltr'>sore,</span> <span class='ocrx_word' id='word_1_245' title='bbox 1361 1434 1497 1468; x_wconf 80' lang='lat' dir='ltr'>suosque</span> <span class='ocrx_word' id='word_1_246' title='bbox 1524 1424 1683 1467; x_wconf 86' lang='lat' dir='ltr'>plenarios</span> <span class='ocrx_word' id='word_1_247' title='bbox 1704 1429 1735 1457; x_wconf 89' lang='lat' dir='ltr'>et</span> <span class='ocrx_word' id='word_1_248' title='bbox 1762 1423 1904 1467; x_wconf 87' lang='lat' dir='ltr'>integros</span> <span class='ocrx_word' id='word_1_249' title='bbox 1926 1424 2002 1458; x_wconf 82' lang='lat' dir='ltr'>effe-</span> 
     </span>
     <span class='ocr_line' id='line_1_24' title="bbox 297 1473 470 1487; baseline -0.006 -9"><span class='ocrx_word' id='word_1_250' title='bbox 297 1473 320 1487; x_wconf 48' lang='lat' dir='ltr'>..s</span> <span class='ocrx_word' id='word_1_251' title='bbox 355 1474 378 1487; x_wconf 62' lang='lat'>·.,</span> <span class='ocrx_word' id='word_1_252' title='bbox 410 1473 470 1486; x_wconf 50' lang='grc'><strong>,,,,,</strong></span> 
     </span>
    </p>
   </div>
   <div class='ocr_carea' id='block_1_2' title="bbox 284 1477 2003 1524">
    <p class='ocr_par' dir='ltr' id='par_1_3' title="bbox 284 1477 2003 1524">
     <span class='ocr_line' id='line_1_25' title="bbox 284 1477 2003 1524; baseline -0.001 -10"><span class='ocrx_word' id='word_1_253' title='bbox 284 1493 362 1523; x_wconf 62' lang='lat' dir='ltr'>einim</span> <span class='ocrx_word' id='word_1_254' title='bbox 389 1493 466 1513; x_wconf 64' lang='lat' dir='ltr'>heneti·</span> <span class='ocrx_word' id='word_1_255' title='bbox 483 1481 703 1514; x_wconf 79' lang='lat' dir='ltr'>ecclesiasticis</span> <span class='ocrx_word' id='word_1_256' title='bbox 725 1480 924 1524; x_wconf 83' lang='lat' dir='ltr'>supradictis,</span> <span class='ocrx_word' id='word_1_257' title='bbox 945 1486 987 1521; x_wconf 90' lang='lat' dir='ltr'>ut,</span> <span class='ocrx_word' id='word_1_258' title='bbox 1013 1479 1065 1512; x_wconf 67' lang='lat' dir='ltr'>in&#39;³</span> <span class='ocrx_word' id='word_1_259' title='bbox 1093 1478 1224 1513; x_wconf 84' lang='lat' dir='ltr'>faciliori</span> <span class='ocrx_word' id='word_1_260' title='bbox 1260 1484 1327 1511; x_wconf 84' lang='lat' dir='ltr'>ctus</span> <span class='ocrx_word' id='word_1_261' title='bbox 1344 1478 1451 1512; x_wconf 90' lang='lat' dir='ltr'>sortiri</span> <span class='ocrx_word' id='word_1_262' title='bbox 1476 1483 1506 1511; x_wconf 91' lang='lat' dir='ltr'>et</span> <span class='ocrx_word' id='word_1_263' title='bbox 1530 1477 1684 1518; x_wconf 87' lang='lat' dir='ltr'>obtinere,</span> <span class='ocrx_word' id='word_1_264' title='bbox 1709 1477 1816 1521; x_wconf 88' lang='lat' dir='ltr'>sicque</span> <span class='ocrx_word' id='word_1_265' title='bbox 1840 1488 1898 1522; x_wconf 86' lang='lat' dir='ltr'>per</span> <span class='ocrx_word' id='word_1_266' title='bbox 1912 1489 2003 1522; x_wconf 86' lang='lat' dir='ltr'>quos-</span> 
     </span>
    </p>
   </div>
   <div class='ocr_carea' id='block_1_3' title="bbox 283 1525 467 1540">
    <p class='ocr_par' dir='ltr' id='par_1_4' title="bbox 283 1525 467 1540">
     <span class='ocr_line' id='line_1_26' title="bbox 283 1525 467 1540; baseline 0 -1"><span class='ocrx_word' id='word_1_267' title='bbox 283 1527 364 1540; x_wconf 71' lang='grc' dir='ltr'>ΙῚθΙῚΙΙΙΙ</span> <span class='ocrx_word' id='word_1_268' title='bbox 382 1525 467 1540; x_wconf 54' lang='lat' dir='ltr'>¹&lt;util&#39;nlll</span> 
     </span>
    </p>
   </div>
   <div class='ocr_carea' id='block_1_4' title="bbox 283 1531 2205 2226">
    <p class='ocr_par' dir='ltr' id='par_1_5' title="bbox 283 1531 2205 2226">
     <span class='ocr_line' id='line_1_27' title="bbox 283 1531 2003 1576; baseline -0.001 -9"><span class='ocrx_word' id='word_1_269' title='bbox 283 1548 339 1567; x_wconf 68' lang='lat' dir='ltr'>nona</span> <span class='ocrx_word' id='word_1_270' title='bbox 362 1547 388 1567; x_wconf 68' lang='lat' dir='ltr'>aa</span> <span class='ocrx_word' id='word_1_271' title='bbox 413 1546 468 1566; x_wconf 71' lang='lat' dir='ltr'>nunc</span> <span class='ocrx_word' id='word_1_272' title='bbox 483 1534 614 1568; x_wconf 87' lang='lat' dir='ltr'>subsidii</span> <span class='ocrx_word' id='word_1_273' title='bbox 626 1535 808 1568; x_wconf 86' lang='lat' dir='ltr'>huiusmodi</span> <span class='ocrx_word' id='word_1_274' title='bbox 826 1534 992 1575; x_wconf 89' lang='lat' dir='ltr'>solutione,</span> <span class='ocrx_word' id='word_1_275' title='bbox 1009 1533 1225 1572; x_wconf 86' lang='lat' dir='ltr'>ecelesiarum,</span> <span class='ocrx_word' id='word_1_276' title='bbox 1261 1543 1395 1576; x_wconf 83' lang='lat' dir='ltr'>eumque</span> <span class='ocrx_word' id='word_1_277' title='bbox 1420 1532 1539 1565; x_wconf 87' lang='lat' dir='ltr'>iudices</span> <span class='ocrx_word' id='word_1_278' title='bbox 1562 1532 1741 1566; x_wconf 85' lang='lat' dir='ltr'>ordinarios</span> <span class='ocrx_word' id='word_1_279' title='bbox 1764 1537 1795 1565; x_wconf 87' lang='lat' dir='ltr'>et</span> <span class='ocrx_word' id='word_1_280' title='bbox 1821 1531 2003 1576; x_wconf 87' lang='lat' dir='ltr'>delegatos,</span> 
     </span>
     <span class='ocr_line' id='line_1_28' title="bbox 283 1574 2005 1630; baseline -0.002 -8"><span class='ocrx_word' id='word_1_281' title='bbox 283 1574 468 1622; x_wconf 42' lang='lat' dir='ltr'>iiiss&#39;c‘iiisi&#39;ehw&#39;</span> <span class='ocrx_word' id='word_1_282' title='bbox 484 1589 760 1629; x_wconf 87' lang='lat' dir='ltr'>monasteriorum,</span> <span class='ocrx_word' id='word_1_283' title='bbox 783 1593 813 1621; x_wconf 88' lang='lat' dir='ltr'>et</span> <span class='ocrx_word' id='word_1_284' title='bbox 837 1588 973 1621; x_wconf 85' lang='lat' dir='ltr'>aliorum</span> <span class='ocrx_word' id='word_1_285' title='bbox 998 1587 1224 1621; x_wconf 82' lang='lat' dir='ltr'>beneficiorum</span> <span class='ocrx_word' id='word_1_286' title='bbox 1261 1587 1354 1620; x_wconf 88' lang='lat' dir='ltr'>etiam</span> <span class='ocrx_word' id='word_1_287' title='bbox 1380 1597 1545 1620; x_wconf 88' lang='lat' dir='ltr'>causarum</span> <span class='ocrx_word' id='word_1_288' title='bbox 1568 1586 1675 1630; x_wconf 88' lang='lat' dir='ltr'>palatii</span> <span class='ocrx_word' id='word_1_289' title='bbox 1699 1586 1862 1630; x_wconf 84' lang='lat' dir='ltr'>apostolici</span> <span class='ocrx_word' id='word_1_290' title='bbox 1886 1586 2005 1620; x_wconf 88' lang='lat' dir='ltr'>audito-</span> 
     </span>
     <span class='ocr_line' id='line_1_29' title="bbox 483 1639 2004 1685; baseline -0.003 -9"><span class='ocrx_word' id='word_1_291' title='bbox 483 1653 614 1676; x_wconf 89' lang='lat' dir='ltr'>suorum</span> <span class='ocrx_word' id='word_1_292' title='bbox 661 1642 947 1676; x_wconf 85' lang='lat' dir='ltr'>ecclesiastieorum</span> <span class='ocrx_word' id='word_1_293' title='bbox 992 1641 1226 1685; x_wconf 84' lang='lat' dir='ltr'>praedictorum</span> <span class='ocrx_word' id='word_1_294' title='bbox 1261 1652 1322 1682; x_wconf 91' lang='lat' dir='ltr'>res,</span> <span class='ocrx_word' id='word_1_295' title='bbox 1336 1640 1453 1685; x_wconf 87' lang='lat' dir='ltr'>ubique</span> <span class='ocrx_word' id='word_1_296' title='bbox 1472 1639 1603 1674; x_wconf 88' lang='lat' dir='ltr'>iudicari</span> <span class='ocrx_word' id='word_1_297' title='bbox 1628 1645 1657 1673; x_wconf 91' lang='lat' dir='ltr'>et</span> <span class='ocrx_word' id='word_1_298' title='bbox 1682 1639 1806 1673; x_wconf 80' lang='lat' dir='ltr'>definiri</span> <span class='ocrx_word' id='word_1_299' title='bbox 1823 1639 1949 1682; x_wconf 88' lang='lat' dir='ltr'>debere,</span> <span class='ocrx_word' id='word_1_300' title='bbox 1969 1650 2004 1673; x_wconf 80' lang='lat' dir='ltr'>ar,</span> 
     </span>
     <span class='ocr_line' id='line_1_30' title="bbox 483 1693 2004 1739; baseline -0.002 -10"><span class='ocrx_word' id='word_1_301' title='bbox 483 1697 567 1730; x_wconf 83' lang='lat' dir='ltr'>bona</span> <span class='ocrx_word' id='word_1_302' title='bbox 580 1724 588 1739; x_wconf 95' lang='lat'>,</span> <span class='ocrx_word' id='word_1_303' title='bbox 616 1706 679 1730; x_wconf 91' lang='lat' dir='ltr'>non</span> <span class='ocrx_word' id='word_1_304' title='bbox 703 1702 806 1730; x_wconf 86' lang='lat' dir='ltr'>tamen</span> <span class='ocrx_word' id='word_1_305' title='bbox 841 1696 923 1729; x_wconf 88' lang='lat' dir='ltr'>ultra</span> <span class='ocrx_word' id='word_1_306' title='bbox 954 1695 1204 1739; x_wconf 71' lang='lat' dir='ltr'>qiiinisspiennium</span> <span class='ocrx_word' id='word_1_307' title='bbox 1218 1721 1226 1736; x_wconf 91' lang='lat'>,</span> <span class='ocrx_word' id='word_1_308' title='bbox 1262 1695 1386 1728; x_wconf 90' lang='lat' dir='ltr'>irritum</span> <span class='ocrx_word' id='word_1_309' title='bbox 1405 1700 1435 1728; x_wconf 90' lang='lat' dir='ltr'>et</span> <span class='ocrx_word' id='word_1_310' title='bbox 1451 1695 1543 1727; x_wconf 90' lang='lat' dir='ltr'>inane</span> <span class='ocrx_word' id='word_1_311' title='bbox 1567 1693 1720 1738; x_wconf 87' lang='lat' dir='ltr'>quidquid</span> <span class='ocrx_word' id='word_1_312' title='bbox 1737 1704 1828 1727; x_wconf 88' lang='lat' dir='ltr'>secus</span> <span class='ocrx_word' id='word_1_313' title='bbox 1844 1703 1940 1738; x_wconf 84' lang='lat' dir='ltr'>snper</span> <span class='ocrx_word' id='word_1_314' title='bbox 1956 1693 2004 1726; x_wconf 84' lang='lat' dir='ltr'>bis</span> 
     </span>
     <span class='ocr_line' id='line_1_31' title="bbox 484 1747 2005 1796; baseline -0.001 -14"><span class='ocrx_word' id='word_1_315' title='bbox 484 1751 626 1794; x_wconf 85' lang='lat' dir='ltr'>obligare</span> <span class='ocrx_word' id='word_1_316' title='bbox 659 1756 690 1783; x_wconf 88' lang='lat' dir='ltr'>et</span> <span class='ocrx_word' id='word_1_317' title='bbox 718 1750 932 1796; x_wconf 58' lang='lat' dir='ltr'>hypothecare</span> <span class='ocrx_word' id='word_1_318' title='bbox 965 1750 1065 1783; x_wconf 88' lang='lat' dir='ltr'>libere</span> <span class='ocrx_word' id='word_1_319' title='bbox 1091 1755 1120 1782; x_wconf 84' lang='lat' dir='ltr'>et</span> <span class='ocrx_word' id='word_1_320' title='bbox 1144 1749 1227 1782; x_wconf 84' lang='lat' dir='ltr'>licite</span> <span class='ocrx_word' id='word_1_321' title='bbox 1262 1761 1278 1783; x_wconf 85' lang='lat' dir='ltr'>a</span> <span class='ocrx_word' id='word_1_322' title='bbox 1295 1759 1465 1794; x_wconf 86' lang='lat' dir='ltr'>quoquam,</span> <span class='ocrx_word' id='word_1_323' title='bbox 1479 1749 1588 1793; x_wconf 79' lang='lat' dir='ltr'>quavis</span> <span class='ocrx_word' id='word_1_324' title='bbox 1601 1748 1797 1788; x_wconf 86' lang='lat' dir='ltr'>auctoritate,</span> <span class='ocrx_word' id='word_1_325' title='bbox 1809 1747 1944 1781; x_wconf 85' lang='lat' dir='ltr'>scienter</span> <span class='ocrx_word' id='word_1_326' title='bbox 1957 1748 2005 1780; x_wconf 82' lang='lat' dir='ltr'>vel</span> 
     </span>
     <span class='ocr_line' id='line_1_32' title="bbox 486 1803 1826 1848; baseline -0.001 -11"><span class='ocrx_word' id='word_1_327' title='bbox 486 1806 606 1838; x_wconf 75' lang='lat' dir='ltr'>valeant</span> <span class='ocrx_word' id='word_1_328' title='bbox 631 1805 686 1848; x_wconf 83' lang='lat' dir='ltr'>(ita</span> <span class='ocrx_word' id='word_1_329' title='bbox 707 1810 810 1838; x_wconf 83' lang='lat' dir='ltr'>tamen</span> <span class='ocrx_word' id='word_1_330' title='bbox 836 1810 879 1845; x_wconf 90' lang='lat' dir='ltr'>ut,</span> <span class='ocrx_word' id='word_1_331' title='bbox 900 1804 988 1837; x_wconf 83' lang='lat' dir='ltr'>finito</span> <span class='ocrx_word' id='word_1_332' title='bbox 1012 1803 1228 1848; x_wconf 82' lang='lat' dir='ltr'>quinquennio</span> <span class='ocrx_word' id='word_1_333' title='bbox 1263 1805 1456 1847; x_wconf 82' lang='lat' dir='ltr'>ignoranter,</span> <span class='ocrx_word' id='word_1_334' title='bbox 1481 1803 1647 1846; x_wconf 83' lang='lat' dir='ltr'>contigerit</span> <span class='ocrx_word' id='word_1_335' title='bbox 1671 1803 1826 1835; x_wconf 84' lang='lat' dir='ltr'>attentari.</span> 
     </span>
     <span class='ocr_line' id='line_1_33' title="bbox 486 1855 2205 1913; baseline -0.002 -22"><span class='ocrx_word' id='word_1_336' title='bbox 486 1858 679 1899; x_wconf 84' lang='lat' dir='ltr'>huiusmodi,</span> <span class='ocrx_word' id='word_1_337' title='bbox 697 1858 806 1892; x_wconf 84' lang='lat' dir='ltr'>eadem</span> <span class='ocrx_word' id='word_1_338' title='bbox 827 1858 909 1891; x_wconf 87' lang='lat' dir='ltr'>bona</span> <span class='ocrx_word' id='word_1_339' title='bbox 926 1858 966 1890; x_wconf 86' lang='lat' dir='ltr'>ab</span> <span class='ocrx_word' id='word_1_340' title='bbox 987 1857 1181 1900; x_wconf 78' lang='lat' dir='ltr'>obligatione</span> <span class='ocrx_word' id='word_1_341' title='bbox 1198 1862 1226 1890; x_wconf 86' lang='lat' dir='ltr'>et</span> <span class='ocrx_word' id='word_1_342' title='bbox 1307 1858 1322 1901; x_wconf 61' lang='grc' dir='ltr'>ξ</span> <span class='ocrx_word' id='word_1_343' title='bbox 1345 1857 1373 1890; x_wconf 86' lang='lat'>7.</span> <span class='ocrx_word' id='word_1_344' title='bbox 1399 1857 1467 1890; x_wconf 73' lang='lat' dir='ltr'>Non</span> <span class='ocrx_word' id='word_1_345' title='bbox 1492 1856 1635 1890; x_wconf 82' lang='lat' dir='ltr'>obstante</span> <span class='ocrx_word' id='word_1_346' title='bbox 1659 1856 1758 1889; x_wconf 82' lang='lat' dir='ltr'>felicis</span> <span class='ocrx_word' id='word_1_347' title='bbox 1777 1855 2005 1890; x_wconf 82' lang='lat' dir='ltr'>recordationis</span> <span class='ocrx_word' id='word_1_348' title='bbox 2020 1860 2205 1913; x_wconf 47' lang='lat' dir='ltr'>dmfflgtjm‘um</span> 
     </span>
     <span class='ocr_line' id='line_1_34' title="bbox 486 1901 2139 1957; baseline -0.001 -13"><span class='ocrx_word' id='word_1_349' title='bbox 486 1912 662 1957; x_wconf 67' lang='lat' dir='ltr'>hypotheca</span> <span class='ocrx_word' id='word_1_350' title='bbox 686 1911 868 1945; x_wconf 81' lang='lat' dir='ltr'>huiusmodi</span> <span class='ocrx_word' id='word_1_351' title='bbox 889 1911 1018 1945; x_wconf 89' lang='lat' dir='ltr'>omnino</span> <span class='ocrx_word' id='word_1_352' title='bbox 1039 1910 1228 1954; x_wconf 87' lang='lat' dir='ltr'>liberentur)</span> <span class='ocrx_word' id='word_1_353' title='bbox 1264 1910 1411 1944; x_wconf 88' lang='lat' dir='ltr'>Bonisacii</span> <span class='ocrx_word' id='word_1_354' title='bbox 1436 1911 1538 1955; x_wconf 87' lang='lat' dir='ltr'>Papae</span> <span class='ocrx_word' id='word_1_355' title='bbox 1555 1909 1620 1943; x_wconf 81' lang='lat' dir='ltr'>Vlll</span> <span class='ocrx_word' id='word_1_356' title='bbox 1638 1909 1891 1954; x_wconf 84' lang='lat' dir='ltr'>praedecessoris</span> <span class='ocrx_word' id='word_1_357' title='bbox 1905 1909 2005 1943; x_wconf 86' lang='lat' dir='ltr'>nostri</span> <span class='ocrx_word' id='word_1_358' title='bbox 2133 1901 2139 1907; x_wconf 70' lang='grc'><strong><em>’</em></strong></span> 
     </span>
     <span class='ocr_line' id='line_1_35' title="bbox 486 1962 2007 2010; baseline -0.003 -10"><span class='ocrx_word' id='word_1_359' title='bbox 486 1965 689 2007; x_wconf 83' lang='lat' dir='ltr'>concedendi,</span> <span class='ocrx_word' id='word_1_360' title='bbox 713 1966 883 2010; x_wconf 73' lang='lat' dir='ltr'>apostolica</span> <span class='ocrx_word' id='word_1_361' title='bbox 900 1965 1096 2005; x_wconf 84' lang='lat' dir='ltr'>auctoritate,</span> <span class='ocrx_word' id='word_1_362' title='bbox 1120 1969 1230 1998; x_wconf 89' lang='lat' dir='ltr'>tenore</span> <span class='ocrx_word' id='word_1_363' title='bbox 1264 1964 1302 1997; x_wconf 88' lang='lat' dir='ltr'>de</span> <span class='ocrx_word' id='word_1_364' title='bbox 1327 1966 1400 2005; x_wconf 66' lang='lat' dir='ltr'>nnat,</span> <span class='ocrx_word' id='word_1_365' title='bbox 1425 1968 1455 1998; x_wconf 90' lang='lat' dir='ltr'>et</span> <span class='ocrx_word' id='word_1_366' title='bbox 1478 1964 1509 1996; x_wconf 91' lang='lat' dir='ltr'>in</span> <span class='ocrx_word' id='word_1_367' title='bbox 1534 1963 1669 1997; x_wconf 85' lang='lat' dir='ltr'>coneilio</span> <span class='ocrx_word' id='word_1_368' title='bbox 1693 1963 1832 2007; x_wconf 87' lang='lat' dir='ltr'>generali</span> <span class='ocrx_word' id='word_1_369' title='bbox 1856 1963 1940 1996; x_wconf 78' lang='lat' dir='ltr'>edita</span> <span class='ocrx_word' id='word_1_370' title='bbox 1967 1962 2007 1995; x_wconf 87' lang='lat' dir='ltr'>de</span> 
     </span>
     <span class='ocr_line' id='line_1_36' title="bbox 487 2015 2007 2064; baseline -0.001 -13"><span class='ocrx_word' id='word_1_371' title='bbox 487 2020 710 2064; x_wconf 81' lang='lat' dir='ltr'>praesentium,</span> <span class='ocrx_word' id='word_1_372' title='bbox 734 2019 858 2063; x_wconf 79' lang='lat' dir='ltr'>plenam</span> <span class='ocrx_word' id='word_1_373' title='bbox 884 2019 1014 2052; x_wconf 80' lang='lat' dir='ltr'>liberam</span> <span class='ocrx_word' id='word_1_374' title='bbox 1039 2024 1069 2051; x_wconf 87' lang='lat' dir='ltr'>et</span> <span class='ocrx_word' id='word_1_375' title='bbox 1093 2018 1229 2062; x_wconf 87' lang='lat' dir='ltr'>amplam</span> <span class='ocrx_word' id='word_1_376' title='bbox 1264 2017 1386 2051; x_wconf 88' lang='lat' dir='ltr'>duabus</span> <span class='ocrx_word' id='word_1_377' title='bbox 1406 2017 1508 2058; x_wconf 86' lang='lat' dir='ltr'>dietis,</span> <span class='ocrx_word' id='word_1_378' title='bbox 1525 2027 1560 2050; x_wconf 86' lang='lat' dir='ltr'>ac</span> <span class='ocrx_word' id='word_1_379' title='bbox 1577 2019 1684 2051; x_wconf 70' lang='lat' dir='ltr'>nostra</span> <span class='ocrx_word' id='word_1_380' title='bbox 1709 2016 1748 2049; x_wconf 89' lang='lat' dir='ltr'>de</span> <span class='ocrx_word' id='word_1_381' title='bbox 1772 2017 1842 2052; x_wconf 87' lang='lat' dir='ltr'>iure</span> <span class='ocrx_word' id='word_1_382' title='bbox 1864 2015 2007 2060; x_wconf 84' lang='lat' dir='ltr'>quaesito</span> 
     </span>
     <span class='ocr_line' id='line_1_37' title="bbox 489 2069 2007 2117; baseline -0.001 -12"><span class='ocrx_word' id='word_1_383' title='bbox 489 2074 677 2114; x_wconf 76' lang='lat' dir='ltr'>facultatem,</span> <span class='ocrx_word' id='word_1_384' title='bbox 687 2073 905 2106; x_wconf 85' lang='lat' dir='ltr'>auctoritatem</span> <span class='ocrx_word' id='word_1_385' title='bbox 920 2078 947 2106; x_wconf 90' lang='lat' dir='ltr'>et</span> <span class='ocrx_word' id='word_1_386' title='bbox 961 2077 1147 2117; x_wconf 87' lang='lat' dir='ltr'>potestatem</span> <span class='ocrx_word' id='word_1_387' title='bbox 1162 2082 1231 2106; x_wconf 87' lang='lat' dir='ltr'>con-</span> <span class='ocrx_word' id='word_1_388' title='bbox 1265 2082 1328 2105; x_wconf 87' lang='lat' dir='ltr'>non</span> <span class='ocrx_word' id='word_1_389' title='bbox 1353 2071 1513 2112; x_wconf 88' lang='lat' dir='ltr'>tollendo,</span> <span class='ocrx_word' id='word_1_390' title='bbox 1537 2070 1668 2115; x_wconf 87' lang='lat' dir='ltr'>aliisque</span> <span class='ocrx_word' id='word_1_391' title='bbox 1693 2069 1891 2114; x_wconf 85' lang='lat' dir='ltr'>apostolicis,</span> <span class='ocrx_word' id='word_1_392' title='bbox 1915 2079 1952 2103; x_wconf 87' lang='lat' dir='ltr'>ac</span> <span class='ocrx_word' id='word_1_393' title='bbox 1976 2069 2007 2102; x_wconf 92' lang='lat' dir='ltr'>in</span> 
     </span>
     <span class='ocr_line' id='line_1_38' title="bbox 489 2123 2009 2171; baseline -0.003 -11"><span class='ocrx_word' id='word_1_394' title='bbox 489 2127 631 2161; x_wconf 86' lang='lat' dir='ltr'>cedimus</span> <span class='ocrx_word' id='word_1_395' title='bbox 648 2132 677 2160; x_wconf 88' lang='lat' dir='ltr'>et</span> <span class='ocrx_word' id='word_1_396' title='bbox 695 2127 905 2171; x_wconf 88' lang='lat' dir='ltr'>impertimur.</span> <span class='ocrx_word' id='word_1_397' title='bbox 1266 2125 1533 2166; x_wconf 71' lang='lat' dir='ltr'>universitatibus,</span> <span class='ocrx_word' id='word_1_398' title='bbox 1547 2123 1858 2169; x_wconf 84' lang='lat' dir='ltr'>provincialibusque</span> <span class='ocrx_word' id='word_1_399' title='bbox 1872 2128 1903 2156; x_wconf 89' lang='lat' dir='ltr'>et</span> <span class='ocrx_word' id='word_1_400' title='bbox 1918 2133 2009 2168; x_wconf 64' lang='lat' dir='ltr'>syno-</span> 
     </span>
     <span class='ocr_line' id='line_1_39' title="bbox 306 2175 2007 2226; baseline -0.003 -12"><span class='ocrx_word' id='word_1_401' title='bbox 306 2188 473 2211; x_wconf 68' lang='lat' dir='ltr'>tnhitmndoois-</span> <span class='ocrx_word' id='word_1_402' title='bbox 534 2181 549 2226; x_wconf 65' lang='grc' dir='ltr'><strong>ξ</strong></span> <span class='ocrx_word' id='word_1_403' title='bbox 573 2180 602 2214; x_wconf 82' lang='grc'>5.</span> <span class='ocrx_word' id='word_1_404' title='bbox 627 2180 804 2214; x_wconf 83' lang='lat' dir='ltr'>Distrietius</span> <span class='ocrx_word' id='word_1_405' title='bbox 829 2180 1005 2213; x_wconf 80' lang='lat' dir='ltr'>inhibentes</span> <span class='ocrx_word' id='word_1_406' title='bbox 1023 2179 1233 2224; x_wconf 81' lang='lat' dir='ltr'>archiepisco·</span> <span class='ocrx_word' id='word_1_407' title='bbox 1266 2179 1388 2212; x_wconf 86' lang='lat' dir='ltr'>dalibus</span> <span class='ocrx_word' id='word_1_408' title='bbox 1422 2177 1564 2212; x_wconf 85' lang='lat' dir='ltr'>conciliis</span> <span class='ocrx_word' id='word_1_409' title='bbox 1599 2177 1711 2218; x_wconf 88' lang='lat' dir='ltr'>editis,</span> <span class='ocrx_word' id='word_1_410' title='bbox 1735 2175 1937 2221; x_wconf 81' lang='lat' dir='ltr'>generalibus</span> <span class='ocrx_word' id='word_1_411' title='bbox 1959 2176 2007 2209; x_wconf 88' lang='lat' dir='ltr'>vel</span> 
     </span>
    </p>
   </div>
   <div class='ocr_carea' id='block_1_5' title="bbox 291 2216 474 2239">
    <p class='ocr_par' dir='ltr' id='par_1_6' title="bbox 291 2216 474 2239">
     <span class='ocr_line' id='line_1_40' title="bbox 291 2216 474 2239; baseline -0.005 -3"><span class='ocrx_word' id='word_1_412' title='bbox 291 2216 345 2239; x_wconf 64' lang='lat' dir='ltr'>iti-m.</span> <span class='ocrx_word' id='word_1_413' title='bbox 358 2222 384 2236; x_wconf 76' lang='lat' dir='ltr'>ne</span> <span class='ocrx_word' id='word_1_414' title='bbox 395 2216 474 2236; x_wconf 81' lang='lat' dir='ltr'>dictum</span> 
     </span>
    </p>
   </div>
   <div class='ocr_carea' id='block_1_6' title="bbox 291 2229 2011 2710">
    <p class='ocr_par' dir='ltr' id='par_1_7' title="bbox 291 2229 2010 2387">
     <span class='ocr_line' id='line_1_41' title="bbox 291 2229 2010 2289; baseline -0.004 -20"><span class='ocrx_word' id='word_1_415' title='bbox 291 2248 395 2289; x_wconf 54' lang='lat'>3300231121</span> <span class='ocrx_word' id='word_1_416' title='bbox 398 2242 420 2287; x_wconf 71' lang='lat' dir='ltr'>jn</span> <span class='ocrx_word' id='word_1_417' title='bbox 434 2243 475 2283; x_wconf 53' lang='lat'>¹¹3⁴?</span> <span class='ocrx_word' id='word_1_418' title='bbox 490 2235 549 2279; x_wconf 91' lang='lat' dir='ltr'>pis,</span> <span class='ocrx_word' id='word_1_419' title='bbox 569 2235 734 2279; x_wconf 83' lang='lat' dir='ltr'>episcopis,</span> <span class='ocrx_word' id='word_1_420' title='bbox 759 2234 956 2278; x_wconf 85' lang='lat' dir='ltr'>praepositis,</span> <span class='ocrx_word' id='word_1_421' title='bbox 985 2233 1120 2274; x_wconf 86' lang='lat' dir='ltr'>decanis,</span> <span class='ocrx_word' id='word_1_422' title='bbox 1148 2233 1232 2277; x_wconf 79' lang='lat' dir='ltr'>capi·</span> <span class='ocrx_word' id='word_1_423' title='bbox 1267 2233 1455 2277; x_wconf 78' lang='lat' dir='ltr'>specialibus</span> <span class='ocrx_word' id='word_1_424' title='bbox 1487 2230 1763 2266; x_wconf 87' lang='lat' dir='ltr'>constitutionibus</span> <span class='ocrx_word' id='word_1_425' title='bbox 1787 2235 1816 2264; x_wconf 90' lang='lat' dir='ltr'>et</span> <span class='ocrx_word' id='word_1_426' title='bbox 1839 2229 2010 2264; x_wconf 88' lang='lat' dir='ltr'>ordinatio-</span> 
     </span>
     <span class='ocr_line' id='line_1_42' title="bbox 292 2275 2007 2330; baseline -0.005 -6"><span class='ocrx_word' id='word_1_427' title='bbox 292 2276 383 2316; x_wconf 45' lang='lat' dir='ltr'>nfffwni-</span> <span class='ocrx_word' id='word_1_428' title='bbox 406 2275 462 2295; x_wconf 50' lang='grc' dir='ltr'>’μ’</span> <span class='ocrx_word' id='word_1_429' title='bbox 492 2289 581 2330; x_wconf 88' lang='lat' dir='ltr'>tulis,</span> <span class='ocrx_word' id='word_1_430' title='bbox 610 2288 785 2330; x_wconf 79' lang='lat' dir='ltr'>canonicis,</span> <span class='ocrx_word' id='word_1_431' title='bbox 806 2287 994 2329; x_wconf 80' lang='lat' dir='ltr'>rectoribus,</span> <span class='ocrx_word' id='word_1_432' title='bbox 1019 2287 1232 2327; x_wconf 81' lang='lat' dir='ltr'>beneficiatis,</span> <span class='ocrx_word' id='word_1_433' title='bbox 1267 2287 1374 2328; x_wconf 85' lang='lat' dir='ltr'>nibus,</span> <span class='ocrx_word' id='word_1_434' title='bbox 1403 2297 1438 2319; x_wconf 87' lang='lat' dir='ltr'>ae</span> <span class='ocrx_word' id='word_1_435' title='bbox 1463 2285 1678 2326; x_wconf 87' lang='lat' dir='ltr'>ecclesiarum,</span> <span class='ocrx_word' id='word_1_436' title='bbox 1703 2293 1826 2318; x_wconf 85' lang='lat' dir='ltr'>necnon</span> <span class='ocrx_word' id='word_1_437' title='bbox 1849 2283 2007 2323; x_wconf 87' lang='lat' dir='ltr'>ordinum,</span> 
     </span>
     <span class='ocr_line' id='line_1_43' title="bbox 490 2337 2010 2387; baseline -0.005 -10"><span class='ocrx_word' id='word_1_438' title='bbox 490 2353 613 2377; x_wconf 86' lang='lat' dir='ltr'>necnon</span> <span class='ocrx_word' id='word_1_439' title='bbox 625 2343 802 2384; x_wconf 85' lang='lat' dir='ltr'>abbatibus,</span> <span class='ocrx_word' id='word_1_440' title='bbox 815 2342 986 2387; x_wconf 84' lang='lat' dir='ltr'>prioribus,</span> <span class='ocrx_word' id='word_1_441' title='bbox 1000 2340 1232 2375; x_wconf 86' lang='lat' dir='ltr'>commendata·</span> <span class='ocrx_word' id='word_1_442' title='bbox 1267 2341 1560 2385; x_wconf 76' lang='lat' dir='ltr'>congregationum,</span> <span class='ocrx_word' id='word_1_443' title='bbox 1592 2338 1875 2378; x_wconf 87' lang='lat' dir='ltr'>monasteriorum,</span> <span class='ocrx_word' id='word_1_444' title='bbox 1899 2337 2010 2370; x_wconf 91' lang='lat' dir='ltr'>domo-</span> 
     </span>
    </p>

    <p class='ocr_par' dir='ltr' id='par_1_8' title="bbox 491 2390 2008 2441">
     <span class='ocr_line' id='line_1_44' title="bbox 491 2390 2008 2441; baseline -0.004 -13"><span class='ocrx_word' id='word_1_445' title='bbox 491 2397 556 2438; x_wconf 84' lang='lat' dir='ltr'>riis,</span> <span class='ocrx_word' id='word_1_446' title='bbox 573 2397 750 2438; x_wconf 85' lang='lat' dir='ltr'>abbatissis,</span> <span class='ocrx_word' id='word_1_447' title='bbox 769 2396 939 2441; x_wconf 82' lang='lat' dir='ltr'>priorissis,</span> <span class='ocrx_word' id='word_1_448' title='bbox 960 2401 989 2429; x_wconf 90' lang='lat' dir='ltr'>et</span> <span class='ocrx_word' id='word_1_449' title='bbox 1006 2395 1233 2440; x_wconf 81' lang='lat' dir='ltr'>superiorilms,</span> <span class='ocrx_word' id='word_1_450' title='bbox 1268 2405 1350 2436; x_wconf 88' lang='lat' dir='ltr'>rum,</span> <span class='ocrx_word' id='word_1_451' title='bbox 1371 2400 1402 2427; x_wconf 87' lang='lat' dir='ltr'>et</span> <span class='ocrx_word' id='word_1_452' title='bbox 1424 2394 1623 2438; x_wconf 87' lang='lat' dir='ltr'>prioratuum</span> <span class='ocrx_word' id='word_1_453' title='bbox 1642 2391 1877 2437; x_wconf 84' lang='lat' dir='ltr'>praedictorum</span> <span class='ocrx_word' id='word_1_454' title='bbox 1902 2390 2008 2433; x_wconf 89' lang='lat' dir='ltr'>(etiam</span> 
     </span>
    </p>

    <p class='ocr_par' dir='ltr' id='par_1_9' title="bbox 491 2444 2009 2495">
     <span class='ocr_line' id='line_1_45' title="bbox 491 2444 2009 2495; baseline -0.004 -13"><span class='ocrx_word' id='word_1_455' title='bbox 491 2450 623 2495; x_wconf 77' lang='lat' dir='ltr'>aliisque</span> <span class='ocrx_word' id='word_1_456' title='bbox 658 2450 865 2494; x_wconf 86' lang='lat' dir='ltr'>supradictis,</span> <span class='ocrx_word' id='word_1_457' title='bbox 889 2450 947 2483; x_wconf 90' lang='lat' dir='ltr'>snb</span> <span class='ocrx_word' id='word_1_458' title='bbox 981 2449 1234 2483; x_wconf 80' lang='lat' dir='ltr'>excommunica·</span> <span class='ocrx_word' id='word_1_459' title='bbox 1269 2449 1456 2488; x_wconf 80' lang='lat' dir='ltr'>iuramento,</span> <span class='ocrx_word' id='word_1_460' title='bbox 1481 2446 1721 2480; x_wconf 83' lang='lat' dir='ltr'>confirmatione</span> <span class='ocrx_word' id='word_1_461' title='bbox 1746 2444 1937 2489; x_wconf 73' lang='lat' dir='ltr'>apostolica,</span> <span class='ocrx_word' id='word_1_462' title='bbox 1961 2444 2009 2477; x_wconf 79' lang='lat' dir='ltr'>vel</span> 
     </span>
    </p>

    <p class='ocr_par' dir='ltr' id='par_1_10' title="bbox 493 2496 2011 2603">
     <span class='ocr_line' id='line_1_46' title="bbox 493 2496 2010 2549; baseline -0.006 -11"><span class='ocrx_word' id='word_1_463' title='bbox 493 2504 584 2538; x_wconf 84' lang='lat' dir='ltr'>tionis</span> <span class='ocrx_word' id='word_1_464' title='bbox 597 2505 735 2546; x_wconf 83' lang='lat' dir='ltr'>maioris,</span> <span class='ocrx_word' id='word_1_465' title='bbox 754 2516 770 2537; x_wconf 90' lang='lat' dir='ltr'>a</span> <span class='ocrx_word' id='word_1_466' title='bbox 787 2515 847 2549; x_wconf 83' lang='lat' dir='ltr'>qua</span> <span class='ocrx_word' id='word_1_467' title='bbox 864 2504 988 2538; x_wconf 88' lang='lat' dir='ltr'>nonnisi</span> <span class='ocrx_word' id='word_1_468' title='bbox 1003 2514 1060 2548; x_wconf 87' lang='lat' dir='ltr'>per</span> <span class='ocrx_word' id='word_1_469' title='bbox 1074 2513 1234 2537; x_wconf 88' lang='lat' dir='ltr'>summum</span> <span class='ocrx_word' id='word_1_470' title='bbox 1269 2502 1378 2547; x_wconf 71' lang='lat' dir='ltr'>qil-aris</span> <span class='ocrx_word' id='word_1_471' title='bbox 1397 2500 1546 2534; x_wconf 85' lang='lat' dir='ltr'>firmitate</span> <span class='ocrx_word' id='word_1_472' title='bbox 1571 2499 1631 2533; x_wconf 73' lang='lat' dir='ltr'>alia</span> <span class='ocrx_word' id='word_1_473' title='bbox 1654 2498 1824 2541; x_wconf 84' lang='lat' dir='ltr'>roboratis)</span> <span class='ocrx_word' id='word_1_474' title='bbox 1842 2496 1964 2532; x_wconf 86' lang='lat' dir='ltr'>statutis</span> <span class='ocrx_word' id='word_1_475' title='bbox 1981 2502 2010 2529; x_wconf 90' lang='lat' dir='ltr'>et</span> 
     </span>
     <span class='ocr_line' id='line_1_47' title="bbox 494 2550 2011 2603; baseline -0.005 -12"><span class='ocrx_word' id='word_1_476' title='bbox 494 2558 675 2592; x_wconf 80' lang='lat' dir='ltr'>Pontificem</span> <span class='ocrx_word' id='word_1_477' title='bbox 692 2570 750 2603; x_wconf 88' lang='lat' dir='ltr'>pro</span> <span class='ocrx_word' id='word_1_478' title='bbox 771 2563 913 2603; x_wconf 87' lang='lat' dir='ltr'>tempore</span> <span class='ocrx_word' id='word_1_479' title='bbox 935 2558 1130 2599; x_wconf 82' lang='lat' dir='ltr'>existentem,</span> <span class='ocrx_word' id='word_1_480' title='bbox 1148 2568 1236 2601; x_wconf 86' lang='lat' dir='ltr'>prae·</span> <span class='ocrx_word' id='word_1_481' title='bbox 1269 2554 1557 2594; x_wconf 85' lang='lat' dir='ltr'>consuetudinibus,</span> <span class='ocrx_word' id='word_1_482' title='bbox 1582 2552 1702 2596; x_wconf 85' lang='lat' dir='ltr'>legibus</span> <span class='ocrx_word' id='word_1_483' title='bbox 1726 2551 1821 2585; x_wconf 87' lang='lat' dir='ltr'>etiam</span> <span class='ocrx_word' id='word_1_484' title='bbox 1837 2550 2011 2594; x_wconf 89' lang='lat' dir='ltr'>municipa-</span> 
     </span>
    </p>

    <p class='ocr_par' dir='ltr' id='par_1_11' title="bbox 533 2603 2011 2666">
     <span class='ocr_line' id='line_1_48' title="bbox 533 2603 2011 2666; baseline -0.008 -18"><span class='ocrx_word' id='word_1_485' title='bbox 533 2631 540 2657; x_wconf 87' lang='lat'>1</span> <span class='ocrx_word' id='word_1_486' title='bbox 560 2629 630 2657; x_wconf 74' lang='lat' dir='ltr'>Edu.</span> <span class='ocrx_word' id='word_1_487' title='bbox 648 2629 727 2658; x_wconf 77' lang='lat' dir='ltr'>Main.</span> <span class='ocrx_word' id='word_1_488' title='bbox 745 2630 808 2665; x_wconf 51' lang='lat' dir='ltr'>mg„</span> <span class='ocrx_word' id='word_1_489' title='bbox 823 2630 963 2666; x_wconf 69' lang='lat' dir='ltr'>quodque,</span> <span class='ocrx_word' id='word_1_490' title='bbox 982 2632 1013 2657; x_wconf 71' lang='lat' dir='ltr'>ut</span> <span class='ocrx_word' id='word_1_491' title='bbox 1028 2630 1065 2665; x_wconf 72' lang='lat' dir='ltr'>(a.</span> <span class='ocrx_word' id='word_1_492' title='bbox 1083 2631 1132 2664; x_wconf 38' lang='lat' dir='ltr'>m).</span> <span class='ocrx_word' id='word_1_493' title='bbox 1269 2611 1351 2644; x_wconf 84' lang='lat' dir='ltr'>libus</span> <span class='ocrx_word' id='word_1_494' title='bbox 1375 2613 1404 2644; x_wconf 83' lang='lat' dir='ltr'>et</span> <span class='ocrx_word' id='word_1_495' title='bbox 1428 2607 1586 2647; x_wconf 81' lang='lat' dir='ltr'>institutis,</span> <span class='ocrx_word' id='word_1_496' title='bbox 1610 2605 1784 2652; x_wconf 82' lang='lat' dir='ltr'>privilegiis</span> <span class='ocrx_word' id='word_1_497' title='bbox 1808 2613 1946 2663; x_wconf 80' lang='lat' dir='ltr'>quoque,</span> <span class='ocrx_word' id='word_1_498' title='bbox 1967 2603 2011 2636; x_wconf 89' lang='lat' dir='ltr'>in-</span> 
     </span>
    </p>

    <p class='ocr_par' dir='ltr' id='par_1_12' title="bbox 530 2658 2010 2710">
     <span class='ocr_line' id='line_1_49' title="bbox 530 2658 2010 2710; baseline -0.006 -11"><span class='ocrx_word' id='word_1_499' title='bbox 530 2674 546 2700; x_wconf 70' lang='lat'><strong>2</strong></span> <span class='ocrx_word' id='word_1_500' title='bbox 562 2674 654 2710; x_wconf 76' lang='lat' dir='ltr'>Aptius</span> <span class='ocrx_word' id='word_1_501' title='bbox 668 2674 868 2710; x_wconf 77' lang='lat' dir='ltr'>tegereturpro</span> <span class='ocrx_word' id='word_1_502' title='bbox 883 2683 972 2710; x_wconf 79' lang='lat' dir='ltr'>quam</span> <span class='ocrx_word' id='word_1_503' title='bbox 987 2675 1017 2704; x_wconf 78' lang='lat' dir='ltr'>in</span> <span class='ocrx_word' id='word_1_504' title='bbox 1032 2676 1068 2709; x_wconf 69' lang='lat' dir='ltr'>(a.</span> <span class='ocrx_word' id='word_1_505' title='bbox 1087 2674 1136 2709; x_wconf 80' lang='grc' dir='ltr'>τ.).</span> <span class='ocrx_word' id='word_1_506' title='bbox 1270 2663 1364 2697; x_wconf 86' lang='lat' dir='ltr'>dultis</span> <span class='ocrx_word' id='word_1_507' title='bbox 1389 2668 1418 2696; x_wconf 89' lang='lat' dir='ltr'>et</span> <span class='ocrx_word' id='word_1_508' title='bbox 1442 2660 1554 2696; x_wconf 85' lang='lat' dir='ltr'>litteris</span> <span class='ocrx_word' id='word_1_509' title='bbox 1577 2659 1769 2705; x_wconf 85' lang='lat' dir='ltr'>apostolicis,</span> <span class='ocrx_word' id='word_1_510' title='bbox 1794 2658 1865 2699; x_wconf 88' lang='lat' dir='ltr'>illis,</span> <span class='ocrx_word' id='word_1_511' title='bbox 1885 2667 2010 2692; x_wconf 88' lang='lat' dir='ltr'>eorum-</span> 
     </span>
    </p>
   </div>
   <div class='ocr_carea' id='block_1_7' title="bbox 1228 319 1233 428">
    <p class='ocr_par' dir='ltr' id='par_1_13' title="bbox 1228 319 1233 428">
     <span class='ocr_line' id='line_1_50' title="bbox 1228 319 1233 428; baseline 0 2803"><span class='ocrx_word' id='word_1_512' title='bbox 1228 319 1233 428; x_wconf 95' lang='lat' dir='ltr'> </span> 
     </span>
    </p>
   </div>
   <div class='ocr_carea' id='block_1_8' title="bbox 1240 1328 1248 2045">
    <p class='ocr_par' dir='ltr' id='par_1_14' title="bbox 1240 1328 1248 2045">
     <span class='ocr_line' id='line_1_51' title="bbox 1240 1328 1248 2045; baseline 0 0"><span class='ocrx_word' id='word_1_513' title='bbox 1240 1328 1248 2045; x_wconf 95' lang='lat' dir='ltr'> </span> 
     </span>
    </p>
   </div>
   <div class='ocr_carea' id='block_1_9' title="bbox 2216 0 2293 3231">
    <p class='ocr_par' dir='ltr' id='par_1_15' title="bbox 2216 0 2293 3231">
     <span class='ocr_line' id='line_1_52' title="bbox 2216 0 2293 3231; baseline 0 0"><span class='ocrx_word' id='word_1_514' title='bbox 2216 0 2293 3231; x_wconf 95' lang='lat' dir='ltr'> </span> 
     </span>
    </p>
   </div>
  </div>
 </body>
</html>
