2293 3231
75 285 124 314 An.
139 283 167 312 C.
190 283 258 312 1613

899 284 1017 307 PAULrs

273 331 409 370 clivium,
420 334 564 375 apertum
579 330 707 370 aditum,
718 335 747 363 et
757 331 873 363 exitum
888 331 1010 364 facilem

271 383 360 427 aquis
384 383 556 416 ‹ravamenti
582 384 751 427 nuncupati
777 384 815 417 de
840 384 1010 426 Foscaglia,

271 440 301 468 et
325 446 420 479 super
444 436 544 469 soi-nia
570 436 737 468 excavandi
763 441 793 469 et
818 436 1010 479 expurgandi

271 493 440 532 utrumque
465 488 654 521 conductum
680 488 860 521 Genarellae
886 494 912 520 et
940 489 1012 522 Fos-

270 540 388 584 cagliae
421 552 518 584 usque
550 541 578 573 in
612 541 729 573 flumen
762 541 894 581 Panarii,
921 542 1011 574 etde

270 594 364 628 modo
389 594 567 633 exaltandi,
586 599 616 627 et
634 594 828 638 expurgandi
847 605 1010 627 catanien-

269 652 335 680 tum
359 652 572 691 nuncupatum
599 647 632 680 Ia
655 647 778 687 Muza,
797 652 823 679 et
852 647 1010 680 muniendi

269 700 353 744 ripas
379 696 473 739 illius,
491 705 518 733 et
545 712 640 743 super
666 700 759 733 modo
783 700 876 732 dandi
893 701 1009 733 exitum

269 753 357 798 aquis
380 753 629 786 Bononiensibus
645 764 662 785 a
679 753 837 786 communi
865 753 951 786 Gadii
981 759 1010 786 et

268 807 337 840 aliis
363 806 582 851 superioribus
606 806 683 839 locis
715 806 752 838 ad
782 816 930 849 praesens
961 806 1010 839 de-

267 859 441 893 rivantibus
470 858 501 891 in
525 858 721 892 territorium
746 859 1008 900 Nonantulanum,

268 918 298 946 et
322 924 418 957 super
443 912 558 952 modo,
585 923 647 955 quo
679 912 891 945 Bononienses
924 918 1009 946 tenc-

267 971 377 999 rentur
408 965 550 1009 recipere
583 975 679 1008 aquas
708 964 774 1007 agri
799 965 1007 999 Nonantulani

267 1029 324 1063 per
349 1029 460 1061 agrum
485 1017 713 1051 Bononiensem
739 1018 894 1051 mediante
924 1018 1007 1051 dicto

267 1077 450 1106 cavamento
485 1072 688 1111 Genarellae;
718 1077 881 1116 praeterea
913 1083 1007 1116 super

266 1126 443 1159 confinibus
466 1125 548 1159 inter
571 1126 826 1159 Nonantulanum
854 1131 884 1159 et
907 1126 1007 1160 Bono-

265 1179 373 1212 niense
403 1178 562 1211 territoria
594 1178 783 1222 respective,
809 1184 837 1211 et
871 1178 1005 1222 denique

265 1231 346 1265 inter
370 1231 501 1265 dilectos
517 1232 637 1276 pariter
662 1232 744 1265 filios
768 1233 1004 1266 universitatem

265 1290 294 1318 et
319 1285 462 1318 homines
486 1286 607 1319 Ross'eni
632 1297 666 1318 ex
693 1288 771 1327 una,
796 1298 830 1319 ae
856 1285 1006 1319 universi-

212 1353 215 1356 <
264 1343 359 1372 tatem
384 1344 414 1372 et
439 1340 583 1373 homines
615 1340 871 1381 Montisturturis‚
904 1345 1004 1373 terra-

111 2624 243 2648 (zon->ordine

63 2650 129 2673 tonor-

263 1403 335 1426 rum
360 1404 414 1426 seu
439 1393 582 1426 locorum
607 1394 774 1427 comitatus
802 1394 1004 1427 Bononiensis

263 1451 293 1479 et
306 1446 488 1480 Mutinensis
504 1447 677 1490 respective
695 1446 835 1487 dominii,
853 1458 888 1480 ex
905 1448 1002 1480 altera

262 1500 422 1544 partibus⁷
453 1510 547 1544 super
580 1500 736 1533 dictorum
774 1501 918 1534 locorum
949 1512 1003 1534 seu

262 1558 418 1586 terrarum
450 1553 642 1594 confinibus,
668 1559 698 1586 et
728 1554 824 1592 alias,
855 1560 947 1598 prout
973 1555 1003 1587 in

260 1607 470 1641 instrumento
495 1607 708 1651 insi-ascripto)
726 1608 830 1641 dilecti
852 1609 907 1641 tilii
930 1609 1004 1642 ller-

261 1661 346 1694 cules
371 1661 541 1704 [tang-onus
561 1666 591 1693 et
615 1662 725 1704 loseph
750 1662 915 1695 Anselmus
929 1663 1002 1696 dicti

261 1714 403 1759 Mapliaei
427 1714 595 1747 cardinalis
612 1720 643 1747 et
667 1715 760 1757 legati
785 1715 945 1749 auditores
963 1717 1001 1749 ab

260 1767 330 1811 ipso
355 1768 505 1811 Maphaeo
525 1767 682 1800 cardinale
708 1773 736 1801 et
761 1769 874 1811 legato,
893 1770 1001 1812 rigore

260 1821 415 1854 facultatis
438 1825 502 1853 tam
534 1832 608 1854 suae
641 1821 806 1864 legationis
831 1834 924 1866 quam
956 1824 999 1856 illi

260 1873 395 1918 desuper
413 1873 589 1917 specialiter
613 1874 713 1915 datae,
729 1885 787 1908 nec
804 1886 866 1909 non
883 1876 1001 1921 Philip·

260 1937 320 1971 pus
344 1927 479 1970 Pepulus
497 1932 527 1960 et
551 1927 664 1960 Silvius
690 1928 877 1971 Albergatus
894 1940 910 1962 a
928 1930 1001 1963 dile-

260 1980 317 2014 ctis
337 1980 456 2024 pariter
480 1980 553 2013 filiis
574 1981 780 2027 quadraginta
805 1982 881 2016 viris
904 1984 1001 2016 resor-

259 2033 433 2067 matoribus
455 2033 558 2068 Status
581 2034 733 2067 libertatis
750 2035 850 2068 dictae
868 2036 999 2070 civitatis

259 2087 486 2127 Bononiensis,
516 2098 551 2120 ac
576 2088 721 2129 *Andreas
750 2089 945 2122 Codebovius
969 2095 1000 2123 et

259 2139 418 2184 quondam
443 2140 552 2173 Petrus
577 2140 691 2173 Paulus
719 2141 814 2175 Caula
843 2152 859 2174 a
884 2142 998 2176 dilecto

258 2193 324 2226 silio
347 2193 445 2226 nobili
471 2193 537 2226 viro
562 2193 691 2227 Caesare
720 2194 839 2228 Estensi
864 2196 998 2230 Mutinae

259 2250 289 2279 et
312 2246 424 2290 Rhegii
449 2247 528 2279 duce
551 2247 726 2290 respective
749 2247 905 2291 deputati,
930 2260 998 2282 om-

257 2299 350 2333 nihus
374 2305 405 2333 et
429 2300 561 2343 singulis
592 2311 649 2344 per
683 2301 790 2344 plures
815 2312 938 2335 menses
969 2309 999 2336 et

258 2363 356 2387 annos
370 2355 521 2393 tractatis,
538 2365 574 2387 ac
591 2355 738 2388 omnibus
755 2356 893 2399 partium
911 2367 999 2400 prae-

257 2407 452 2440 tensionihus
486 2418 521 2440 ac
550 2408 672 2441 iuribus
696 2414 802 2441 exacte
826 2409 996 2451 discussis,

258 2465 288 2493 et
310 2465 433 2494 mature
457 2461 530 2494 hinc
554 2461 626 2495 inde
650 2462 815 2503 ventilatis,
843 2463 881 2495 ad
906 2463 997 2496 infra-

258 2513 409 2557 scriptam
433 2514 615 2548 devenerint
640 2516 851 2555 concordiam,
878 2517 995 2550 tenoris

257 2566 426 2610 sequentis,
451 2567 611 2601 videlicet:

1043 284 1061 306 v
1086 285 1123 307 PP
1691 275 1754 308 225

1045 331 1262 364 decimotertio
1276 359 1283 371 ,
1315 332 1483 364 indictione
1520 332 1699 371 undecima,
1736 333 1784 364 dic

1046 395 1119 415 vero
1144 384 1295 427 vigesimo
1313 390 1421 417 octavo
1448 384 1564 416 mensis
1588 385 1785 427 septembris,

1045 441 1187 479 tempore
1221 437 1418 479 pontificatus
1448 437 1634 469 sanctissimi
1667 437 1785 470 domini

1045 489 1143 521 nostri
1158 489 1274 521 domini
1290 489 1385 526 Pauli,
1399 490 1502 522 divina
1523 489 1717 533 providentia
1735 491 1786 522 Pa-

1046 552 1103 584 pae
1123 542 1155 581 V,
1176 542 1256 573 vira-a
1280 543 1388 574 borani
1406 542 1541 585 primam
1561 543 1661 576 noctis
1682 543 1785 576 subse—

1046 594 1168 636 quentis
1178 594 1291 627 dictam
1303 595 1396 634 diem,
1411 595 1510 627 tribus
1522 595 1729 628 luminaribus
1739 608 1785 630 ac-

1045 646 1156 685 censis,
1179 646 1322 679 diurnam
1342 648 1443 679 lucem
1464 649 1782 691 repraesentantibus

1088 699 1134 731 Ad
1152 699 1303 731 sedandas
1321 700 1519 743 quaestiones
1537 701 1610 733 satis
1628 701 1781 745 antiquas,

1043 752 1214 795 pendentes
1238 752 1319 784 inter
1336 752 1481 797 inclytam
1507 754 1662 787 civitatem
1688 755 1785 788 Bono-

1043 805 1184 837 niensem
1202 810 1229 837 et
1251 805 1334 837 illius
1351 806 1470 839 Statum
1495 817 1531 839 ex
1549 809 1621 846 una,
1642 812 1671 839 et
1688 807 1783 852 incly-

1043 862 1106 889 tam
1124 857 1280 892 civitatem
1301 862 1330 891 et
1348 858 1466 892 Statum
1491 859 1625 892 Mutinae
1651 870 1687 892 ex
1708 860 1780 900 alia,

1043 920 1138 954 super
1158 910 1252 943 variis
1272 911 1438 955 capitibus,
1457 917 1485 944 et
1507 911 1587 944 inter
1604 917 1723 945 cetera:

1086 963 1192 996 Primo
1218 974 1313 1008 super
1338 965 1432 998 modo
1450 975 1582 1009 operum
1608 965 1639 997 in
1655 965 1783 999 ssumine

1042 1017 1175 1058 Panarii,
1200 1022 1230 1050 et
1255 1017 1359 1059 circa,
1386 1029 1538 1062 secusque
1569 1019 1654 1063 ripas
1678 1019 1782 1058 illius,

1040 1080 1119 1114 quae
1134 1070 1346 1104 Bononienses
1362 1071 1609 1115 praetendebant
1622 1072 1724 1105 facere
1739 1072 1782 1105 eis

1040 1122 1149 1163 licere,
1174 1128 1240 1156 tum
1272 1124 1311 1156 ad
1339 1124 1529 1157 obriandum
1555 1129 1584 1157 et
1613 1124 1782 1169 impedien-

1039 1176 1114 1209 dum
1131 1186 1170 1209 ne
1188 1177 1306 1210 flumen
1323 1177 1519 1221 praedictum
1537 1179 1733 1211 continuaret
1749 1179 1780 1211 in

1039 1230 1236 1264 corrodendo
1251 1235 1279 1264 et
1293 1231 1483 1264 destruendo
1503 1235 1626 1266 terrena
1642 1231 1684 1264 ibi
1706 1243 1780 1265 con—

1039 1286 1124 1329 tigua
1141 1286 1200 1319 sita
1225 1286 1255 1318 in
1280 1297 1357 1329 agro
1383 1286 1581 1327 Bononiensi,
1603 1290 1667 1320 tum
1686 1287 1778 1319 etiam

1038 1341 1074 1374 ad
1100 1341 1314 1373 reducendum
1339 1341 1457 1374 dictum
1483 1342 1600 1373 llumen
1624 1340 1662 1372 ad
1696 1341 1779 1373 illius

1038 1395 1206 1439 pristinum
1227 1396 1363 1435 alveum,

1083 1447 1119 1479 Et
1138 1447 1249 1480 deinde
1274 1447 1356 1480 circa
1382 1448 1512 1480 modum
1537 1448 1630 1480 dandi
1655 1449 1777 1481 felicem

1037 1500 1226 1538 declivium,
1251 1506 1395 1544 alierum·
1430 1500 1564 1541 aditum,
1598 1507 1627 1534 et
1655 1502 1778 1534 facilem

1036 1555 1153 1588 exitum
1170 1555 1259 1598 aquis
1279 1555 1451 1587 eavamenti
1469 1556 1639 1599 nuncupati
1665 1555 1701 1588 di
1720 1556 1779 1589 Fo-

1035 1608 1171 1651 scaylia,
1186 1613 1213 1640 et
1240 1618 1335 1652 super
1359 1609 1459 1641 forma
1486 1609 1653 1642 excavandi
1680 1614 1707 1643 et
1730 1620 1778 1642 ex-

1035 1662 1190 1705 purgandi
1214 1666 1381 1706 utrumque
1396 1664 1585 1696 conductum
1600 1664 1777 1697 Zenarellae

1035 1721 1065 1748 et
1083 1715 1240 1748 Foscaliae
1255 1726 1353 1759 usque
1368 1716 1397 1748 in
1415 1716 1531 1749 flumen
1548 1717 1681 1757 Panarii,
1693 1723 1721 1751 et
1739 1718 1777 1751 de

1035 1770 1129 1803 modo
1155 1769 1323 1802 excavandi
1351 1775 1381 1802 et
1405 1770 1598 1814 expurgandi
1617 1781 1777 1804 cavamen-

1035 1828 1099 1856 tum
1125 1828 1339 1867 nuncupatum
1366 1824 1397 1856 la
1422 1824 1543 1864 Muzza,
1562 1828 1591 1858 et
1615 1825 1776 1858 muniendi

1034 1877 1117 1920 ripas
1142 1877 1234 1917 illius,
1249 1882 1278 1909 et
1303 1887 1397 1920 super
1421 1877 1515 1910 modo
1540 1878 1633 1910 dandi
1658 1879 1775 1911 exitum

1033 1930 1122 1974 aquis
1140 1930 1388 1964 Bononiensibus
1408 1942 1424 1963 a
1449 1932 1609 1964 communi
1634 1932 1722 1965 Gadii
1747 1938 1775 1966 et

1033 1984 1102 2016 aliis
1127 1984 1343 2028 superioribus
1368 1985 1445 2017 locis
1470 1984 1499 2016 in
1524 1985 1774 2028 praesentiarum

1033 2037 1246 2070 derivantibus
1257 2038 1288 2070 in
1303 2038 1498 2071 territorium
1511 2038 1775 2079 Nonantulanum,

1033 2096 1063 2123 et
1078 2101 1173 2135 super
1191 2091 1295 2131 modo,
1313 2102 1376 2134 quo
1396 2091 1609 2125 Bononienses
1629 2097 1774 2125 teneren-

1033 2149 1083 2177 tur
1108 2144 1250 2188 recipere
1275 2155 1372 2188 aquas
1396 2145 1465 2187 agri
1490 2145 1698 2178 ‘Nonantulani
1718 2156 1775 2189 per

1032 2208 1145 2241 agrum
1163 2197 1392 2231 Bononiensem
1411 2198 1567 2231 mediante
1588 2198 1671 2232 dicto
1688 2209 1774 2232 cava-

1033 2256 1140 2284 mento
1166 2251 1363 2291 Zenarellae;

1077 2305 1168 2343 Item,
1194 2308 1223 2338 et
1247 2315 1342 2348 super
1366 2303 1482 2337 finibus
1515 2305 1595 2337 inter
1619 2306 1774 2339 Nonantu-

1032 2358 1139 2390 lanum
1156 2361 1186 2392 et
1203 2358 1399 2391 Bononiense
1416 2358 1628 2397 territorium3

1076 2411 1113 2444 Et
1130 2411 1265 2455 denique
1283 2422 1341 2455 pro
1363 2411 1581 2453 extinguendis
1597 2412 1774 2455 antiquissi-

1031 2463 1089 2495 mis
1099 2464 1321 2497 controversiis
1332 2464 1443 2497 finium
1454 2465 1630 2497 eommunis
1640 2465 1771 2506 Roffeni,

1031 2518 1198 2551 comitatus
1214 2518 1436 2557 Bononiensis,
1459 2523 1488 2551 et
1516 2518 1771 2559 Montisturturis,

1030 2571 1160 2604 dominii
1178 2571 1370 2612 Mutinensis,
1389 2583 1468 2615 quos
1492 2572 1569 2605 fines
1593 2572 1701 2606 civitas
1717 2573 1772 2607 Bo-

302 2620 316 2663 §
340 2619 368 2652 2.
395 2620 428 2653 In
452 2621 565 2655 Christi
597 2623 739 2655 Nomine.
771 2624 879 2657 Amen.
907 2624 1013 2660 Anno
1011 2636 1012 2649 ¹
1030 2625 1190 2658 noniensis
1212 2625 1436 2668 praetendebat
1455 2636 1486 2658 se
1505 2626 1672 2659 extendere
1686 2631 1771 2660 tians

257 2673 295 2705 ab
311 2672 394 2706 illius
407 2673 566 2707 nativitate
583 2675 752 2710 millesimo
769 2677 1013 2721 sexcentesimo

303 2735 381 2764 Bull.
397 2736 480 2763 Rom.
500 2736 559 2764 Vol.
575 2737 641 2764 ΧΙΙ
672 2767 679 2774 N
838 2738 872 2766 29

1011 2662 1147 2712 flumen
1160 2678 1323 2712 Samodiae
1333 2689 1350 2710 v
1353 2688 1387 2711 e1
1390 2689 1442 2712 sus
1451 2678 1656 2721 occidentem,
1671 2690 1770 2724 usque

1801 285 1892 311 A11.‹:.
1918 285 1983 311 1613

1848 718 1983 741 Differentiae

1800 748 1931 767 enarrantur.
