2293 3231
251 287 300 313 An.
317 285 346 312 c.
363 284 429 312 1621
479 276 543 310 496
1023 284 1201 308 arcumen
1227 284 1381 309 nomnen

450 334 610 377 pressione
635 333 800 375 dignarum
826 342 1110 376 ‹ipim-timeumque,
1136 342 1192 375 per
1207 335 1209 370 j
1226 331 1270 364 ris
1290 331 1553 371 revocationibus,
1572 333 1839 376 suspensionibus,
1855 333 1966 367 limita-

449 398 502 419 eos
519 386 593 419 alias
605 386 803 419 obtentorum
823 391 850 418 et
867 384 1121 425 obtinendorum,
1139 390 1190 417 aut
1207 377 1209 424 J
1226 384 1372 421 tionibus,
1390 385 1686 425 modificationibus,
1703 385 1837 420 decretis
1853 392 1882 420 et
1897 396 1967 420 con-

450 440 525 472 alias
541 438 789 482 quomodolibet,
807 443 833 469 et
853 438 963 482 quovis
983 438 1126 482 quaesito
1143 449 1193 471 co·
1207 429 1209 457 ἶ
1225 437 1440 472 stitutionibus
1460 438 1651 483 apostoliciS,
1676 438 1825 472 similium
1850 440 1966 483 gratia-

453 494 517 525 lore
543 493 589 524 rel
615 491 750 534 ingenio.
768 501 822 524 seu
842 501 951 524 eorum
977 491 1140 528 industria,
1159 491 1192 523 li-
1227 502 1295 524 rum
1313 492 1528 531 revocatoriis,
1547 492 1593 524 vel
1615 500 1695 536 quae
1724 502 1777 525 eas
1797 491 1967 526 limitarent

449 546 508 577 cite
529 551 647 585 tamen>
661 544 813 588 acquisita
831 549 858 577 et
877 544 1079 588 acquirenda,
1097 544 1190 577 etiam
1207 529 1209 592 ff
1226 554 1279 576 seu
1306 544 1504 577 moderarent
1518 571 1525 584 ‚
1549 554 1630 588 quae
1653 554 1670 576 a
1695 543 1786 578 nobis
1800 571 1807 581 ,
1832 549 1861 577 et
1885 543 1967 578 dicta

450 599 478 630 in
496 598 589 639 t'rbe,
605 598 735 641 eiusque
759 597 913 637 districtu,
933 603 960 629 et
982 597 1098 640 ubique
1115 598 1192 630 exis·
1208 594 1209 607 ¹
1226 597 1304 630 Sede
1321 608 1379 641 pro
1397 603 1552 641 tempore,
1574 602 1604 630 et
1621 607 1658 630 ex
1675 596 1837 641 quibusvis
1854 597 1967 639 causis,

451 651 543 683 tentia
559 650 577 690 ⁴,
603 651 712 694 spoliis
749 651 877 683 minime
914 650 1111 686 subiaceant:
1138 651 1190 683 sed
1207 662 1210 704 Ι
1225 650 1318 683 etiam
1345 650 1587 693 urgentissimis,
1604 650 1698 683 etiam
1720 649 1752 682 in
1776 650 1918 684 savorem
1934 649 1969 683 fi-

449 704 656 737 conclavistae
684 704 824 748 praefati,
850 704 943 737 etiam
971 705 997 737 si
1018 703 1192 747 Religioni‘²
1207 705 1209 750 j
1225 702 1329 743 dei,ac
1340 702 1436 735 divini
1451 703 1553 738 cultus
1566 707 1782 746 augmentum,
1792 702 1886 736 etiam
1898 711 1968 736 con-

449 758 582 790 alicuius
599 758 738 798 militiae,
756 758 849 791 etiam
872 758 968 791 sancti
985 758 1108 791 loannis
1123 757 1192 791 llie-
1207 756 1209 806 J
1226 755 1441 796 sistorialiter‚
1467 757 1514 789 vel
1539 756 1624 797 alias,
1649 756 1758 800 quavis
1781 755 1968 790 auctoritate

450 811 676 856 rosolymitani‚
701 811 850 855 adscripti
876 812 1001 853 suerint,
1023 811 1061 844 de.
1079 811 1140 844 illis
1160 811 1191 844 in
1208 814 1209 834 t
1226 809 1396 851 hactenus,
1422 809 1470 842 vel
1494 809 1526 842 in
1550 813 1714 853 posterum
1739 808 1968 850 emanaverint,

450 865 587 897 t'arorem
612 875 886 908 quarumcumque
910 874 1130 908 personarum,
1151 869 1193 897 et·
1226 862 1356 895 minime
1381 863 1627 906 comprehensas
1652 872 1741 903 esse,
1766 861 1821 896 sed
1845 861 1969 906 quoties

451 917 537 949 iamsi
554 917 687 950 curiales
701 928 769 950 esse
782 917 941 959 desierim,
956 917 1029 950 etin
1043 927 1192 961 quocum·
1207 937 1210 957 ι
1226 915 1297 949 illae
1314 916 1515 957 enianabunt‚
1532 916 1624 950 toties
1641 915 1766 949 easdem
1786 919 1969 960 praesentes

451 980 510 1013 que
526 970 595 1004 loco
611 971 812 1014 quantumvis
830 976 953 1004 remoto
970 981 1024 1004 eos
1040 970 1192 1004 decedere
1207 958 1210 994 i
1227 969 1257 1002 in
1281 969 1448 1013 pristinum
1473 974 1588 1003 statum
1613 970 1789 1011 restitutas,
1814 969 1968 1014 repositas

449 1023 615 1067 contigerit
631 1050 638 1064 ,
659 1023 765 1058 testari
791 1030 822 1056 et
845 1024 921 1056 alias
945 1023 1124 1067 disponere,
1143 1023 1193 1056 iis·
1208 1036 1209 1050 ι
1226 1028 1255 1056 et
1281 1023 1488 1066 reintegratas
1513 1033 1580 1057 esse
1604 1023 1746 1063 censeri;

449 1087 524 1120 que;
549 1077 588 1110 ab
613 1077 759 1111 intestato
783 1077 1018 1117 decedentibus,
1053 1055 1210 1119 legitimei
1271 1077 1286 1122 ξ
1314 1076 1360 1110 18.
1386 1077 1499 1122 Sicque
1527 1088 1585 1122 per
1608 1087 1827 1122 quoscumque
1849 1076 1969 1110 iudices

1976 286 2029 313 An.
2047 285 2076 314 C.
2095 285 2158 314 ¹621

288 1309 406 1335 Exequutei
413 1315 434 1330 es

251 1338 346 1363 deputat.

280 2109 293 2127 Λ
303 2110 392 2136 registro
401 2112 436 2127 ra-

253 2139 322 2155 mera?
334 2136 412 2154 emnil.

257 2536 364 2556 Clausum
380 2541 440 2560 prae·

257 2564 374 2583 μ’ῐηιῑιιεις
404 2567 440 2587 ap-

257 2590 324 2614 potiit.

449 1141 560 1164 eorum
585 1130 737 1164 haeredes
753 1131 946 1176 quicumque
970 1130 1138 1164 succedere
1154 1130 1192 1163 li-

450 1185 525 1219 bere
549 1190 579 1218 et
602 1185 687 1218 licite
712 1186 849 1226 valeant,
874 1185 968 1218 simili
1002 1184 1098 1218 modo
1122 1194 1193 1218 con-

450 1239 591 1273 cedimus
611 1246 641 1273 et
665 1239 880 1282 indulgemus:

494 1292 584 1335 §115
611 1292 840 1336 praecipientes
871 1303 905 1325 ac
936 1292 1119 1325 mandantes
1149 1291 1210 1324 di-t

451 1346 538 1379 lectis
561 1345 634 1378 tiliis
658 1355 741 1378 nunc
767 1351 794 1378 et
812 1356 870 1389 pro
896 1350 1037 1389 tempore
1062 1345 1194 1378 existen-

451 1400 534 1434 tibus
558 1399 588 1432 S.
623 1400 656 1432 R.
686 1399 719 1432 E.
751 1399 947 1442 camerario,
973 1397 1192 1437 thesaurario,

449 1453 701 1498 praesidentibus
733 1453 855 1487 clericis
891 1463 1034 1486 camerae
1066 1458 1192 1485 nostrae

451 1507 659 1551 apostolicae,
684 1512 710 1539 et
737 1506 901 1550 quibusvis
924 1506 993 1539 aliis
1017 1505 1192 1550 spoliorum

450 1560 631 1594 huiusmodi
655 1559 888 1600 collectoribus,
906 1565 935 1592 et
960 1552 1211 1593 subcoIleetorist

451 1615 520 1655 bus,
537 1625 572 1647 ac
598 1613 780 1647 militiarum
810 1614 1022 1657 praefatarum
1051 1605 1211 1658 officiali-J

451 1669 518 1709 bus,
536 1673 586 1700 aut
609 1667 778 1711 prioribus,
796 1677 834 1700 uc
852 1667 882 1699 in
900 1666 1079 1699 huiusmodi
1102 1665 1194 1698 bonis
1210 1669 1211 1678 ¹

451 1732 562 1755 manus
587 1727 756 1765 apponant,
774 1731 875 1764 neque
899 1719 1051 1753 haeredes
1075 1719 1194 1763 praesa-

451 1780 554 1809 torum
580 1774 842 1808 conclavistarum
865 1773 1001 1817 desuper
1025 1773 1211 1812 molestare¹

450 1829 583 1862 audeant
608 1839 662 1861 seu
680 1831 898 1872 praesumant:
916 1838 952 1860 ac
969 1826 1062 1859 etiam
1089 1826 1195 1860 decer-

451 1889 558 1916 nentes
583 1882 767 1915 donationes
784 1892 840 1925 per
865 1881 945 1913 viam
972 1879 1148 1913 testamenti
1164 1884 1193 1912 et

450 1936 670 1969 codicillorum
686 1962 693 1976 ,
718 1946 774 1979 per
807 1935 891 1978 ipsos
923 1933 1128 1967 conclavistas
1156 1932 1213 1982 ἀεὶ

451 2000 562 2023 eorum
579 1989 670 2022 bonis
687 1988 867 2022 huiusmodi
885 1987 1051 2027 faciendas,
1070 1996 1195 2030 semper
1210 1995 1212 2019 ;

452 2048 481 2075 ct
506 2047 660 2086 perpetuo
686 2041 801 2074 validas
823 2046 849 2073 cl
878 2040 1019 2073 efficaces
1044 2041 1128 2074 sore:

497 2098 512 2137 J<
531 2095 576 2128 15.
592 2095 654 2128 Nec
668 2093 795 2127 eosdem
810 2093 1027 2133 conclavistas,
1044 2102 1195 2125 eorumve

452 2149 599 2192 aliquem,
624 2148 662 2180 ad
698 2152 879 2191 praesentes
915 2147 1033 2179 litteras
1059 2146 1088 2178 in
1113 2145 1195 2178 dieta

453 2203 577 2235 camera
603 2200 825 2234 insinuandum
839 2205 889 2232 aut
909 2199 1030 2232 admitti
1048 2204 1077 2232 et
1102 2199 1197 2241 regis-

453 2255 528 2289 trari
554 2255 724 2299 petendum
749 2254 858 2288 teneri.
886 2263 941 2286 uec
968 2253 1051 2292 illas,
1074 2253 1195 2285 etiamsi

454 2310 523 2342 illae
548 2309 629 2341 intra
655 2315 777 2352 tempus
804 2307 979 2351 legitimum
1006 2306 1195 2346 insinuatae,

454 2363 618 2403 admissae,
636 2372 691 2395 seu
708 2361 891 2404 registratae
906 2370 967 2393 uon
983 2359 1107 2399 luerint,
1127 2370 1197 2403 pro-

455 2422 562 2460 pterea
586 2416 691 2448 minus
724 2415 840 2447 validas
876 2413 1019 2449 censeri.
1044 2413 1098 2446 sed
1123 2423 1196 2445 suos

456 2470 613 2513 plenarios
638 2469 767 2502 ell'ectus
792 2467 899 2501 sortiri
923 2466 1056 2501 debere:

500 2524 515 2565 ,Ε
540 2523 590 2555 17.
617 2524 658 2555 Ac
676 2522 802 2555 easdem
823 2526 1003 2565 praesentes
1020 2521 1148 2559 litteras,
1167 2525 1193 2552 ct

458 2577 487 2609 in
505 2577 549 2609 cis
573 2581 717 2610 contenta
742 2586 970 2620 quaecumque,
989 2575 1047 2608 sub
1069 2573 1197 2618 quibus-

494 2650 502 2675 1
517 2647 587 2674 ldest
597 2648 684 2681 bona;
696 2647 738 2675 ed.
750 2647 830 2674 Maiu.
844 2647 908 2682 legit
917 2646 1097 2675 eristentium
1108 2647 1192 2681 (usn).

492 2692 508 2719 2
525 2691 643 2720 Erronee
659 2691 722 2720 edit.
739 2691 817 2720 Main.
835 2691 899 2728 legit
918 2690 1079 2726 Reliyionia
1092 2690 1130 2725 (n.
1145 2690 1194 2725 12).

1226 1135 1255 1164 et
1280 1131 1530 1172 commissarios,
1558 1131 1668 1175 quavis
1692 1130 1879 1165 auctoritate
1901 1130 1970 1164 sun-

1225 1189 1350 1228 gentes,
1375 1185 1407 1218 in
1430 1184 1540 1230 quavis
1565 1186 1660 1219 causa
1684 1189 1714 1218 et
1737 1183 1884 1219 instantia
1907 1183 1970 1227 (su-

1226 1237 1309 1272 blata
1334 1237 1390 1279 eis,
1405 1243 1435 1271 et
1452 1248 1563 1272 eorum
1588 1237 1727 1279 cuilibet,
1752 1236 1862 1281 quavis
1878 1236 1969 1270 aliter

1226 1291 1383 1324 iudicandi
1409 1297 1437 1325 et
1463 1290 1691 1335 interpretandi
1716 1291 1886 1334 facultate),
1902 1289 1970 1323 ubi-

1226 1355 1287 1389 que
1311 1345 1443 1378 iudicari
1460 1349 1491 1379 et
1507 1344 1631 1378 definiri
1655 1344 1782 1384 debere,
1799 1343 1926 1377 irritum
1939 1348 1970 1377 et

1227 1399 1328 1441 inane,
1347 1398 1372 1432 si
1386 1409 1477 1432 secus
1501 1408 1596 1442 super
1612 1397 1662 1430 his
1677 1407 1695 1431 a
1711 1406 1883 1441 quoquam,
1898 1406 1971 1441 qua-

1226 1453 1272 1486 vis
1296 1452 1502 1494 auctoritate,
1527 1452 1662 1486 scienter
1693 1452 1741 1485 vel
1766 1451 1970 1495 ignoranter,

1227 1506 1396 1550 contigerit
1419 1506 1578 1540 attentari:

1272 1561 1286 1603 ξ,
1304 1559 1355 1593 19.
1374 1560 1409 1593 Et
1426 1559 1556 1604 insuper
1572 1559 1694 1593 dilectis
1711 1558 1784 1592 filiis
1796 1558 1971 1593 rescriben-
2001 1596 2004 1600 .
2031 1569 2098 1599 iussio
2112 1569 2168 1597 quod

1227 1613 1316 1647 dario
1343 1618 1374 1646 et
1391 1613 1602 1657 computatori
1627 1612 1804 1646 litterarum
1825 1596 2055 1671 apostoli-giiii,e
2084 1596 2169 1649 ''⁸³32‘-

1227 1669 1388 1706 carum,et
1405 1665 1474 1698 aliis
1499 1665 1536 1698 ad
1562 1676 1642 1709 quos
1666 1668 1794 1709 spectat,
1811 1664 1843 1697 in
1856 1664 1971 1697 virtute
2001 1651 2077 1672 '²⁰¹⁰‘

1228 1725 1353 1753 sanetae
1377 1719 1593 1759 obedientiae,
1618 1723 1646 1751 et
1673 1718 1731 1753 sub
1755 1719 1858 1762 poena
1883 1717 1967 1751 indi-

1228 1772 1385 1816 gnationis
1409 1777 1546 1812 nostrae,
1563 1777 1654 1805 motu
1669 1771 1774 1812 simili,
1788 1776 1819 1804 et
1831 1781 1868 1805 ex
1885 1772 1972 1804 certa

1228 1827 1370 1867 scientia,
1387 1836 1422 1859 ac
1448 1825 1487 1859 de
1511 1825 1701 1869 apostolieae
1725 1824 1888 1869 potestatis
1911 1824 1972 1868 ple—

1228 1879 1369 1913 nitudine
1382 1889 1439 1923 per
1456 1878 1629 1922 apostolica
1643 1879 1759 1922 scripta
1775 1877 1972 1918 mandamus,

1228 1939 1262 1966 ut
1293 1933 1411 1967 litteras
1443 1931 1632 1976 apostolicas
1668 1931 1847 1976 praedictas
1878 1941 1972 1975 super

1228 1985 1410 2031 praemissis
1435 1985 1584 2018 omnibus
1608 1990 1635 2018 et
1655 1984 1798 2027 singulis,
1815 1987 1879 2018 tam
1896 1993 1971 2018 con-

1210 2032 1360 2073 'iunetim
1385 2049 1479 2083 quam
1504 2038 1682 2083 separatim,
1699 2048 1735 2071 ae
1759 2047 1817 2081 pro
1841 2037 1972 2080 singulis

1212 2093 1346 2136 ¹quibus
1371 2102 1519 2125 concessa
1544 2092 1686 2128 suerunt,
1714 2102 1749 2124 ac
1774 2100 1917 2125 seorsum
1941 2095 1972 2124 et

1230 2146 1408 2191 separatim,
1423 2156 1495 2179 cum
1512 2145 1658 2179 omnibus
1676 2150 1706 2178 et
1719 2144 1972 2188 quibuscumque.

1213 2237 1214 2240 ,
1230 2200 1498 2244 derogationibus.
1515 2200 1649 2234 decretis
1669 2203 1698 2234 et
1714 2199 1862 2233 clausulis
1879 2198 1911 2231 in
1927 2198 1972 2232 eis

1231 2254 1396 2294 contentis,
1421 2253 1518 2297 gratis
1542 2253 1581 2286 de
1606 2252 1752 2286 mandato
1776 2257 1885 2286 nostro
1905 2251 1972 2285 ubi-

1231 2318 1301 2351 que,
1320 2307 1350 2339 in
1368 2307 1517 2341 omnibus
1530 2306 1651 2346 officiis,
1665 2306 1758 2339 etiam
1773 2304 1971 2339 abbreviato-

1232 2372 1314 2402 rum,
1332 2361 1583 2400 sollicitatorum,
1601 2359 1855 2398 secretariorum,
1872 2357 1972 2401 plum-

1232 2414 1326 2458 bique
1351 2419 1379 2447 et
1406 2413 1542 2457 registri,
1559 2413 1678 2456 absque
1700 2411 1804 2455 aliqua
1828 2411 1971 2455 pecunia-

1231 2478 1303 2501 rum
1325 2467 1496 2506 exactione,
1517 2465 1609 2499 etiam
1627 2475 1685 2509 per
1711 2465 1791 2498 viam
1816 2465 1971 2509 composi-

1231 2521 1324 2554 tionis
1360 2519 1519 2557 l'acienda,
1545 2518 1629 2552 omni
1665 2517 1912 2552 contradictione
1941 2523 1971 2550 et

1230 2573 1378 2606 dilatione
1392 2571 1595 2612 cessantibus,
1612 2571 1744 2614 signent,
1762 2570 1923 2615 expediant
1941 2576 1967 2603 et

1231 2627 1380 2672 expedire
1405 2626 1526 2659 saciant.

1274 2682 1288 2725 ξ
1313 2680 1364 2714 ⁹20.
1389 2680 1457 2715 ¹Non
1481 2678 1679 2714 obstantibus
1705 2679 1906 2724 praemissis,
1933 2687 1970 2713 ac
1983 2669 2168 2724 d„„„fi‘,'¹¹““¹⁵¹
