2293 3231
229 296 268 321 An
295 295 323 321 C.
346 296 412 324 16¹7

460 287 523 321 >to-2
1000 294 1177 318 nerninem

432 344 647 378 instituendis,
673 342 880 375 conscientiae
910 342 1034 373 casibus
1066 341 1170 384 expla-

431 396 560 432 nandis,
594 396 769 439 scripturae
806 404 910 426 sacrae
944 393 1149 425 declaramlae
1163 419 1170 432 ‚

431 449 547 493 quique
573 448 664 480 etiam
692 458 820 490 operam
847 447 999 479 collocent
1019 446 1048 477 in
1073 445 1172 488 philo-

431 502 558 545 sophiae
577 506 603 533 et
627 499 802 542 theologiae
822 499 995 543 disciplinis
1012 498 1171 531 tradendis

430 566 465 587 ac
489 553 710 598 explicandis¹.
734 554 832 586 Nemo
857 552 939 585 enim
965 552 995 584 in
1021 554 1104 585 tanta
1129 551 1190 611 ci-,

433 607 524 640 vitate
539 611 583 640 est
600 606 664 639 sive
682 605 870 639 secularium
889 605 952 637 sive
967 605 1170 647 regularium.

431 660 483 703 qni
502 659 681 692 huiusmodi
696 659 803 692 munia
817 658 960 694 obeant‘2,
975 664 1002 690 et
1030 658 1083 701 qui
1102 669 1173 701 pro-

432 719 538 757 pterea
556 712 622 745 dies
639 723 673 745 ac
692 718 799 745 noctes
816 712 981 747 ecclesiae,
999 711 1171 756 psallendo,
1188 735 1189 738 η

1203 293 1355 317 ῃοΜΑΝυΜ

1205 350 1328 373 morum
1343 339 1468 372 circiter
1482 339 1585 373 existit
1595 339 1613 380 ¹,
1625 339 1662 371 ad
1676 340 1766 372 aliam
1783 338 1943 382 parocbia-

1206 394 1265 425 lem
1292 393 1496 425 Auximanam
1530 391 1663 425 vicinam
1687 398 1715 425 et
1742 392 1796 426 tibi
1821 391 1943 425 benevi-

1205 457 1270 477 sam
1287 445 1519 483 transferretur,
1533 456 1568 477 ac
1583 444 1652 484 alia,
1665 455 1746 488 quae
1759 449 1943 488 sequuntur,

1206 499 1326 538 tierent,
1353 509 1387 530 ex
1414 498 1472 530 boc
1498 497 1637 540 profecto
1662 497 1819 530 dictorum
1840 508 1944 531 mona-

1206 552 1339 583 cbormn
1377 550 1654 584 commoditatibus
1686 549 1716 582 in
1754 555 1796 582 tot
1828 550 1888 593 piis
1915 555 1942 584 et

1206 603 1417 636 laudabilibus
1431 602 1582 646 operibus
1599 602 1792 642 exercendis,
1807 602 1946 635 illorum-

1205 668 1266 701 que
1281 656 1459 689 huiusmodi
1473 656 1731 699 Congu-egationis
1753 661 1945 698 augumento

1207 715 1232 741 et
1259 709 1481 751 stabilimento⁷
1499 719 1571 741 cum
1586 708 1638 741 Dei
1658 708 1748 741 laude
1772 713 1802 741 et
1818 708 1946 742 servitio

433 765 764 799 missarumsolemnia
779 765 979 803 celebramlo,
996 765 1173 798 adolescen-
1208 762 1379 806 plurimum
1405 762 1638 799 consuleretur:
1664 773 1722 805 pro
1746 767 1834 805 parte
1852 761 1946 794 Seba-

433 819 509 851 tium
534 818 646 851 animis
671 818 842 852 christiana
868 818 1011 851 doctrina
1029 817 1172 850 imbuen-
1188 799 1191 854 l
1207 815 1296 848 stiani
1328 815 1483 858 generalis
1507 819 1537 847 et
1561 815 1684 848 Maximi
1711 814 1945 859 praedictorum

432 872 498 911 dis,
523 878 552 904 et
583 878 648 904 tum
681 871 913 904 confessionum
945 870 1171 903 audiendarum
1188 858 1191 871 ⁴
1207 869 1438 909 <asserentium
1463 868 1581 902 dictum
1607 868 1753 901 loannem
1777 868 1946 911 Baptistam

433 932 497 959 tum
524 926 618 958 etiam
654 925 866 958 Eucharistiae
898 924 1100 958 sacramentis
1125 924 1175 956 ad-
1207 922 1371 954 ecclesiam
1393 921 1604 965 parochialem
1625 920 1805 954 huiusmodi
1822 932 1839 954 a
1857 921 1948 954 trien-

434 979 658 1019 ministrandis,
675 981 720 1019 ea,
738 990 799 1022 qna
822 990 878 1022 pai·
898 984 953 1018 est,
975 977 1126 1020 religione
1145 982 1170 1009 et

433 1033 594 1076 diligentia
609 1032 787 1065 inserviant.
805 1032 900 1072 l'nde,
915 1042 984 1065 cnm
1000 1031 1104 1064 nullus
1118 1040 1173 1063 nec

435 1087 581 1130 capacior
606 1096 663 1118 nec
688 1085 886 1119 commodior
906 1086 993 1118 locus
1018 1084 1174 1124 existeret,

434 1139 613 1183 proximum
639 1138 812 1183 parochiali
830 1138 980 1171 ecclesiae
997 1137 1174 1182 praedictae

435 1192 622 1237 supradictis
645 1192 808 1225 monacbis
834 1191 1059 1225 monasterium
1077 1202 1092 1223 a
1112 1193 1176 1224 l'un-

435 1246 589 1279 (lamentis
621 1251 846 1281 extruxerunt,
871 1249 901 1279 et
926 1245 954 1277 in
980 1255 1017 1277 co
1043 1255 1093 1277 sex
1127 1255 1176 1277 eo-

437 1300 581 1332 rumdem
591 1299 820 1332 monachorum
835 1298 984 1341 religiosi,
995 1298 1051 1330 sul]
1061 1297 1176 1340 prioris

438 1353 601 1395 regimine,
625 1352 827 1395 regularique
848 1351 1046 1384 observantia
1064 1350 1176 1393 degen-

438 1411 500 1445 tes,
525 1405 660 1438 maxima
687 1415 758 1437 cnm
785 1404 892 1448 populi
922 1403 1117 1447 frequentia,
1141 1414 1175 1435 ac

437 1459 599 1502 roligionis
612 1458 908 1503 p1·0gressn,omnia
922 1458 1099 1501 supradicta
1113 1469 1178 1490 mu-

437 1512 487 1545 nia
516 1518 669 1556 peragunt
702 1518 730 1544 et
763 1516 1020 1555 p1·osae.‘qtuintur,
1046 1511 1176 1554 aliisque

438 1565 562 1609 pietatis
579 1571 606 1597 ct
626 1565 787 1599 charitatis
803 1565 954 1608 operibus
971 1575 1002 1597 se
1020 1569 1177 1603 exercent,

438 1625 467 1651 et
492 1619 530 1651 de
555 1624 660 1651 cetero
684 1628 842 1658 exercere,
870 1617 1032 1660 magisque
1057 1617 1086 1649 in
1112 1617 1178 1649 (lies

438 1672 568 1715 augeri,
594 1677 619 1704 et
647 1671 790 1714 ampliari
819 1671 856 1704 ad
890 1671 942 1703 Dei
967 1671 1178 1714 omiipotentis

1208 975 1260 1008 nio
1285 981 1312 1007 et
1338 975 1418 1008 ultra
1443 975 1626 1015 obtinuisse,
1651 980 1682 1007 ut
1708 975 1894 1018 praefertur,
1919 981 1949 1007 et

1207 1028 1332 1061 aliunde
1351 1040 1421 1061 cnm
1440 1028 1646 1071 infrascriptis
1663 1028 1829 1062 commode
1845 1028 1949 1061 vivere

1209 1082 1329 1121 valere,
1355 1082 1474 1114 fructus
1499 1092 1584 1122 vero,
1610 1080 1750 1114 redditus
1767 1087 1796 1114 et
1820 1091 1950 1125 proven-

1209 1141 1258 1167 tus
1282 1135 1420 1167 ciusdem
1448 1134 1637 1178 paroehialis
1662 1134 1811 1168 ecclesiae
1828 1134 1949 1177 viginti-

1209 1194 1342 1232 quatuor
1355 1189 1541 1222 ducatorum
1555 1189 1623 1221 auri
1637 1189 1674 1221 de
1688 1190 1826 1229 camera,
1843 1198 1950 1221 sccun-

1209 1241 1282 1274 dum
1309 1252 1508 1275 communem
1533 1242 1793 1282 aestimationem,
1811 1242 1948 1275 valorem

1210 1306 1347 1327 annuum
1373 1306 1436 1328 non
1460 1294 1625 1335 excedere)
1650 1294 1740 1328 nobis
1764 1294 1820 1327 suit
1846 1294 1949 1327 linini-

1211 1349 1325 1381 militer
1352 1348 1569 1392 supplicatum,
1595 1354 1749 1391 qnatenus
1773 1348 1872 1391 ipsius
1895 1358 1949 1392 pa-

1211 1401 1358 1434 rochialis
1383 1401 1533 1434 ccclesiae
1557 1401 1663 1433 decori
1685 1406 1713 1433 et
1734 1400 1830 1433 divini
1849 1401 1950 1435 cultus

1211 1455 1241 1486 in
1267 1456 1302 1487 ea
1329 1454 1540 1494 incremento,
1574 1453 1766 1497 institutique
1796 1454 1951 1497 regularis

1212 1508 1310 1552 ipsius
1323 1507 1583 1550 (Longi-egationis
1599 1507 1819 1551 propagationi
1837 1518 1952 1552 oppor-

1212 1564 1286 1595 tuna
1311 1560 1430 1594 ratione
1455 1561 1630 1601 consulere,
1655 1572 1691 1594 ac
1715 1561 1791 1594 alias
1811 1560 1842 1593 in
1866 1571 1952 1605 prae-

1212 1615 1316 1648 missis
1341 1619 1519 1658 opportune
1554 1614 1721 1658 providero
1745 1614 1782 1647 de
1808 1614 1951 1657 benigni-

1213 1674 1273 1701 tate
1298 1667 1468 1712 apostolica
1489 1667 1702 1710 dignaremur.

2262 130 2265 138 .
2248 0 2265 99 -ο-ἑ-ξιαέ

1954 290 2004 317 Αη.
2021 289 2051 319 C,
2073 290 2138 320 1617

438 1725 571 1768 gloriam
589 1730 617 1757 et
643 1725 818 1757 animarum
840 1725 971 1757 salutem
989 1724 1177 1758 desiderant.

441 1779 566 1817 terum,
591 1778 664 1822 qnia
688 1777 896 1810 habitationes
914 1777 1095 1810 monasterii
1121 1778 1179 1810 lin-

440 1831 574 1865 iusmodi
599 1835 748 1874 angustae
767 1835 796 1864 et
821 1831 925 1863 minus
949 1841 1079 1875 capaces
1099 1835 1180 1871 sunt,

1256 1724 1271 1766 ξ
1297 1723 1325 1755 (ἰ.
1350 1722 1414 1754 Nos
1439 1721 1544 1764 igitur,
1569 1725 1686 1755 certam
1711 1721 1748 1754 de
1772 1721 1953 1765 praemissis
1993 1733 2151 1756 maroniae:

1214 1775 1355 1808 notitiam
1372 1784 1435 1807 non
1451 1773 1612 1813 babentes,
1630 1774 1779 1818 ipsosque
1795 1773 1953 1818 ‚Sebastia-
1967 1760 2152 1813 ’ἔξῖῗὲεἳῑιιιῗόιῗιῗῖ

1214 1839 1288 1862 num
1314 1828 1492 1871 generalem
1518 1831 1547 1861 et
1571 1827 1758 1869 Maximum,
1783 1838 1817 1860 ac
1842 1838 1953 1862 eorum
1967 1815 2067 1867 {Ri'fffl
2085 1815 2152 1835 ΜΨ

441 1889 471 1918 ut
497 1885 538 1917 ibi
564 1884 732 1928 praedicti,
757 1884 872 1928 aliique
898 1884 1043 1917 monachi
1068 1894 1179 1916 corum

440 1948 573 1971 numero
598 1938 758 1982 cupientes
782 1937 966 1980 aggregari,
994 1937 1089 1980 recipi
1114 1947 1182 1980 pos—

442 1992 512 2032 sint,
538 1991 624 2035 pium
657 1991 718 2023 hoc
743 1995 771 2022 et
797 1990 952 2023 laudabile
982 1990 1180 2033 propositum

442 2045 515 2078 satis
540 2044 705 2078 commode
737 2043 848 2087 exequi
873 2047 900 2076 et
927 2043 1100 2087 adimplere
1134 2055 1183 2075 ne-

443 2103 572 2142 queunt,
598 2097 655 2130 nisi
672 2097 717 2130 eis
734 2096 859 2129 aliunde
877 2096 1088 2140 provideatur.
1105 2098 1181 2129 llum

442 2156 557 2189 autem,
582 2150 663 2183 sicut
686 2150 794 2182 eadem
819 2149 928 2193 petitio
953 2149 1182 2191 subiungebat,

443 2205 466 2237 si
493 2203 682 2249 parochialis
706 2202 838 2236 ccclesia
852 2201 1010 2246 praedicta
1028 2213 1099 2235 cum
1117 2203 1183 2235 cius

443 2258 537 2291 domo
563 2256 727 2295 rectorali,
752 2266 832 2299 quae
856 2255 1095 2297 angustissimae
1119 2256 1182 2288 cxi-

443 2315 538 2350 stunt,
555 2315 585 2343 et
603 2309 739 2342 maxima
765 2308 962 2352 reparatione
984 2308 1132 2351 indigent⁷
1155 2315 1201 2341 eti

445 2364 524 2396 intra
556 2362 709 2396 ambitum
743 2361 840 2406 ipsius
873 2361 1054 2394 monasterii
1091 2372 1179 2394 com-

444 2417 694 2460 pi·cli‹;·nduntu1·,
719 2415 823 2448 abbati
849 2425 903 2448 seu
929 2414 1038 2458 priori,
1064 2420 1090 2447 et
1122 2426 1185 2448 mo·

445 2471 552 2503 nac-liis
565 2469 743 2515 praedictis,
760 2469 875 2513 quibus
889 2469 1012 2501 illarum
1031 2468 1090 2501 iani
1110 2480 1184 2501 usus

446 2534 612 2557 concessus
627 2528 681 2564 est,
698 2527 852 2566 perpetuo
876 2522 1135 2562 concederentur,
1149 2533 1184 2554 ac

447 2576 528 2609 illius
553 2587 628 2609 cura
659 2574 865 2620 parochialis,
890 2585 969 2619 quae
1002 2575 1108 2618 viginti
1134 2575 1186 2608 do-

482 2647 494 2673 1
512 2646 611 2673 lterum
626 2646 743 2681 syntaxis
757 2645 909 2674 inabsoluta
923 2647 964 2681 (n.
982 2649 1029 2679 τ.).

484 2691 499 2716 “).
516 2691 606 2725 Aptius
621 2691 756 2726 legeretur
771 2691 897 2718 obeat..⁴
921 2691 1061 2718 inserviat
1077 2691 1113 2724 (n.
1125 2689 1172 2723 τ.).

1214 1882 1396 1926 quemlibet,
1406 1892 1422 1914 a
1436 1881 1598 1924 quibusvis
1611 1881 1953 1924 excommunicationis,

1215 1934 1429 1979 suspensionis
1452 1939 1482 1966 et
1507 1933 1674 1974 interdicti,
1698 1934 1830 1978 aliisque
1854 1936 1954 1969 eccle-

1215 1987 1347 2021 siasticis
1369 1987 1542 2028 sententiis,
1567 1987 1708 2020 censuris
1734 1993 1762 2020 et
1787 1988 1914 2032 poenis,
1937 1998 1955 2021 a

1217 2042 1284 2074 iure
1309 2042 1355 2073 vel
1381 2041 1419 2073 ab
1444 2041 1582 2080 bomine,
1598 2041 1707 2084 quavis
1726 2042 1892 2075 occasione
1910 2043 1955 2076 vel

1216 2097 1308 2127 causa
1337 2094 1415 2134 latis,
1441 2094 1466 2126 si
1485 2093 1599 2137 quibus
1615 2094 1853 2137 quomodolibet
1870 2095 1957 2130 inno-

1198 2148 1278 2182 .dati
1310 2147 1467 2187 existunt,
1499 2147 1536 2179 ad
1568 2146 1714 2180 effectum
1744 2148 1956 2191 praesentium

1216 2202 1374 2234 dumtaxat
1394 2200 1662 2244 consequendum,
1679 2201 1791 2234 harum
1809 2201 1890 2234 serie
1907 2202 1957 2235 ah-

1217 2256 1372 2288 solventes
1398 2259 1427 2287 et
1452 2254 1612 2287 absolutos
1629 2255 1695 2287 sore
1713 2260 1886 2295 censenteS,
1903 2255 1971 2289 hu-⁴

1218 2308 1363 2348 insmodi,
1386 2319 1420 2341 ae
1437 2307 1672 2341 communitatis
1687 2312 1718 2339 et
1733 2307 1907 2347 bominum,
1920 2318 1956 2341 ae

1199 2361 1324 2406 ,populi
1351 2360 1582 2405 praedictorum
1608 2359 1888 2403 supplicationibus
1913 2360 1957 2393 in-

1218 2414 1333 2454 clinati,
1358 2413 1544 2446 fraternitati
1570 2418 1655 2452 tuae,
1679 2413 1776 2445 frater
1799 2413 1955 2457 episcope,

1218 2479 1272 2501 seu
1290 2467 1471 2501 discretioni
1485 2471 1565 2506 tuae,
1579 2466 1691 2499 dilecte
1704 2465 1747 2498 lili
1762 2465 1886 2507 vicarie,
1900 2477 1957 2510 per

1218 2521 1390 2565 apostolica
1413 2519 1528 2563 scripta
1553 2518 1754 2558 mandamus,
1786 2524 1956 2562 quatenus,

1219 2573 1352 2607 constito
1377 2573 1465 2617 prius
1490 2571 1543 2604 tibi
1567 2571 1605 2605 de
1629 2571 1825 2615 praemissis,
1843 2572 1874 2605 in
1897 2583 1955 2617 pa-

1220 2625 1351 2660 rochiati
1364 2625 1497 2658 ecclesia
1511 2624 1671 2669 praedicta
1684 2624 1761 2667 (sive
1774 2626 1957 2669 praemisso,

1257 2690 1266 2715 1
1286 2687 1357 2716 Edit.
1374 2687 1452 2715 Main.
1468 2687 1532 2723 legit
1547 2687 1644 2716 eaetilz'l
1657 2687 1696 2722 (a.
1712 2689 1761 2723 τ.).
