<?xml version="1.0" encoding="UTF-8"?>
<!DOCTYPE html PUBLIC "-//W3C//DTD XHTML 1.0 Transitional//EN"
    "http://www.w3.org/TR/xhtml1/DTD/xhtml1-transitional.dtd">
<html xmlns="http://www.w3.org/1999/xhtml" xml:lang="en" lang="en">
 <head>
  <title>
</title>
<meta http-equiv="Content-Type" content="text/html;charset=utf-8" />
  <meta name='ocr-system' content='tesseract 3.04.00' />
  <meta name='ocr-capabilities' content='ocr_page ocr_carea ocr_par ocr_line ocrx_word'/>
</head>
<body>
  <div class='ocr_page' id='page_1' title='image "./bullarumdiplomat12cath_0798.png"; bbox 0 0 2293 3231; ppageno 0'>
   <div class='ocr_carea' id='block_1_1' title="bbox 276 324 458 352">
    <p class='ocr_par' dir='ltr' id='par_1_1' title="bbox 276 324 458 352">
     <span class='ocr_line' id='line_1_1' title="bbox 276 324 458 352; baseline 0.005 -1"><span class='ocrx_word' id='word_1_1' title='bbox 276 325 324 352; x_wconf 81' lang='grc' dir='ltr'>Αη.</span> <span class='ocrx_word' id='word_1_2' title='bbox 341 324 368 352; x_wconf 86' lang='lat' dir='ltr'>C.</span> <span class='ocrx_word' id='word_1_3' title='bbox 392 324 458 352; x_wconf 77' lang='lat'>1622</span> 
     </span>
    </p>
   </div>
   <div class='ocr_carea' id='block_1_2' title="bbox 279 808 462 964">
    <p class='ocr_par' dir='ltr' id='par_1_2' title="bbox 279 808 462 964">
     <span class='ocr_line' id='line_1_2' title="bbox 339 808 460 830; baseline -0.008 0"><span class='ocrx_word' id='word_1_4' title='bbox 339 808 460 830; x_wconf 71' lang='lat' dir='ltr'>num-modi</span> 
     </span>
     <span class='ocr_line' id='line_1_3' title="bbox 280 841 462 862; baseline -0.005 -7"><span class='ocrx_word' id='word_1_5' title='bbox 280 842 329 857; x_wconf 70' lang='lat' dir='ltr'>voro</span> <span class='ocrx_word' id='word_1_6' title='bbox 363 841 462 862; x_wconf 65' lang='lat' dir='ltr'>pen-unus</span> 
     </span>
     <span class='ocr_line' id='line_1_4' title="bbox 279 868 460 883; baseline -0.011 0"><span class='ocrx_word' id='word_1_7' title='bbox 279 869 359 883; x_wconf 64' lang='grc' dir='ltr'>[101Ιῦἱῆ</span> <span class='ocrx_word' id='word_1_8' title='bbox 385 869 404 881; x_wconf 81' lang='lat' dir='ltr'>tn</span> <span class='ocrx_word' id='word_1_9' title='bbox 428 868 460 881; x_wconf 68' lang='lat' dir='ltr'>ra·</span> 
     </span>
     <span class='ocr_line' id='line_1_5' title="bbox 280 889 462 913; baseline -0.011 -4"><span class='ocrx_word' id='word_1_10' title='bbox 280 890 371 909; x_wconf 60' lang='lat' dir='ltr'>thul-cae</span> <span class='ocrx_word' id='word_1_11' title='bbox 381 889 462 913; x_wconf 67' lang='lat' dir='ltr'>religio·</span> 
     </span>
     <span class='ocr_line' id='line_1_6' title="bbox 280 916 462 936; baseline -0.011 0"><span class='ocrx_word' id='word_1_12' title='bbox 280 923 311 936; x_wconf 71' lang='lat' dir='ltr'>nu</span> <span class='ocrx_word' id='word_1_13' title='bbox 321 916 462 936; x_wconf 56' lang='lat' dir='ltr'>dett-mmmm</span> 
     </span>
     <span class='ocr_line' id='line_1_7' title="bbox 281 943 434 964; baseline -0.007 0"><span class='ocrx_word' id='word_1_14' title='bbox 281 950 354 964; x_wconf 64' lang='lat' dir='ltr'>mannii</span> <span class='ocrx_word' id='word_1_15' title='bbox 370 943 434 963; x_wconf 75' lang='lat' dir='ltr'>iubet.</span> 
     </span>
    </p>
   </div>
   <div class='ocr_carea' id='block_1_3' title="bbox 283 1341 463 1389">
    <p class='ocr_par' dir='ltr' id='par_1_3' title="bbox 283 1341 463 1389">
     <span class='ocr_line' id='line_1_8' title="bbox 309 1341 463 1367; baseline -0.006 -5"><span class='ocrx_word' id='word_1_16' title='bbox 309 1341 401 1367; x_wconf 66' lang='lat' dir='ltr'>[terr-gat</span> <span class='ocrx_word' id='word_1_17' title='bbox 415 1346 463 1361; x_wconf 82' lang='lat' dir='ltr'>con·</span> 
     </span>
     <span class='ocr_line' id='line_1_9' title="bbox 283 1371 360 1389; baseline 0.026 -2"><span class='ocrx_word' id='word_1_18' title='bbox 283 1371 360 1389; x_wconf 67' lang='lat' dir='ltr'>U2f115-</span> 
     </span>
    </p>
   </div>
   <div class='ocr_carea' id='block_1_4' title="bbox 285 1554 466 1607">
    <p class='ocr_par' dir='ltr' id='par_1_4' title="bbox 285 1554 466 1607">
     <span class='ocr_line' id='line_1_10' title="bbox 325 1554 466 1576; baseline 0.007 -1"><span class='ocrx_word' id='word_1_19' title='bbox 325 1554 397 1575; x_wconf 71' lang='lat' dir='ltr'>Fidem</span> <span class='ocrx_word' id='word_1_20' title='bbox 412 1557 466 1576; x_wconf 77' lang='lat' dir='ltr'>trau-</span> 
     </span>
     <span class='ocr_line' id='line_1_11' title="bbox 285 1582 453 1607; baseline 0.012 -7"><span class='ocrx_word' id='word_1_21' title='bbox 285 1584 372 1607; x_wconf 70' lang='lat' dir='ltr'>·umpus</span> <span class='ocrx_word' id='word_1_22' title='bbox 386 1582 453 1603; x_wconf 78' lang='lat' dir='ltr'>addit.</span> 
     </span>
    </p>
   </div>
   <div class='ocr_carea' id='block_1_5' title="bbox 504 314 568 350">
    <p class='ocr_par' dir='ltr' id='par_1_5' title="bbox 504 314 568 350">
     <span class='ocr_line' id='line_1_12' title="bbox 504 314 568 350; baseline -0.016 0"><span class='ocrx_word' id='word_1_23' title='bbox 504 314 568 350; x_wconf 88' lang='grc'>760</span> 
     </span>
    </p>
   </div>
   <div class='ocr_carea' id='block_1_6' title="bbox 474 370 1222 2229">
    <p class='ocr_par' dir='ltr' id='par_1_6' title="bbox 474 370 1217 775">
     <span class='ocr_line' id='line_1_13' title="bbox 474 370 1213 414; baseline -0.005 -8"><span class='ocrx_word' id='word_1_24' title='bbox 474 373 655 414; x_wconf 71' lang='lat' dir='ltr'>oneramus)</span> <span class='ocrx_word' id='word_1_25' title='bbox 679 371 808 404; x_wconf 87' lang='lat' dir='ltr'>omnino</span> <span class='ocrx_word' id='word_1_26' title='bbox 832 370 1026 414; x_wconf 76' lang='lat' dir='ltr'>provideant,</span> <span class='ocrx_word' id='word_1_27' title='bbox 1047 375 1077 402; x_wconf 86' lang='lat' dir='ltr'>et</span> <span class='ocrx_word' id='word_1_28' title='bbox 1101 375 1213 403; x_wconf 86' lang='lat' dir='ltr'>contra</span> 
     </span>
     <span class='ocr_line' id='line_1_14' title="bbox 475 425 1215 466; baseline -0.005 -7"><span class='ocrx_word' id='word_1_29' title='bbox 475 427 602 460; x_wconf 82' lang='lat' dir='ltr'>eosdem</span> <span class='ocrx_word' id='word_1_30' title='bbox 620 425 846 458; x_wconf 86' lang='lat' dir='ltr'>ecclesiasticos</span> <span class='ocrx_word' id='word_1_31' title='bbox 862 428 1053 463; x_wconf 52' lang='lat' dir='ltr'>recusantes</span> <span class='ocrx_word' id='word_1_32' title='bbox 1071 434 1106 456; x_wconf 89' lang='lat' dir='ltr'>ac</span> <span class='ocrx_word' id='word_1_33' title='bbox 1124 433 1215 466; x_wconf 81' lang='lat' dir='ltr'>regu-</span> 
     </span>
     <span class='ocr_line' id='line_1_15' title="bbox 477 475 1214 521; baseline -0.004 -10"><span class='ocrx_word' id='word_1_34' title='bbox 477 480 557 512; x_wconf 85' lang='lat' dir='ltr'>lares</span> <span class='ocrx_word' id='word_1_35' title='bbox 571 484 599 511; x_wconf 86' lang='lat' dir='ltr'>et</span> <span class='ocrx_word' id='word_1_36' title='bbox 613 483 784 521; x_wconf 81' lang='lat' dir='ltr'>exemptos,</span> <span class='ocrx_word' id='word_1_37' title='bbox 801 476 953 519; x_wconf 78' lang='lat' dir='ltr'>nobisque</span> <span class='ocrx_word' id='word_1_38' title='bbox 970 481 999 508; x_wconf 92' lang='lat' dir='ltr'>et</span> <span class='ocrx_word' id='word_1_39' title='bbox 1015 475 1214 520; x_wconf 82' lang='lat' dir='ltr'>Apostolicae</span> 
     </span>
     <span class='ocr_line' id='line_1_16' title="bbox 477 529 1214 573; baseline -0.004 -9"><span class='ocrx_word' id='word_1_40' title='bbox 477 531 546 565; x_wconf 85' lang='lat' dir='ltr'>Sedi</span> <span class='ocrx_word' id='word_1_41' title='bbox 573 531 750 563; x_wconf 82' lang='lat' dir='ltr'>immediate</span> <span class='ocrx_word' id='word_1_42' title='bbox 775 530 942 569; x_wconf 86' lang='lat' dir='ltr'>subiectos,</span> <span class='ocrx_word' id='word_1_43' title='bbox 967 529 1005 562; x_wconf 93' lang='lat' dir='ltr'>ad</span> <span class='ocrx_word' id='word_1_44' title='bbox 1030 539 1214 573; x_wconf 91' lang='lat' dir='ltr'>quamcum-</span> 
     </span>
     <span class='ocr_line' id='line_1_17' title="bbox 477 582 1216 627; baseline -0.001 -11"><span class='ocrx_word' id='word_1_45' title='bbox 477 595 536 627; x_wconf 81' lang='lat' dir='ltr'>que</span> <span class='ocrx_word' id='word_1_46' title='bbox 560 584 732 627; x_wconf 75' lang='lat' dir='ltr'>simplicem</span> <span class='ocrx_word' id='word_1_47' title='bbox 758 582 943 616; x_wconf 86' lang='lat' dir='ltr'>eorumdem</span> <span class='ocrx_word' id='word_1_48' title='bbox 969 586 1149 616; x_wconf 79' lang='lat' dir='ltr'>exactorum</span> <span class='ocrx_word' id='word_1_49' title='bbox 1170 593 1216 615; x_wconf 91' lang='lat' dir='ltr'>re—</span> 
     </span>
     <span class='ocr_line' id='line_1_18' title="bbox 476 636 1215 679; baseline -0.001 -11"><span class='ocrx_word' id='word_1_50' title='bbox 476 636 674 679; x_wconf 89' lang='lat' dir='ltr'>quisitionem</span> <span class='ocrx_word' id='word_1_51' title='bbox 705 636 905 679; x_wconf 70' lang='lat' dir='ltr'>exequussoe,</span> <span class='ocrx_word' id='word_1_52' title='bbox 930 645 1129 679; x_wconf 88' lang='lat' dir='ltr'>quacumque</span> <span class='ocrx_word' id='word_1_53' title='bbox 1159 645 1215 679; x_wconf 88' lang='lat' dir='ltr'>ap-</span> 
     </span>
     <span class='ocr_line' id='line_1_19' title="bbox 476 688 1217 733; baseline -0.001 -12"><span class='ocrx_word' id='word_1_54' title='bbox 476 689 641 733; x_wconf 85' lang='lat' dir='ltr'>pellatione</span> <span class='ocrx_word' id='word_1_55' title='bbox 661 691 793 729; x_wconf 78' lang='lat' dir='ltr'>remota,</span> <span class='ocrx_word' id='word_1_56' title='bbox 811 688 997 721; x_wconf 86' lang='lat' dir='ltr'>auctoritate</span> <span class='ocrx_word' id='word_1_57' title='bbox 1021 690 1130 721; x_wconf 81' lang='lat' dir='ltr'>nostra</span> <span class='ocrx_word' id='word_1_58' title='bbox 1146 698 1217 732; x_wconf 94' lang='lat' dir='ltr'>pro-</span> 
     </span>
     <span class='ocr_line' id='line_1_20' title="bbox 476 742 596 775; baseline -0.008 0"><span class='ocrx_word' id='word_1_59' title='bbox 476 742 596 775; x_wconf 83' lang='lat' dir='ltr'>cedant.</span> 
     </span>
    </p>

    <p class='ocr_par' dir='ltr' id='par_1_7' title="bbox 477 793 1218 1309">
     <span class='ocr_line' id='line_1_21' title="bbox 521 793 1216 838; baseline 0 -12"><span class='ocrx_word' id='word_1_60' title='bbox 521 795 535 837; x_wconf 66' lang='grc' dir='ltr'><strong>ἓ</strong></span> <span class='ocrx_word' id='word_1_61' title='bbox 560 794 588 826; x_wconf 87' lang='grc'>6.</span> <span class='ocrx_word' id='word_1_62' title='bbox 615 794 764 827; x_wconf 82' lang='lat' dir='ltr'>Volumus</span> <span class='ocrx_word' id='word_1_63' title='bbox 788 799 909 835; x_wconf 86' lang='lat' dir='ltr'>autem,</span> <span class='ocrx_word' id='word_1_64' title='bbox 934 799 968 826; x_wconf 92' lang='lat' dir='ltr'>ut</span> <span class='ocrx_word' id='word_1_65' title='bbox 996 793 1150 838; x_wconf 90' lang='lat' dir='ltr'>pecuniae</span> <span class='ocrx_word' id='word_1_66' title='bbox 1179 803 1216 826; x_wconf 85' lang='lat' dir='ltr'>ex</span> 
     </span>
     <span class='ocr_line' id='line_1_22' title="bbox 478 846 1216 891; baseline 0 -11"><span class='ocrx_word' id='word_1_67' title='bbox 478 848 648 891; x_wconf 84' lang='lat' dir='ltr'>praedictis</span> <span class='ocrx_word' id='word_1_68' title='bbox 673 848 819 881; x_wconf 88' lang='lat' dir='ltr'>subsidiis</span> <span class='ocrx_word' id='word_1_69' title='bbox 851 853 881 880; x_wconf 90' lang='lat' dir='ltr'>et</span> <span class='ocrx_word' id='word_1_70' title='bbox 913 847 1036 890; x_wconf 79' lang='lat' dir='ltr'>gabella</span> <span class='ocrx_word' id='word_1_71' title='bbox 1065 857 1120 880; x_wconf 88' lang='lat' dir='ltr'>seu</span> <span class='ocrx_word' id='word_1_72' title='bbox 1148 846 1216 880; x_wconf 71' lang='lat' dir='ltr'>sisa</span> 
     </span>
     <span class='ocr_line' id='line_1_23' title="bbox 478 899 1217 944; baseline -0.001 -11"><span class='ocrx_word' id='word_1_73' title='bbox 478 901 521 933; x_wconf 87' lang='lat' dir='ltr'>sic</span> <span class='ocrx_word' id='word_1_74' title='bbox 545 902 681 941; x_wconf 78' lang='lat' dir='ltr'>extensa,</span> <span class='ocrx_word' id='word_1_75' title='bbox 704 905 739 933; x_wconf 90' lang='lat' dir='ltr'>ut</span> <span class='ocrx_word' id='word_1_76' title='bbox 763 900 950 944; x_wconf 83' lang='lat' dir='ltr'>praefertur,</span> <span class='ocrx_word' id='word_1_77' title='bbox 967 910 984 932; x_wconf 89' lang='lat' dir='ltr'>a</span> <span class='ocrx_word' id='word_1_78' title='bbox 1000 899 1091 933; x_wconf 89' lang='lat' dir='ltr'>dictis</span> <span class='ocrx_word' id='word_1_79' title='bbox 1115 900 1217 933; x_wconf 87' lang='lat' dir='ltr'>ecele-</span> 
     </span>
     <span class='ocr_line' id='line_1_24' title="bbox 478 953 1216 997; baseline 0 -11"><span class='ocrx_word' id='word_1_80' title='bbox 478 953 609 986; x_wconf 86' lang='lat' dir='ltr'>siasticis</span> <span class='ocrx_word' id='word_1_81' title='bbox 627 953 856 997; x_wconf 69' lang='lat' dir='ltr'>percipiendae,</span> <span class='ocrx_word' id='word_1_82' title='bbox 872 953 903 985; x_wconf 94' lang='lat' dir='ltr'>in</span> <span class='ocrx_word' id='word_1_83' title='bbox 921 953 998 986; x_wconf 88' lang='lat' dir='ltr'>alios</span> <span class='ocrx_word' id='word_1_84' title='bbox 1014 963 1100 994; x_wconf 86' lang='lat' dir='ltr'>usus,</span> <span class='ocrx_word' id='word_1_85' title='bbox 1122 963 1216 997; x_wconf 91' lang='lat' dir='ltr'>quam</span> 
     </span>
     <span class='ocr_line' id='line_1_25' title="bbox 477 1006 1216 1049; baseline 0.001 -10"><span class='ocrx_word' id='word_1_86' title='bbox 477 1007 647 1040; x_wconf 84' lang='lat' dir='ltr'>catholicae</span> <span class='ocrx_word' id='word_1_87' title='bbox 671 1006 834 1049; x_wconf 76' lang='lat' dir='ltr'>religionis</span> <span class='ocrx_word' id='word_1_88' title='bbox 858 1006 1047 1040; x_wconf 84' lang='lat' dir='ltr'>defensionis</span> <span class='ocrx_word' id='word_1_89' title='bbox 1079 1011 1109 1039; x_wconf 89' lang='lat' dir='ltr'>et</span> <span class='ocrx_word' id='word_1_90' title='bbox 1141 1006 1216 1040; x_wconf 89' lang='lat' dir='ltr'>obe-</span> 
     </span>
     <span class='ocr_line' id='line_1_26' title="bbox 477 1059 1217 1103; baseline 0.003 -12"><span class='ocrx_word' id='word_1_91' title='bbox 477 1059 611 1092; x_wconf 83' lang='lat' dir='ltr'>dientiae</span> <span class='ocrx_word' id='word_1_92' title='bbox 625 1060 870 1093; x_wconf 79' lang='lat' dir='ltr'>conservationis</span> <span class='ocrx_word' id='word_1_93' title='bbox 887 1070 962 1103; x_wconf 86' lang='lat' dir='ltr'>erga</span> <span class='ocrx_word' id='word_1_94' title='bbox 975 1060 1151 1093; x_wconf 79' lang='lat' dir='ltr'>Romanam</span> <span class='ocrx_word' id='word_1_95' title='bbox 1164 1060 1217 1093; x_wconf 87' lang='lat' dir='ltr'>Ec-</span> 
     </span>
     <span class='ocr_line' id='line_1_27' title="bbox 478 1113 1216 1157; baseline 0.001 -12"><span class='ocrx_word' id='word_1_96' title='bbox 478 1113 615 1153; x_wconf 83' lang='lat' dir='ltr'>clesiam,</span> <span class='ocrx_word' id='word_1_97' title='bbox 640 1123 698 1157; x_wconf 90' lang='lat' dir='ltr'>pro</span> <span class='ocrx_word' id='word_1_98' title='bbox 723 1113 848 1157; x_wconf 76' lang='lat' dir='ltr'>quibuS,</span> <span class='ocrx_word' id='word_1_99' title='bbox 872 1119 906 1146; x_wconf 89' lang='lat' dir='ltr'>ut</span> <span class='ocrx_word' id='word_1_100' title='bbox 929 1113 1117 1157; x_wconf 84' lang='lat' dir='ltr'>praefertur,</span> <span class='ocrx_word' id='word_1_101' title='bbox 1142 1124 1216 1146; x_wconf 88' lang='lat' dir='ltr'>con-</span> 
     </span>
     <span class='ocr_line' id='line_1_28' title="bbox 479 1166 1217 1211; baseline 0.003 -13"><span class='ocrx_word' id='word_1_102' title='bbox 479 1166 668 1207; x_wconf 77' lang='lat' dir='ltr'>tribuuntur,</span> <span class='ocrx_word' id='word_1_103' title='bbox 682 1167 859 1200; x_wconf 87' lang='lat' dir='ltr'>nullatenus</span> <span class='ocrx_word' id='word_1_104' title='bbox 872 1172 1106 1208; x_wconf 70' lang='lat' dir='ltr'>convertantur,</span> <span class='ocrx_word' id='word_1_105' title='bbox 1123 1177 1217 1211; x_wconf 91' lang='lat' dir='ltr'>super</span> 
     </span>
     <span class='ocr_line' id='line_1_29' title="bbox 479 1221 1218 1265; baseline 0 -11"><span class='ocrx_word' id='word_1_106' title='bbox 479 1232 541 1265; x_wconf 92' lang='lat' dir='ltr'>quo</span> <span class='ocrx_word' id='word_1_107' title='bbox 565 1221 734 1254; x_wconf 88' lang='lat' dir='ltr'>maiestatis</span> <span class='ocrx_word' id='word_1_108' title='bbox 765 1226 836 1254; x_wconf 89' lang='lat' dir='ltr'>tuae</span> <span class='ocrx_word' id='word_1_109' title='bbox 861 1221 1085 1254; x_wconf 82' lang='lat' dir='ltr'>conscientiam</span> <span class='ocrx_word' id='word_1_110' title='bbox 1110 1231 1218 1254; x_wconf 90' lang='lat' dir='ltr'>onera-</span> 
     </span>
     <span class='ocr_line' id='line_1_30' title="bbox 479 1286 557 1309; baseline -0.013 0"><span class='ocrx_word' id='word_1_111' title='bbox 479 1286 557 1309; x_wconf 79' lang='lat' dir='ltr'>mus.</span> 
     </span>
    </p>

    <p class='ocr_par' dir='ltr' id='par_1_8' title="bbox 479 1331 1219 1537">
     <span class='ocr_line' id='line_1_31' title="bbox 524 1331 1218 1375; baseline 0 -11"><span class='ocrx_word' id='word_1_112' title='bbox 524 1332 538 1375; x_wconf 65' lang='grc' dir='ltr'>ξ</span> <span class='ocrx_word' id='word_1_113' title='bbox 563 1332 591 1365; x_wconf 87' lang='lat'>7.</span> <span class='ocrx_word' id='word_1_114' title='bbox 607 1332 673 1364; x_wconf 80' lang='lat' dir='ltr'>Non</span> <span class='ocrx_word' id='word_1_115' title='bbox 687 1331 882 1365; x_wconf 82' lang='lat' dir='ltr'>obstantibus</span> <span class='ocrx_word' id='word_1_116' title='bbox 895 1331 1042 1364; x_wconf 90' lang='lat' dir='ltr'>omnibus</span> <span class='ocrx_word' id='word_1_117' title='bbox 1055 1331 1127 1372; x_wconf 89' lang='lat' dir='ltr'>illis,</span> <span class='ocrx_word' id='word_1_118' title='bbox 1138 1341 1218 1375; x_wconf 89' lang='lat' dir='ltr'>quae</span> 
     </span>
     <span class='ocr_line' id='line_1_32' title="bbox 479 1384 1218 1429; baseline 0.001 -12"><span class='ocrx_word' id='word_1_119' title='bbox 479 1384 580 1418; x_wconf 90' lang='lat' dir='ltr'>dictus</span> <span class='ocrx_word' id='word_1_120' title='bbox 598 1386 711 1418; x_wconf 90' lang='lat' dir='ltr'>Paulus</span> <span class='ocrx_word' id='word_1_121' title='bbox 728 1385 951 1429; x_wconf 87' lang='lat' dir='ltr'>praedecessor</span> <span class='ocrx_word' id='word_1_122' title='bbox 967 1385 998 1417; x_wconf 91' lang='lat' dir='ltr'>in</span> <span class='ocrx_word' id='word_1_123' title='bbox 1014 1385 1218 1429; x_wconf 82' lang='lat' dir='ltr'>praeinsertis</span> 
     </span>
     <span class='ocr_line' id='line_1_33' title="bbox 479 1439 1219 1484; baseline 0.001 -13"><span class='ocrx_word' id='word_1_124' title='bbox 479 1439 591 1472; x_wconf 83' lang='lat' dir='ltr'>litteris</span> <span class='ocrx_word' id='word_1_125' title='bbox 615 1439 679 1472; x_wconf 92' lang='lat' dir='ltr'>suis</span> <span class='ocrx_word' id='word_1_126' title='bbox 696 1439 792 1472; x_wconf 77' lang='lat' dir='ltr'>voluit</span> <span class='ocrx_word' id='word_1_127' title='bbox 809 1449 870 1471; x_wconf 94' lang='lat' dir='ltr'>non</span> <span class='ocrx_word' id='word_1_128' title='bbox 890 1439 1025 1479; x_wconf 84' lang='lat' dir='ltr'>obstare,</span> <span class='ocrx_word' id='word_1_129' title='bbox 1043 1439 1219 1484; x_wconf 83' lang='lat' dir='ltr'>ceterisque</span> 
     </span>
     <span class='ocr_line' id='line_1_34' title="bbox 482 1493 923 1537; baseline 0.002 -12"><span class='ocrx_word' id='word_1_130' title='bbox 482 1493 646 1526; x_wconf 87' lang='lat' dir='ltr'>contrariis</span> <span class='ocrx_word' id='word_1_131' title='bbox 664 1493 923 1537; x_wconf 88' lang='lat' dir='ltr'>quibuscumque.</span> 
     </span>
    </p>

    <p class='ocr_par' dir='ltr' id='par_1_9' title="bbox 481 1544 1222 2059">
     <span class='ocr_line' id='line_1_35' title="bbox 526 1544 1221 1590; baseline 0 -12"><span class='ocrx_word' id='word_1_132' title='bbox 526 1546 541 1589; x_wconf 65' lang='lat' dir='ltr'>g</span> <span class='ocrx_word' id='word_1_133' title='bbox 565 1544 593 1578; x_wconf 89' lang='lat'>8.</span> <span class='ocrx_word' id='word_1_134' title='bbox 614 1546 650 1579; x_wconf 87' lang='lat' dir='ltr'>Ut</span> <span class='ocrx_word' id='word_1_135' title='bbox 675 1552 777 1579; x_wconf 87' lang='lat' dir='ltr'>autem</span> <span class='ocrx_word' id='word_1_136' title='bbox 799 1551 979 1590; x_wconf 78' lang='lat' dir='ltr'>praesentes</span> <span class='ocrx_word' id='word_1_137' title='bbox 995 1551 1122 1580; x_wconf 86' lang='lat' dir='ltr'>nostrae</span> <span class='ocrx_word' id='word_1_138' title='bbox 1141 1545 1221 1579; x_wconf 91' lang='lat' dir='ltr'>litte-</span> 
     </span>
     <span class='ocr_line' id='line_1_36' title="bbox 482 1600 1219 1644; baseline 0 -12"><span class='ocrx_word' id='word_1_139' title='bbox 482 1610 544 1640; x_wconf 86' lang='lat' dir='ltr'>rae,</span> <span class='ocrx_word' id='word_1_140' title='bbox 561 1610 632 1633; x_wconf 88' lang='lat' dir='ltr'>cum</span> <span class='ocrx_word' id='word_1_141' title='bbox 649 1610 727 1644; x_wconf 89' lang='lat' dir='ltr'>opus</span> <span class='ocrx_word' id='word_1_142' title='bbox 739 1600 842 1642; x_wconf 82' lang='lat' dir='ltr'>suerit,</span> <span class='ocrx_word' id='word_1_143' title='bbox 859 1600 896 1632; x_wconf 93' lang='lat' dir='ltr'>ad</span> <span class='ocrx_word' id='word_1_144' title='bbox 917 1600 1058 1633; x_wconf 89' lang='lat' dir='ltr'>omnium</span> <span class='ocrx_word' id='word_1_145' title='bbox 1075 1600 1219 1633; x_wconf 83' lang='lat' dir='ltr'>notitiam</span> 
     </span>
     <span class='ocr_line' id='line_1_37' title="bbox 483 1653 1220 1698; baseline 0 -12"><span class='ocrx_word' id='word_1_146' title='bbox 483 1653 602 1686; x_wconf 82' lang='lat' dir='ltr'>facilius</span> <span class='ocrx_word' id='word_1_147' title='bbox 626 1653 772 1686; x_wconf 79' lang='lat' dir='ltr'>devenire</span> <span class='ocrx_word' id='word_1_148' title='bbox 796 1654 927 1698; x_wconf 86' lang='lat' dir='ltr'>possint,</span> <span class='ocrx_word' id='word_1_149' title='bbox 952 1653 1163 1695; x_wconf 86' lang='lat' dir='ltr'>decernimus,</span> <span class='ocrx_word' id='word_1_150' title='bbox 1186 1659 1220 1686; x_wconf 89' lang='lat' dir='ltr'>ut</span> 
     </span>
     <span class='ocr_line' id='line_1_38' title="bbox 482 1707 1221 1752; baseline 0.001 -13"><span class='ocrx_word' id='word_1_151' title='bbox 482 1717 590 1740; x_wconf 87' lang='lat' dir='ltr'>earum</span> <span class='ocrx_word' id='word_1_152' title='bbox 617 1707 778 1751; x_wconf 84' lang='lat' dir='ltr'>exemplis,</span> <span class='ocrx_word' id='word_1_153' title='bbox 803 1708 896 1740; x_wconf 88' lang='lat' dir='ltr'>etiam</span> <span class='ocrx_word' id='word_1_154' title='bbox 921 1707 1100 1752; x_wconf 85' lang='lat' dir='ltr'>impressis,</span> <span class='ocrx_word' id='word_1_155' title='bbox 1125 1717 1221 1740; x_wconf 87' lang='lat' dir='ltr'>manu</span> 
     </span>
     <span class='ocr_line' id='line_1_39' title="bbox 481 1760 1220 1805; baseline 0.003 -13"><span class='ocrx_word' id='word_1_156' title='bbox 481 1760 594 1793; x_wconf 90' lang='lat' dir='ltr'>notarii</span> <span class='ocrx_word' id='word_1_157' title='bbox 619 1761 736 1805; x_wconf 83' lang='lat' dir='ltr'>publici</span> <span class='ocrx_word' id='word_1_158' title='bbox 762 1761 958 1805; x_wconf 80' lang='lat' dir='ltr'>subscriptis,</span> <span class='ocrx_word' id='word_1_159' title='bbox 983 1766 1012 1794; x_wconf 85' lang='lat' dir='ltr'>et</span> <span class='ocrx_word' id='word_1_160' title='bbox 1036 1761 1140 1804; x_wconf 85' lang='lat' dir='ltr'>sigillo</span> <span class='ocrx_word' id='word_1_161' title='bbox 1163 1761 1220 1794; x_wconf 91' lang='lat' dir='ltr'>ali-</span> 
     </span>
     <span class='ocr_line' id='line_1_40' title="bbox 483 1814 1220 1858; baseline 0.004 -12"><span class='ocrx_word' id='word_1_162' title='bbox 483 1814 571 1847; x_wconf 89' lang='lat' dir='ltr'>cuius</span> <span class='ocrx_word' id='word_1_163' title='bbox 595 1824 747 1858; x_wconf 84' lang='lat' dir='ltr'>personae</span> <span class='ocrx_word' id='word_1_164' title='bbox 780 1815 811 1848; x_wconf 94' lang='lat' dir='ltr'>in</span> <span class='ocrx_word' id='word_1_165' title='bbox 835 1815 987 1858; x_wconf 80' lang='lat' dir='ltr'>dignitate</span> <span class='ocrx_word' id='word_1_166' title='bbox 1011 1815 1220 1849; x_wconf 77' lang='lat' dir='ltr'>ecclesiastica</span> 
     </span>
     <span class='ocr_line' id='line_1_41' title="bbox 483 1867 1220 1912; baseline 0.004 -13"><span class='ocrx_word' id='word_1_167' title='bbox 483 1867 668 1900; x_wconf 80' lang='lat' dir='ltr'>constitutae</span> <span class='ocrx_word' id='word_1_168' title='bbox 692 1868 830 1908; x_wconf 89' lang='lat' dir='ltr'>munitis,</span> <span class='ocrx_word' id='word_1_169' title='bbox 855 1868 965 1901; x_wconf 82' lang='lat' dir='ltr'>eadem</span> <span class='ocrx_word' id='word_1_170' title='bbox 989 1879 1120 1912; x_wconf 90' lang='lat' dir='ltr'>prorsus</span> <span class='ocrx_word' id='word_1_171' title='bbox 1143 1868 1220 1902; x_wconf 87' lang='lat' dir='ltr'>fides</span> 
     </span>
     <span class='ocr_line' id='line_1_42' title="bbox 483 1920 1220 1966; baseline 0.004 -14"><span class='ocrx_word' id='word_1_172' title='bbox 483 1920 514 1953; x_wconf 92' lang='lat' dir='ltr'>in</span> <span class='ocrx_word' id='word_1_173' title='bbox 528 1920 642 1954; x_wconf 90' lang='lat' dir='ltr'>iudicio</span> <span class='ocrx_word' id='word_1_174' title='bbox 655 1925 685 1955; x_wconf 88' lang='lat' dir='ltr'>et</span> <span class='ocrx_word' id='word_1_175' title='bbox 701 1926 788 1954; x_wconf 83' lang='lat' dir='ltr'>extra</span> <span class='ocrx_word' id='word_1_176' title='bbox 801 1921 996 1962; x_wconf 86' lang='lat' dir='ltr'>adhibeatur,</span> <span class='ocrx_word' id='word_1_177' title='bbox 1009 1932 1089 1966; x_wconf 89' lang='lat' dir='ltr'>quae</span> <span class='ocrx_word' id='word_1_178' title='bbox 1102 1921 1220 1955; x_wconf 89' lang='lat' dir='ltr'>eisdem</span> 
     </span>
     <span class='ocr_line' id='line_1_43' title="bbox 484 1973 1222 2016; baseline 0.003 -11"><span class='ocrx_word' id='word_1_179' title='bbox 484 1973 700 2016; x_wconf 88' lang='lat' dir='ltr'>praesentibus</span> <span class='ocrx_word' id='word_1_180' title='bbox 715 1974 927 2014; x_wconf 82' lang='lat' dir='ltr'>adhiberetur,</span> <span class='ocrx_word' id='word_1_181' title='bbox 944 1974 970 2007; x_wconf 88' lang='lat' dir='ltr'>si</span> <span class='ocrx_word' id='word_1_182' title='bbox 987 1975 1088 2007; x_wconf 81' lang='lat' dir='ltr'>forent</span> <span class='ocrx_word' id='word_1_183' title='bbox 1105 1974 1222 2008; x_wconf 85' lang='lat' dir='ltr'>exhibi-</span> 
     </span>
     <span class='ocr_line' id='line_1_44' title="bbox 484 2026 763 2059; baseline 0.007 -2"><span class='ocrx_word' id='word_1_184' title='bbox 484 2030 532 2058; x_wconf 87' lang='lat' dir='ltr'>tae</span> <span class='ocrx_word' id='word_1_185' title='bbox 546 2026 592 2058; x_wconf 82' lang='lat' dir='ltr'>vcl</span> <span class='ocrx_word' id='word_1_186' title='bbox 612 2031 763 2059; x_wconf 86' lang='lat' dir='ltr'>ostensae.</span> 
     </span>
    </p>

    <p class='ocr_par' dir='ltr' id='par_1_10' title="bbox 484 2079 1221 2229">
     <span class='ocr_line' id='line_1_45' title="bbox 527 2079 1221 2124; baseline 0.004 -12"><span class='ocrx_word' id='word_1_187' title='bbox 527 2079 637 2113; x_wconf 85' lang='lat' dir='ltr'>Datum</span> <span class='ocrx_word' id='word_1_188' title='bbox 669 2080 802 2120; x_wconf 83' lang='lat' dir='ltr'>Romae,</span> <span class='ocrx_word' id='word_1_189' title='bbox 835 2081 917 2124; x_wconf 88' lang='lat' dir='ltr'>apud</span> <span class='ocrx_word' id='word_1_190' title='bbox 944 2081 973 2115; x_wconf 82' lang='lat' dir='ltr'>S.</span> <span class='ocrx_word' id='word_1_191' title='bbox 995 2082 1143 2123; x_wconf 80' lang='lat' dir='ltr'>Petrum,</span> <span class='ocrx_word' id='word_1_192' title='bbox 1163 2081 1221 2115; x_wconf 86' lang='lat' dir='ltr'>sub</span> 
     </span>
     <span class='ocr_line' id='line_1_46' title="bbox 485 2133 1221 2178; baseline 0.008 -14"><span class='ocrx_word' id='word_1_193' title='bbox 485 2133 599 2165; x_wconf 87' lang='lat' dir='ltr'>annulo</span> <span class='ocrx_word' id='word_1_194' title='bbox 612 2133 787 2174; x_wconf 79' lang='lat' dir='ltr'>Piscatoris,</span> <span class='ocrx_word' id='word_1_195' title='bbox 797 2134 846 2167; x_wconf 89' lang='lat' dir='ltr'>die</span> <span class='ocrx_word' id='word_1_196' title='bbox 862 2145 882 2167; x_wconf 90' lang='lat'>11</span> <span class='ocrx_word' id='word_1_197' title='bbox 893 2134 1069 2169; x_wconf 88' lang='lat' dir='ltr'>decembris</span> <span class='ocrx_word' id='word_1_198' title='bbox 1078 2146 1221 2178; x_wconf 70' lang='lat' dir='ltr'>nincxxn,</span> 
     </span>
     <span class='ocr_line' id='line_1_47' title="bbox 484 2186 969 2229; baseline 0.008 -11"><span class='ocrx_word' id='word_1_199' title='bbox 484 2186 683 2229; x_wconf 81' lang='lat' dir='ltr'>pontificatus</span> <span class='ocrx_word' id='word_1_200' title='bbox 708 2188 806 2220; x_wconf 85' lang='lat' dir='ltr'>nostri</span> <span class='ocrx_word' id='word_1_201' title='bbox 832 2198 913 2221; x_wconf 90' lang='lat' dir='ltr'>anno</span> <span class='ocrx_word' id='word_1_202' title='bbox 939 2199 969 2222; x_wconf 85' lang='lat'>11.</span> 
     </span>
    </p>
   </div>
   <div class='ocr_carea' id='block_1_7' title="bbox 521 2248 1154 2286">
    <p class='ocr_par' dir='ltr' id='par_1_11' title="bbox 521 2248 1154 2286">
     <span class='ocr_line' id='line_1_48' title="bbox 521 2248 1154 2286; baseline 0.006 -11"><span class='ocrx_word' id='word_1_203' title='bbox 521 2248 578 2276; x_wconf 87' lang='lat' dir='ltr'>Dat.</span> <span class='ocrx_word' id='word_1_204' title='bbox 597 2248 639 2276; x_wconf 85' lang='lat' dir='ltr'>die</span> <span class='ocrx_word' id='word_1_205' title='bbox 654 2250 670 2276; x_wconf 78' lang='lat'><strong>2</strong></span> <span class='ocrx_word' id='word_1_206' title='bbox 685 2249 840 2277; x_wconf 81' lang='lat' dir='ltr'>decembris</span> <span class='ocrx_word' id='word_1_207' title='bbox 857 2250 934 2283; x_wconf 75' lang='lat'>¹622,</span> <span class='ocrx_word' id='word_1_208' title='bbox 955 2252 1048 2286; x_wconf 86' lang='lat' dir='ltr'>pontif.</span> <span class='ocrx_word' id='word_1_209' title='bbox 1065 2261 1109 2279; x_wconf 88' lang='lat' dir='ltr'>an.</span> <span class='ocrx_word' id='word_1_210' title='bbox 1126 2259 1154 2280; x_wconf 87' lang='lat' dir='ltr'>n.</span> 
     </span>
    </p>
   </div>
   <div class='ocr_carea' id='block_1_8' title="bbox 750 2337 959 2342">
    <p class='ocr_par' dir='ltr' id='par_1_12' title="bbox 750 2337 959 2342">
     <span class='ocr_line' id='line_1_49' title="bbox 750 2337 959 2342; baseline 0 0"><span class='ocrx_word' id='word_1_211' title='bbox 750 2337 959 2342; x_wconf 95' lang='lat' dir='ltr'> </span> 
     </span>
    </p>
   </div>
   <div class='ocr_carea' id='block_1_9' title="bbox 779 2427 932 2460">
    <p class='ocr_par' dir='ltr' id='par_1_13' title="bbox 779 2427 932 2460">
     <span class='ocr_line' id='line_1_50' title="bbox 779 2427 932 2460; baseline -0.007 0"><span class='ocrx_word' id='word_1_212' title='bbox 779 2427 932 2460; x_wconf 79' lang='lat' dir='ltr'>LXXXIX.</span> 
     </span>
    </p>
   </div>
   <div class='ocr_carea' id='block_1_10' title="bbox 490 2507 1225 2658">
    <p class='ocr_par' dir='ltr' id='par_1_14' title="bbox 490 2507 1225 2658">
     <span class='ocr_line' id='line_1_51' title="bbox 490 2507 1224 2550; baseline 0.004 -11"><span class='ocrx_word' id='word_1_213' title='bbox 490 2507 653 2550; x_wconf 78' lang='lat' dir='ltr'>Oppidum</span> <span class='ocrx_word' id='word_1_214' title='bbox 670 2507 703 2541; x_wconf 92' lang='lat' dir='ltr'>S.</span> <span class='ocrx_word' id='word_1_215' title='bbox 722 2507 873 2541; x_wconf 60' lang='lat' dir='ltr'>Minicius</span> <span class='ocrx_word' id='word_1_216' title='bbox 890 2509 926 2540; x_wconf 80' lang='lat' dir='ltr'>in</span> <span class='ocrx_word' id='word_1_217' title='bbox 945 2508 1118 2549; x_wconf 73' lang='lat' dir='ltr'>civilatem,</span> <span class='ocrx_word' id='word_1_218' title='bbox 1134 2513 1162 2541; x_wconf 80' lang='lat' dir='ltr'>el</span> <span class='ocrx_word' id='word_1_219' title='bbox 1179 2519 1224 2542; x_wconf 82' lang='lat' dir='ltr'>ec-</span> 
     </span>
     <span class='ocr_line' id='line_1_52' title="bbox 533 2561 1225 2604; baseline 0.004 -11"><span class='ocrx_word' id='word_1_220' title='bbox 533 2561 663 2593; x_wconf 78' lang='lat' dir='ltr'>clesiam</span> <span class='ocrx_word' id='word_1_221' title='bbox 673 2561 877 2604; x_wconf 71' lang='lat' dir='ltr'>colleqiatam</span> <span class='ocrx_word' id='word_1_222' title='bbox 889 2561 920 2594; x_wconf 91' lang='lat' dir='ltr'>S.</span> <span class='ocrx_word' id='word_1_223' title='bbox 942 2561 1066 2594; x_wconf 75' lang='lat' dir='ltr'>Mariae</span> <span class='ocrx_word' id='word_1_224' title='bbox 1079 2566 1107 2594; x_wconf 77' lang='lat' dir='ltr'>el</span> <span class='ocrx_word' id='word_1_225' title='bbox 1121 2562 1152 2596; x_wconf 91' lang='lat' dir='ltr'>S.</span> <span class='ocrx_word' id='word_1_226' title='bbox 1169 2562 1225 2596; x_wconf 85' lang='lat' dir='ltr'>Ge-</span> 
     </span>
     <span class='ocr_line' id='line_1_53' title="bbox 534 2614 1044 2658; baseline 0.002 -13"><span class='ocrx_word' id='word_1_227' title='bbox 534 2614 616 2646; x_wconf 75' lang='lat' dir='ltr'>nesit&#39;</span> <span class='ocrx_word' id='word_1_228' title='bbox 632 2615 667 2646; x_wconf 79' lang='lat' dir='ltr'>in</span> <span class='ocrx_word' id='word_1_229' title='bbox 684 2614 902 2647; x_wconf 79' lang='lat' dir='ltr'>cathedralem</span> <span class='ocrx_word' id='word_1_230' title='bbox 921 2614 1044 2658; x_wconf 72' lang='lat' dir='ltr'>eriyw.</span> 
     </span>
    </p>
   </div>
   <div class='ocr_carea' id='block_1_11' title="bbox 528 2728 983 2764">
    <p class='ocr_par' dir='ltr' id='par_1_15' title="bbox 528 2728 983 2764">
     <span class='ocr_line' id='line_1_54' title="bbox 528 2728 983 2764; baseline 0.004 -8"><span class='ocrx_word' id='word_1_231' title='bbox 528 2731 537 2756; x_wconf 82' lang='lat'>1</span> <span class='ocrx_word' id='word_1_232' title='bbox 561 2728 597 2756; x_wconf 82' lang='lat' dir='ltr'>Ex</span> <span class='ocrx_word' id='word_1_233' title='bbox 614 2728 720 2764; x_wconf 78' lang='lat' dir='ltr'>Regest.</span> <span class='ocrx_word' id='word_1_234' title='bbox 745 2730 770 2757; x_wconf 88' lang='lat' dir='ltr'>iu</span> <span class='ocrx_word' id='word_1_235' title='bbox 787 2730 886 2758; x_wconf 84' lang='lat' dir='ltr'>Secret.</span> <span class='ocrx_word' id='word_1_236' title='bbox 905 2730 983 2758; x_wconf 83' lang='lat' dir='ltr'>Brev.</span> 
     </span>
    </p>
   </div>
   <div class='ocr_carea' id='block_1_12' title="bbox 1230 427 1236 1182">
    <p class='ocr_par' dir='ltr' id='par_1_16' title="bbox 1230 427 1236 1182">
     <span class='ocr_line' id='line_1_55' title="bbox 1230 427 1236 1182; baseline 0 0"><span class='ocrx_word' id='word_1_237' title='bbox 1230 427 1236 1182; x_wconf 95' lang='lat' dir='ltr'> </span> 
     </span>
    </p>
   </div>
   <div class='ocr_carea' id='block_1_13' title="bbox 1044 298 1403 347">
    <p class='ocr_par' dir='ltr' id='par_1_17' title="bbox 1044 298 1403 347">
     <span class='ocr_line' id='line_1_56' title="bbox 1044 298 1403 347; baseline 0 -1"><span class='ocrx_word' id='word_1_238' title='bbox 1044 321 1224 347; x_wconf 73' lang='lat' dir='ltr'>nULLARmM</span> <span class='ocrx_word' id='word_1_239' title='bbox 1247 298 1403 347; x_wconf 58' lang='lat' dir='ltr'>nolimus(</span> 
     </span>
    </p>
   </div>
   <div class='ocr_carea' id='block_1_14' title="bbox 1424 367 1808 447">
    <p class='ocr_par' dir='ltr' id='par_1_18' title="bbox 1424 367 1808 447">
     <span class='ocr_line' id='line_1_57' title="bbox 1439 367 1787 403; baseline 0 -6"><span class='ocrx_word' id='word_1_240' title='bbox 1439 367 1597 403; x_wconf 70' lang='lat' dir='ltr'>Gregorius</span> <span class='ocrx_word' id='word_1_241' title='bbox 1611 368 1787 403; x_wconf 69' lang='lat' dir='ltr'>Episcopus.</span> 
     </span>
     <span class='ocr_line' id='line_1_58' title="bbox 1424 414 1808 447; baseline 0.003 -7"><span class='ocrx_word' id='word_1_242' title='bbox 1424 420 1531 441; x_wconf 72' lang='lat' dir='ltr'>servus</span> <span class='ocrx_word' id='word_1_243' title='bbox 1559 420 1716 440; x_wconf 79' lang='lat' dir='ltr'>sorvorum</span> <span class='ocrx_word' id='word_1_244' title='bbox 1745 414 1808 447; x_wconf 81' lang='lat' dir='ltr'>Dei.</span> 
     </span>
    </p>
   </div>
   <div class='ocr_carea' id='block_1_15' title="bbox 1371 467 1869 501">
    <p class='ocr_par' dir='ltr' id='par_1_19' title="bbox 1371 467 1869 501">
     <span class='ocr_line' id='line_1_59' title="bbox 1371 467 1869 501; baseline 0 -7"><span class='ocrx_word' id='word_1_245' title='bbox 1371 467 1408 494; x_wconf 83' lang='lat' dir='ltr'>ad</span> <span class='ocrx_word' id='word_1_246' title='bbox 1427 469 1606 501; x_wconf 77' lang='lat' dir='ltr'>perpetuam</span> <span class='ocrx_word' id='word_1_247' title='bbox 1624 467 1670 494; x_wconf 80' lang='lat' dir='ltr'>roi</span> <span class='ocrx_word' id='word_1_248' title='bbox 1688 467 1869 494; x_wconf 84' lang='lat' dir='ltr'>memoriam.</span> 
     </span>
    </p>
   </div>
   <div class='ocr_carea' id='block_1_16' title="bbox 1249 528 2002 2498">
    <p class='ocr_par' dir='ltr' id='par_1_20' title="bbox 1249 528 1996 1095">
     <span class='ocr_line' id='line_1_60' title="bbox 1293 528 1990 574; baseline 0.001 -12"><span class='ocrx_word' id='word_1_249' title='bbox 1293 529 1354 562; x_wconf 91' lang='lat' dir='ltr'>Pro</span> <span class='ocrx_word' id='word_1_250' title='bbox 1367 528 1530 562; x_wconf 81' lang='lat' dir='ltr'>excellenti</span> <span class='ocrx_word' id='word_1_251' title='bbox 1549 528 1797 572; x_wconf 78' lang='lat' dir='ltr'>praeeminentia</span> <span class='ocrx_word' id='word_1_252' title='bbox 1809 528 1898 562; x_wconf 89' lang='lat' dir='ltr'>Sedis</span> <span class='ocrx_word' id='word_1_253' title='bbox 1910 530 1990 574; x_wconf 79' lang='lat' dir='ltr'>Apo-</span> 
     </span>
     <span class='ocr_line' id='line_1_61' title="bbox 1249 581 1994 626; baseline 0.001 -11"><span class='ocrx_word' id='word_1_254' title='bbox 1249 582 1387 623; x_wconf 87' lang='lat' dir='ltr'>stolicae,</span> <span class='ocrx_word' id='word_1_255' title='bbox 1398 581 1431 614; x_wconf 93' lang='lat' dir='ltr'>in</span> <span class='ocrx_word' id='word_1_256' title='bbox 1446 592 1508 625; x_wconf 88' lang='lat' dir='ltr'>qua</span> <span class='ocrx_word' id='word_1_257' title='bbox 1517 585 1587 626; x_wconf 91' lang='lat' dir='ltr'>post</span> <span class='ocrx_word' id='word_1_258' title='bbox 1599 581 1724 615; x_wconf 90' lang='lat' dir='ltr'>beatum</span> <span class='ocrx_word' id='word_1_259' title='bbox 1735 581 1861 615; x_wconf 89' lang='lat' dir='ltr'>Petrum</span> <span class='ocrx_word' id='word_1_260' title='bbox 1871 587 1994 626; x_wconf 88' lang='lat' dir='ltr'>aposto-</span> 
     </span>
     <span class='ocr_line' id='line_1_62' title="bbox 1249 634 1993 679; baseline 0 -11"><span class='ocrx_word' id='word_1_261' title='bbox 1249 636 1354 669; x_wconf 91' lang='lat' dir='ltr'>lorum</span> <span class='ocrx_word' id='word_1_262' title='bbox 1378 634 1557 679; x_wconf 89' lang='lat' dir='ltr'>Principem</span> <span class='ocrx_word' id='word_1_263' title='bbox 1571 662 1579 675; x_wconf 93' lang='lat'>,</span> <span class='ocrx_word' id='word_1_264' title='bbox 1602 644 1794 679; x_wconf 89' lang='lat' dir='ltr'>quamquam</span> <span class='ocrx_word' id='word_1_265' title='bbox 1817 634 1993 679; x_wconf 86' lang='lat' dir='ltr'>imparibus</span> 
     </span>
     <span class='ocr_line' id='line_1_63' title="bbox 1249 687 1993 732; baseline 0 -12"><span class='ocrx_word' id='word_1_266' title='bbox 1249 687 1382 729; x_wconf 85' lang='lat' dir='ltr'>meritis,</span> <span class='ocrx_word' id='word_1_267' title='bbox 1406 687 1475 732; x_wconf 90' lang='lat' dir='ltr'>pari</span> <span class='ocrx_word' id='word_1_268' title='bbox 1500 693 1604 721; x_wconf 90' lang='lat' dir='ltr'>tamen</span> <span class='ocrx_word' id='word_1_269' title='bbox 1629 687 1816 721; x_wconf 88' lang='lat' dir='ltr'>auctoritate</span> <span class='ocrx_word' id='word_1_270' title='bbox 1832 687 1993 721; x_wconf 90' lang='lat' dir='ltr'>constituti</span> 
     </span>
     <span class='ocr_line' id='line_1_64' title="bbox 1249 741 1995 786; baseline 0.001 -12"><span class='ocrx_word' id='word_1_271' title='bbox 1249 741 1377 783; x_wconf 86' lang='lat' dir='ltr'>fuimus,</span> <span class='ocrx_word' id='word_1_272' title='bbox 1403 741 1434 775; x_wconf 95' lang='lat' dir='ltr'>in</span> <span class='ocrx_word' id='word_1_273' title='bbox 1458 752 1536 786; x_wconf 85' lang='lat' dir='ltr'>agro</span> <span class='ocrx_word' id='word_1_274' title='bbox 1560 742 1682 785; x_wconf 89' lang='lat' dir='ltr'>irriguo</span> <span class='ocrx_word' id='word_1_275' title='bbox 1707 742 1868 776; x_wconf 90' lang='lat' dir='ltr'>militantis</span> <span class='ocrx_word' id='word_1_276' title='bbox 1892 742 1995 776; x_wconf 85' lang='lat' dir='ltr'>Eccle-</span> 
     </span>
     <span class='ocr_line' id='line_1_65' title="bbox 1250 795 1994 840; baseline 0.001 -12"><span class='ocrx_word' id='word_1_277' title='bbox 1250 795 1314 828; x_wconf 87' lang='lat' dir='ltr'>siae</span> <span class='ocrx_word' id='word_1_278' title='bbox 1327 805 1424 829; x_wconf 85' lang='lat' dir='ltr'>novas</span> <span class='ocrx_word' id='word_1_279' title='bbox 1438 795 1635 840; x_wconf 88' lang='lat' dir='ltr'>episcopales</span> <span class='ocrx_word' id='word_1_280' title='bbox 1652 796 1751 837; x_wconf 86' lang='lat' dir='ltr'>sedes,</span> <span class='ocrx_word' id='word_1_281' title='bbox 1769 795 1994 839; x_wconf 84' lang='lat' dir='ltr'>ecclesiasque¹</span> 
     </span>
     <span class='ocr_line' id='line_1_66' title="bbox 1250 848 1994 892; baseline 0.001 -12"><span class='ocrx_word' id='word_1_282' title='bbox 1250 848 1392 892; x_wconf 85' lang='lat' dir='ltr'>plantare</span> <span class='ocrx_word' id='word_1_283' title='bbox 1423 849 1566 883; x_wconf 86' lang='lat' dir='ltr'>Romano</span> <span class='ocrx_word' id='word_1_284' title='bbox 1598 848 1742 883; x_wconf 85' lang='lat' dir='ltr'>Pontifici</span> <span class='ocrx_word' id='word_1_285' title='bbox 1773 848 1994 892; x_wconf 90' lang='lat' dir='ltr'>dignissimum</span> 
     </span>
     <span class='ocr_line' id='line_1_67' title="bbox 1250 900 1996 946; baseline 0.001 -13"><span class='ocrx_word' id='word_1_286' title='bbox 1250 900 1455 942; x_wconf 85' lang='lat' dir='ltr'>arbitramur,</span> <span class='ocrx_word' id='word_1_287' title='bbox 1473 905 1508 935; x_wconf 88' lang='lat' dir='ltr'>ut</span> <span class='ocrx_word' id='word_1_288' title='bbox 1526 911 1583 946; x_wconf 90' lang='lat' dir='ltr'>per</span> <span class='ocrx_word' id='word_1_289' title='bbox 1602 911 1700 935; x_wconf 87' lang='lat' dir='ltr'>novas</span> <span class='ocrx_word' id='word_1_290' title='bbox 1715 900 1924 945; x_wconf 83' lang='lat' dir='ltr'>plantationes</span> <span class='ocrx_word' id='word_1_291' title='bbox 1941 911 1996 945; x_wconf 89' lang='lat' dir='ltr'>po-</span> 
     </span>
     <span class='ocr_line' id='line_1_68' title="bbox 1249 954 1994 998; baseline 0 -11"><span class='ocrx_word' id='word_1_292' title='bbox 1249 954 1399 998; x_wconf 91' lang='lat' dir='ltr'>pulorum</span> <span class='ocrx_word' id='word_1_293' title='bbox 1424 959 1577 998; x_wconf 83' lang='lat' dir='ltr'>augeatur</span> <span class='ocrx_word' id='word_1_294' title='bbox 1596 954 1731 996; x_wconf 74' lang='lat' dir='ltr'>devotio,</span> <span class='ocrx_word' id='word_1_295' title='bbox 1748 954 1872 987; x_wconf 86' lang='lat' dir='ltr'>divinus</span> <span class='ocrx_word' id='word_1_296' title='bbox 1891 954 1994 988; x_wconf 87' lang='lat' dir='ltr'>cultus</span> 
     </span>
     <span class='ocr_line' id='line_1_69' title="bbox 1250 1008 1995 1052; baseline 0 -11"><span class='ocrx_word' id='word_1_297' title='bbox 1250 1008 1400 1049; x_wconf 84' lang='lat' dir='ltr'>effloreat,</span> <span class='ocrx_word' id='word_1_298' title='bbox 1418 1008 1629 1052; x_wconf 88' lang='lat' dir='ltr'>subsequatur</span> <span class='ocrx_word' id='word_1_299' title='bbox 1653 1008 1830 1042; x_wconf 88' lang='lat' dir='ltr'>animarum</span> <span class='ocrx_word' id='word_1_300' title='bbox 1854 1008 1947 1049; x_wconf 83' lang='lat' dir='ltr'>salus,</span> <span class='ocrx_word' id='word_1_301' title='bbox 1964 1012 1995 1041; x_wconf 90' lang='lat' dir='ltr'>et</span> 
     </span>
     <span class='ocr_line' id='line_1_70' title="bbox 1251 1061 1541 1095; baseline 0.003 -1"><span class='ocrx_word' id='word_1_302' title='bbox 1251 1062 1319 1095; x_wconf 91' lang='lat' dir='ltr'>loca</span> <span class='ocrx_word' id='word_1_303' title='bbox 1335 1061 1541 1095; x_wconf 87' lang='lat' dir='ltr'>illustrentur.</span> 
     </span>
    </p>

    <p class='ocr_par' dir='ltr' id='par_1_21' title="bbox 1251 1114 2002 2498">
     <span class='ocr_line' id='line_1_71' title="bbox 1295 1114 1994 1159; baseline -0.001 -11"><span class='ocrx_word' id='word_1_304' title='bbox 1295 1115 1310 1159; x_wconf 67' lang='lat' dir='ltr'>g</span> <span class='ocrx_word' id='word_1_305' title='bbox 1333 1115 1363 1148; x_wconf 77' lang='grc' dir='ltr'>Ἰ.</span> <span class='ocrx_word' id='word_1_306' title='bbox 1387 1115 1590 1148; x_wconf 81' lang='lat' dir='ltr'>Attendentes</span> <span class='ocrx_word' id='word_1_307' title='bbox 1613 1114 1710 1159; x_wconf 85' lang='lat' dir='ltr'>igitur</span> <span class='ocrx_word' id='word_1_308' title='bbox 1740 1114 1911 1148; x_wconf 88' lang='lat' dir='ltr'>dioecesim</span> <span class='ocrx_word' id='word_1_309' title='bbox 1934 1114 1994 1148; x_wconf 90' lang='lat' dir='ltr'>Lu-</span> 
     </span>
     <span class='ocr_line' id='line_1_72' title="bbox 1251 1168 1994 1213; baseline -0.001 -12"><span class='ocrx_word' id='word_1_310' title='bbox 1251 1178 1360 1201; x_wconf 81' lang='lat' dir='ltr'>canam</span> <span class='ocrx_word' id='word_1_311' title='bbox 1371 1168 1543 1202; x_wconf 90' lang='lat' dir='ltr'>admodum</span> <span class='ocrx_word' id='word_1_312' title='bbox 1555 1169 1692 1213; x_wconf 89' lang='lat' dir='ltr'>amplam</span> <span class='ocrx_word' id='word_1_313' title='bbox 1705 1172 1735 1201; x_wconf 90' lang='lat' dir='ltr'>et</span> <span class='ocrx_word' id='word_1_314' title='bbox 1747 1172 1906 1212; x_wconf 86' lang='lat' dir='ltr'>patentem</span> <span class='ocrx_word' id='word_1_315' title='bbox 1915 1177 1994 1208; x_wconf 90' lang='lat' dir='ltr'>esse,</span> 
     </span>
     <span class='ocr_line' id='line_1_73' title="bbox 1251 1219 1995 1265; baseline 0.003 -13"><span class='ocrx_word' id='word_1_316' title='bbox 1251 1219 1398 1264; x_wconf 87' lang='lat' dir='ltr'>illiusque</span> <span class='ocrx_word' id='word_1_317' title='bbox 1413 1221 1551 1265; x_wconf 89' lang='lat' dir='ltr'>plurima</span> <span class='ocrx_word' id='word_1_318' title='bbox 1566 1220 1682 1265; x_wconf 90' lang='lat' dir='ltr'>oppida</span> <span class='ocrx_word' id='word_1_319' title='bbox 1691 1220 1799 1253; x_wconf 87' lang='lat' dir='ltr'>etloca</span> <span class='ocrx_word' id='word_1_320' title='bbox 1810 1220 1842 1253; x_wconf 89' lang='lat' dir='ltr'>in</span> <span class='ocrx_word' id='word_1_321' title='bbox 1854 1219 1995 1254; x_wconf 90' lang='lat' dir='ltr'>dominio</span> 
     </span>
     <span class='ocr_line' id='line_1_74' title="bbox 1251 1273 1996 1318; baseline -0.001 -11"><span class='ocrx_word' id='word_1_322' title='bbox 1251 1274 1419 1318; x_wconf 87' lang='lat' dir='ltr'>temporali</span> <span class='ocrx_word' id='word_1_323' title='bbox 1446 1274 1552 1308; x_wconf 85' lang='lat' dir='ltr'>dilecti</span> <span class='ocrx_word' id='word_1_324' title='bbox 1583 1274 1640 1307; x_wconf 88' lang='lat' dir='ltr'>filii</span> <span class='ocrx_word' id='word_1_325' title='bbox 1663 1273 1778 1307; x_wconf 90' lang='lat' dir='ltr'>nobilis</span> <span class='ocrx_word' id='word_1_326' title='bbox 1803 1273 1860 1306; x_wconf 82' lang='lat' dir='ltr'>viri</span> <span class='ocrx_word' id='word_1_327' title='bbox 1889 1273 1996 1317; x_wconf 85' lang='lat' dir='ltr'>magni</span> 
     </span>
     <span class='ocr_line' id='line_1_75' title="bbox 1252 1327 1998 1368; baseline -0.001 -7"><span class='ocrx_word' id='word_1_328' title='bbox 1252 1328 1418 1361; x_wconf 87' lang='lat' dir='ltr'>Hetruriae</span> <span class='ocrx_word' id='word_1_329' title='bbox 1434 1328 1523 1362; x_wconf 90' lang='lat' dir='ltr'>ducis</span> <span class='ocrx_word' id='word_1_330' title='bbox 1547 1327 1606 1361; x_wconf 91' lang='lat' dir='ltr'>sibi</span> <span class='ocrx_word' id='word_1_331' title='bbox 1630 1327 1770 1361; x_wconf 88' lang='lat' dir='ltr'>subiecta</span> <span class='ocrx_word' id='word_1_332' title='bbox 1792 1327 1942 1368; x_wconf 84' lang='lat' dir='ltr'>existere,</span> <span class='ocrx_word' id='word_1_333' title='bbox 1967 1332 1998 1360; x_wconf 87' lang='lat' dir='ltr'>et</span> 
     </span>
     <span class='ocr_line' id='line_1_76' title="bbox 1252 1381 1994 1426; baseline -0.001 -11"><span class='ocrx_word' id='word_1_334' title='bbox 1252 1382 1327 1415; x_wconf 76' lang='lat' dir='ltr'>alias</span> <span class='ocrx_word' id='word_1_335' title='bbox 1343 1382 1496 1415; x_wconf 89' lang='lat' dir='ltr'>dioecesis</span> <span class='ocrx_word' id='word_1_336' title='bbox 1512 1387 1542 1415; x_wconf 88' lang='lat' dir='ltr'>et</span> <span class='ocrx_word' id='word_1_337' title='bbox 1561 1381 1688 1415; x_wconf 89' lang='lat' dir='ltr'>ditionis</span> <span class='ocrx_word' id='word_1_338' title='bbox 1704 1381 1885 1414; x_wconf 86' lang='lat' dir='ltr'>huiusmodi</span> <span class='ocrx_word' id='word_1_339' title='bbox 1900 1381 1994 1426; x_wconf 91' lang='lat' dir='ltr'>oppi-</span> 
     </span>
     <span class='ocr_line' id='line_1_77' title="bbox 1252 1435 1998 1476; baseline 0.001 -8"><span class='ocrx_word' id='word_1_340' title='bbox 1252 1435 1327 1468; x_wconf 91' lang='lat' dir='ltr'>dum</span> <span class='ocrx_word' id='word_1_341' title='bbox 1359 1435 1388 1469; x_wconf 85' lang='lat' dir='ltr'>S.</span> <span class='ocrx_word' id='word_1_342' title='bbox 1421 1435 1555 1470; x_wconf 81' lang='lat' dir='ltr'>Miniatis</span> <span class='ocrx_word' id='word_1_343' title='bbox 1580 1435 1611 1468; x_wconf 94' lang='lat' dir='ltr'>in</span> <span class='ocrx_word' id='word_1_344' title='bbox 1637 1445 1771 1469; x_wconf 87' lang='lat' dir='ltr'>amoeno</span> <span class='ocrx_word' id='word_1_345' title='bbox 1794 1435 1891 1476; x_wconf 87' lang='lat' dir='ltr'>colle,</span> <span class='ocrx_word' id='word_1_346' title='bbox 1916 1436 1998 1469; x_wconf 75' lang='lat' dir='ltr'>felici</span> 
     </span>
     <span class='ocr_line' id='line_1_78' title="bbox 1253 1489 1999 1523; baseline 0 -1"><span class='ocrx_word' id='word_1_347' title='bbox 1253 1490 1339 1523; x_wconf 88' lang='lat' dir='ltr'>caelo</span> <span class='ocrx_word' id='word_1_348' title='bbox 1363 1494 1393 1523; x_wconf 89' lang='lat' dir='ltr'>et</span> <span class='ocrx_word' id='word_1_349' title='bbox 1416 1490 1484 1523; x_wconf 91' lang='lat' dir='ltr'>solo</span> <span class='ocrx_word' id='word_1_350' title='bbox 1508 1490 1608 1522; x_wconf 86' lang='lat' dir='ltr'>ferme</span> <span class='ocrx_word' id='word_1_351' title='bbox 1630 1489 1725 1523; x_wconf 91' lang='lat' dir='ltr'>totius</span> <span class='ocrx_word' id='word_1_352' title='bbox 1748 1489 1915 1523; x_wconf 89' lang='lat' dir='ltr'>Hetruriae</span> <span class='ocrx_word' id='word_1_353' title='bbox 1938 1490 1999 1523; x_wconf 84' lang='lat' dir='ltr'>ser-</span> 
     </span>
     <span class='ocr_line' id='line_1_79' title="bbox 1253 1543 1998 1587; baseline 0.003 -12"><span class='ocrx_word' id='word_1_354' title='bbox 1253 1543 1349 1577; x_wconf 88' lang='lat' dir='ltr'>tiliori</span> <span class='ocrx_word' id='word_1_355' title='bbox 1374 1543 1478 1584; x_wconf 85' lang='lat' dir='ltr'>situm,</span> <span class='ocrx_word' id='word_1_356' title='bbox 1502 1548 1533 1577; x_wconf 89' lang='lat' dir='ltr'>et</span> <span class='ocrx_word' id='word_1_357' title='bbox 1555 1554 1573 1576; x_wconf 89' lang='lat' dir='ltr'>a</span> <span class='ocrx_word' id='word_1_358' title='bbox 1597 1543 1720 1576; x_wconf 89' lang='lat' dir='ltr'>civitate</span> <span class='ocrx_word' id='word_1_359' title='bbox 1744 1543 1870 1576; x_wconf 77' lang='lat' dir='ltr'>Lucana</span> <span class='ocrx_word' id='word_1_360' title='bbox 1887 1543 1998 1587; x_wconf 87' lang='lat' dir='ltr'>viginti</span> 
     </span>
     <span class='ocr_line' id='line_1_80' title="bbox 1254 1596 1997 1641; baseline -0.001 -11"><span class='ocrx_word' id='word_1_361' title='bbox 1254 1597 1393 1630; x_wconf 87' lang='lat' dir='ltr'>millibus</span> <span class='ocrx_word' id='word_1_362' title='bbox 1416 1607 1576 1641; x_wconf 88' lang='lat' dir='ltr'>passuum,</span> <span class='ocrx_word' id='word_1_363' title='bbox 1601 1597 1649 1630; x_wconf 86' lang='lat' dir='ltr'>vel</span> <span class='ocrx_word' id='word_1_364' title='bbox 1671 1596 1765 1638; x_wconf 86' lang='lat' dir='ltr'>cirea,</span> <span class='ocrx_word' id='word_1_365' title='bbox 1789 1596 1918 1638; x_wconf 87' lang='lat' dir='ltr'>distans,</span> <span class='ocrx_word' id='word_1_366' title='bbox 1942 1597 1997 1630; x_wconf 90' lang='lat' dir='ltr'>ad-</span> 
     </span>
     <span class='ocr_line' id='line_1_81' title="bbox 1254 1650 1999 1695; baseline 0.001 -11"><span class='ocrx_word' id='word_1_367' title='bbox 1254 1651 1384 1684; x_wconf 88' lang='lat' dir='ltr'>modum</span> <span class='ocrx_word' id='word_1_368' title='bbox 1408 1651 1531 1695; x_wconf 84' lang='lat' dir='ltr'>insigne</span> <span class='ocrx_word' id='word_1_369' title='bbox 1554 1661 1631 1692; x_wconf 88' lang='lat' dir='ltr'>esse,</span> <span class='ocrx_word' id='word_1_370' title='bbox 1656 1655 1687 1684; x_wconf 87' lang='lat' dir='ltr'>et</span> <span class='ocrx_word' id='word_1_371' title='bbox 1710 1650 1752 1685; x_wconf 86' lang='lat' dir='ltr'>ita</span> <span class='ocrx_word' id='word_1_372' title='bbox 1769 1651 1944 1694; x_wconf 85' lang='lat' dir='ltr'>antiquum,</span> <span class='ocrx_word' id='word_1_373' title='bbox 1965 1654 1999 1685; x_wconf 88' lang='lat' dir='ltr'>ut</span> 
     </span>
     <span class='ocr_line' id='line_1_82' title="bbox 1254 1703 1998 1749; baseline 0.001 -13"><span class='ocrx_word' id='word_1_374' title='bbox 1254 1704 1363 1738; x_wconf 78' lang='lat' dir='ltr'>vicarii</span> <span class='ocrx_word' id='word_1_375' title='bbox 1386 1705 1566 1749; x_wconf 88' lang='lat' dir='ltr'>imperiales</span> <span class='ocrx_word' id='word_1_376' title='bbox 1590 1703 1622 1736; x_wconf 90' lang='lat' dir='ltr'>in</span> <span class='ocrx_word' id='word_1_377' title='bbox 1653 1703 1801 1738; x_wconf 79' lang='lat' dir='ltr'>Hetruria</span> <span class='ocrx_word' id='word_1_378' title='bbox 1834 1703 1998 1737; x_wconf 89' lang='lat' dir='ltr'>retroactis</span> 
     </span>
     <span class='ocr_line' id='line_1_83' title="bbox 1254 1756 1999 1802; baseline -0.003 -10"><span class='ocrx_word' id='word_1_379' title='bbox 1254 1758 1450 1802; x_wconf 83' lang='lat' dir='ltr'>temporibus</span> <span class='ocrx_word' id='word_1_380' title='bbox 1474 1758 1625 1801; x_wconf 85' lang='lat' dir='ltr'>degentes</span> <span class='ocrx_word' id='word_1_381' title='bbox 1649 1756 1732 1791; x_wconf 75' lang='lat' dir='ltr'>sihi³</span> <span class='ocrx_word' id='word_1_382' title='bbox 1755 1757 1861 1791; x_wconf 88' lang='lat' dir='ltr'>sedem</span> <span class='ocrx_word' id='word_1_383' title='bbox 1886 1757 1999 1791; x_wconf 88' lang='lat' dir='ltr'>consti-</span> 
     </span>
     <span class='ocr_line' id='line_1_84' title="bbox 1254 1810 1999 1856; baseline -0.001 -12"><span class='ocrx_word' id='word_1_384' title='bbox 1254 1812 1380 1852; x_wconf 88' lang='lat' dir='ltr'>tuerint,</span> <span class='ocrx_word' id='word_1_385' title='bbox 1405 1817 1435 1844; x_wconf 90' lang='lat' dir='ltr'>et</span> <span class='ocrx_word' id='word_1_386' title='bbox 1457 1815 1626 1856; x_wconf 86' lang='lat' dir='ltr'>propterea</span> <span class='ocrx_word' id='word_1_387' title='bbox 1648 1811 1687 1844; x_wconf 91' lang='lat' dir='ltr'>ab</span> <span class='ocrx_word' id='word_1_388' title='bbox 1712 1811 1849 1854; x_wconf 86' lang='lat' dir='ltr'>antiquis</span> <span class='ocrx_word' id='word_1_389' title='bbox 1865 1810 1999 1855; x_wconf 89' lang='lat' dir='ltr'>impera-</span> 
     </span>
     <span class='ocr_line' id='line_1_85' title="bbox 1254 1863 2000 1908; baseline -0.001 -10"><span class='ocrx_word' id='word_1_390' title='bbox 1254 1865 1376 1898; x_wconf 91' lang='lat' dir='ltr'>toribus</span> <span class='ocrx_word' id='word_1_391' title='bbox 1391 1864 1576 1905; x_wconf 78' lang='lat' dir='ltr'>innumeris,</span> <span class='ocrx_word' id='word_1_392' title='bbox 1596 1863 1860 1908; x_wconf 87' lang='lat' dir='ltr'>amplissimisque</span> <span class='ocrx_word' id='word_1_393' title='bbox 1875 1864 2000 1908; x_wconf 90' lang='lat' dir='ltr'>privile-</span> 
     </span>
     <span class='ocr_line' id='line_1_86' title="bbox 1254 1917 1999 1962; baseline -0.003 -10"><span class='ocrx_word' id='word_1_394' title='bbox 1254 1919 1314 1962; x_wconf 85' lang='lat' dir='ltr'>giis</span> <span class='ocrx_word' id='word_1_395' title='bbox 1337 1918 1519 1952; x_wconf 89' lang='lat' dir='ltr'>decoratum</span> <span class='ocrx_word' id='word_1_396' title='bbox 1535 1917 1644 1958; x_wconf 86' lang='lat' dir='ltr'>suisse;</span> <span class='ocrx_word' id='word_1_397' title='bbox 1662 1917 1789 1951; x_wconf 82' lang='lat' dir='ltr'>foedera</span> <span class='ocrx_word' id='word_1_398' title='bbox 1811 1927 1848 1950; x_wconf 86' lang='lat' dir='ltr'>ac</span> <span class='ocrx_word' id='word_1_399' title='bbox 1864 1917 1999 1961; x_wconf 88' lang='lat' dir='ltr'>capitula</span> 
     </span>
     <span class='ocr_line' id='line_1_87' title="bbox 1255 1970 1999 2015; baseline -0.004 -9"><span class='ocrx_word' id='word_1_400' title='bbox 1255 1983 1327 2006; x_wconf 88' lang='lat' dir='ltr'>cum</span> <span class='ocrx_word' id='word_1_401' title='bbox 1347 1972 1528 2006; x_wconf 79' lang='lat' dir='ltr'>Florentina</span> <span class='ocrx_word' id='word_1_402' title='bbox 1551 1982 1587 2005; x_wconf 88' lang='lat' dir='ltr'>ac</span> <span class='ocrx_word' id='word_1_403' title='bbox 1611 1970 1741 2005; x_wconf 90' lang='lat' dir='ltr'>Senensi</span> <span class='ocrx_word' id='word_1_404' title='bbox 1757 1970 1999 2015; x_wconf 85' lang='lat' dir='ltr'>Rebuspublicis</span> 
     </span>
     <span class='ocr_line' id='line_1_88' title="bbox 1255 2023 1999 2070; baseline -0.001 -11"><span class='ocrx_word' id='word_1_405' title='bbox 1255 2026 1363 2070; x_wconf 89' lang='lat' dir='ltr'>aequis</span> <span class='ocrx_word' id='word_1_406' title='bbox 1379 2025 1612 2059; x_wconf 86' lang='lat' dir='ltr'>conditionibus</span> <span class='ocrx_word' id='word_1_407' title='bbox 1629 2024 1790 2065; x_wconf 78' lang='lat' dir='ltr'>firmasse3</span> <span class='ocrx_word' id='word_1_408' title='bbox 1811 2023 1850 2057; x_wconf 91' lang='lat' dir='ltr'>ab</span> <span class='ocrx_word' id='word_1_409' title='bbox 1867 2024 1999 2069; x_wconf 84' lang='lat' dir='ltr'>ipsoque</span> 
     </span>
     <span class='ocr_line' id='line_1_89' title="bbox 1255 2077 2000 2124; baseline -0.003 -11"><span class='ocrx_word' id='word_1_410' title='bbox 1255 2079 1371 2124; x_wconf 89' lang='lat' dir='ltr'>oppido</span> <span class='ocrx_word' id='word_1_411' title='bbox 1388 2079 1551 2123; x_wconf 88' lang='lat' dir='ltr'>antiquam</span> <span class='ocrx_word' id='word_1_412' title='bbox 1569 2083 1599 2112; x_wconf 90' lang='lat' dir='ltr'>et</span> <span class='ocrx_word' id='word_1_413' title='bbox 1614 2078 1752 2111; x_wconf 90' lang='lat' dir='ltr'>nobilem</span> <span class='ocrx_word' id='word_1_414' title='bbox 1779 2078 1864 2111; x_wconf 88' lang='lat' dir='ltr'>illam</span> <span class='ocrx_word' id='word_1_415' title='bbox 1889 2077 2000 2111; x_wconf 90' lang='lat' dir='ltr'>Borro-</span> 
     </span>
     <span class='ocr_line' id='line_1_90' title="bbox 1256 2130 1999 2176; baseline -0.004 -10"><span class='ocrx_word' id='word_1_416' title='bbox 1256 2144 1379 2167; x_wconf 88' lang='lat' dir='ltr'>maeam</span> <span class='ocrx_word' id='word_1_417' title='bbox 1403 2138 1540 2176; x_wconf 80' lang='lat' dir='ltr'>gentem,</span> <span class='ocrx_word' id='word_1_418' title='bbox 1560 2143 1596 2165; x_wconf 86' lang='lat' dir='ltr'>ex</span> <span class='ocrx_word' id='word_1_419' title='bbox 1621 2142 1683 2176; x_wconf 89' lang='lat' dir='ltr'>qua</span> <span class='ocrx_word' id='word_1_420' title='bbox 1708 2131 1737 2165; x_wconf 87' lang='lat' dir='ltr'>S.</span> <span class='ocrx_word' id='word_1_421' title='bbox 1762 2131 1902 2172; x_wconf 87' lang='lat' dir='ltr'>Carolus,</span> <span class='ocrx_word' id='word_1_422' title='bbox 1923 2130 1999 2165; x_wconf 92' lang='lat' dir='ltr'>olim</span> 
     </span>
     <span class='ocr_line' id='line_1_91' title="bbox 1256 2183 2000 2231; baseline -0.004 -11"><span class='ocrx_word' id='word_1_423' title='bbox 1256 2187 1514 2231; x_wconf 85' lang='lat' dir='ltr'>archiepiscopus</span> <span class='ocrx_word' id='word_1_424' title='bbox 1545 2184 1802 2225; x_wconf 87' lang='lat' dir='ltr'>Mediolanensis,</span> <span class='ocrx_word' id='word_1_425' title='bbox 1827 2183 1907 2217; x_wconf 87' lang='lat' dir='ltr'>sacri</span> <span class='ocrx_word' id='word_1_426' title='bbox 1930 2184 2000 2218; x_wconf 91' lang='lat' dir='ltr'>Col-</span> 
     </span>
     <span class='ocr_line' id='line_1_92' title="bbox 1257 2237 2000 2284; baseline -0.005 -10"><span class='ocrx_word' id='word_1_427' title='bbox 1257 2241 1330 2284; x_wconf 85' lang='lat' dir='ltr'>legii</span> <span class='ocrx_word' id='word_1_428' title='bbox 1342 2241 1501 2274; x_wconf 85' lang='lat' dir='ltr'>Romanae</span> <span class='ocrx_word' id='word_1_429' title='bbox 1510 2239 1667 2272; x_wconf 85' lang='lat' dir='ltr'>Ecclesiae</span> <span class='ocrx_word' id='word_1_430' title='bbox 1681 2237 1888 2272; x_wconf 89' lang='lat' dir='ltr'>cardinalium</span> <span class='ocrx_word' id='word_1_431' title='bbox 1901 2238 2000 2282; x_wconf 88' lang='lat' dir='ltr'>splen-</span> 
     </span>
     <span class='ocr_line' id='line_1_93' title="bbox 1256 2291 2001 2336; baseline -0.005 -8"><span class='ocrx_word' id='word_1_432' title='bbox 1256 2295 1324 2335; x_wconf 89' lang='lat' dir='ltr'>dor,</span> <span class='ocrx_word' id='word_1_433' title='bbox 1349 2294 1451 2328; x_wconf 88' lang='lat' dir='ltr'>editus</span> <span class='ocrx_word' id='word_1_434' title='bbox 1463 2298 1519 2334; x_wconf 90' lang='lat' dir='ltr'>est,</span> <span class='ocrx_word' id='word_1_435' title='bbox 1533 2292 1689 2336; x_wconf 80' lang='lat' dir='ltr'>originem</span> <span class='ocrx_word' id='word_1_436' title='bbox 1713 2291 1850 2331; x_wconf 85' lang='lat' dir='ltr'>duxisse;</span> <span class='ocrx_word' id='word_1_437' title='bbox 1863 2291 1901 2324; x_wconf 90' lang='lat' dir='ltr'>ad</span> <span class='ocrx_word' id='word_1_438' title='bbox 1913 2300 2001 2335; x_wconf 89' lang='lat' dir='ltr'>prae-</span> 
     </span>
     <span class='ocr_line' id='line_1_94' title="bbox 1257 2343 2000 2389; baseline -0.005 -8"><span class='ocrx_word' id='word_1_439' title='bbox 1257 2358 1327 2381; x_wconf 90' lang='lat' dir='ltr'>sens</span> <span class='ocrx_word' id='word_1_440' title='bbox 1351 2352 1456 2381; x_wconf 90' lang='lat' dir='ltr'>autem</span> <span class='ocrx_word' id='word_1_441' title='bbox 1473 2347 1505 2379; x_wconf 90' lang='lat' dir='ltr'>in</span> <span class='ocrx_word' id='word_1_442' title='bbox 1520 2346 1632 2380; x_wconf 89' lang='lat' dir='ltr'>eodem</span> <span class='ocrx_word' id='word_1_443' title='bbox 1648 2344 1764 2389; x_wconf 91' lang='lat' dir='ltr'>oppido</span> <span class='ocrx_word' id='word_1_444' title='bbox 1781 2343 2000 2389; x_wconf 88' lang='lat' dir='ltr'>philosophos,</span> 
     </span>
     <span class='ocr_line' id='line_1_95' title="bbox 1257 2398 2000 2444; baseline -0.008 -9"><span class='ocrx_word' id='word_1_445' title='bbox 1257 2401 1394 2444; x_wconf 82' lang='lat' dir='ltr'>logicos,</span> <span class='ocrx_word' id='word_1_446' title='bbox 1419 2410 1550 2434; x_wconf 90' lang='lat' dir='ltr'>casuum</span> <span class='ocrx_word' id='word_1_447' title='bbox 1575 2398 1783 2433; x_wconf 90' lang='lat' dir='ltr'>conscientiae</span> <span class='ocrx_word' id='word_1_448' title='bbox 1806 2398 1941 2431; x_wconf 87' lang='lat' dir='ltr'>lectores</span> <span class='ocrx_word' id='word_1_449' title='bbox 1964 2407 2000 2430; x_wconf 90' lang='lat' dir='ltr'>ac</span> 
     </span>
     <span class='ocr_line' id='line_1_96' title="bbox 1257 2451 2002 2498; baseline -0.005 -11"><span class='ocrx_word' id='word_1_450' title='bbox 1257 2454 1478 2498; x_wconf 87' lang='lat' dir='ltr'>grammatices</span> <span class='ocrx_word' id='word_1_451' title='bbox 1498 2452 1666 2496; x_wconf 85' lang='lat' dir='ltr'>magistros</span> <span class='ocrx_word' id='word_1_452' title='bbox 1683 2451 1721 2485; x_wconf 90' lang='lat' dir='ltr'>ad</span> <span class='ocrx_word' id='word_1_453' title='bbox 1738 2451 1930 2485; x_wconf 88' lang='lat' dir='ltr'>iuventutem</span> <span class='ocrx_word' id='word_1_454' title='bbox 1950 2459 2002 2483; x_wconf 86' lang='lat' dir='ltr'>ex-</span> 
     </span>
    </p>
   </div>
   <div class='ocr_carea' id='block_1_17' title="bbox 1257 2548 2001 2766">
    <p class='ocr_par' dir='ltr' id='par_1_22' title="bbox 1257 2548 2001 2766">
     <span class='ocr_line' id='line_1_97' title="bbox 1294 2548 2001 2589; baseline -0.007 -9"><span class='ocrx_word' id='word_1_455' title='bbox 1294 2556 1304 2580; x_wconf 80' lang='lat'>1</span> <span class='ocrx_word' id='word_1_456' title='bbox 1327 2553 1370 2580; x_wconf 85' lang='lat' dir='ltr'>Sic</span> <span class='ocrx_word' id='word_1_457' title='bbox 1385 2552 1474 2589; x_wconf 86' lang='lat' dir='ltr'>aptius</span> <span class='ocrx_word' id='word_1_458' title='bbox 1497 2551 1612 2588; x_wconf 85' lang='lat' dir='ltr'>legimus</span> <span class='ocrx_word' id='word_1_459' title='bbox 1631 2559 1662 2578; x_wconf 87' lang='lat' dir='ltr'>ex</span> <span class='ocrx_word' id='word_1_460' title='bbox 1683 2549 1788 2586; x_wconf 87' lang='lat' dir='ltr'>Ughelli</span> <span class='ocrx_word' id='word_1_461' title='bbox 1802 2549 1894 2577; x_wconf 71' lang='lat' dir='ltr'>Italia</span> <span class='ocrx_word' id='word_1_462' title='bbox 1909 2548 2001 2576; x_wconf 78' lang='lat' dir='ltr'>Sacra</span> 
     </span>
     <span class='ocr_line' id='line_1_98' title="bbox 1257 2593 2001 2633; baseline -0.005 -9"><span class='ocrx_word' id='word_1_463' title='bbox 1257 2601 1322 2624; x_wconf 84' lang='lat' dir='ltr'>tom.</span> <span class='ocrx_word' id='word_1_464' title='bbox 1344 2605 1386 2632; x_wconf 76' lang='grc' dir='ltr'>ιιι,</span> <span class='ocrx_word' id='word_1_465' title='bbox 1407 2605 1467 2633; x_wconf 82' lang='lat' dir='ltr'>pag.</span> <span class='ocrx_word' id='word_1_466' title='bbox 1489 2596 1560 2630; x_wconf 73' lang='lat'>2693</span> <span class='ocrx_word' id='word_1_467' title='bbox 1582 2595 1648 2624; x_wconf 81' lang='lat' dir='ltr'>edit.</span> <span class='ocrx_word' id='word_1_468' title='bbox 1664 2594 1744 2622; x_wconf 85' lang='lat' dir='ltr'>Main.</span> <span class='ocrx_word' id='word_1_469' title='bbox 1765 2594 1850 2621; x_wconf 85' lang='lat' dir='ltr'>hahet</span> <span class='ocrx_word' id='word_1_470' title='bbox 1868 2593 2001 2621; x_wconf 74' lang='lat' dir='ltr'>ecclesias</span> 
     </span>
     <span class='ocr_line' id='line_1_99' title="bbox 1257 2642 2001 2720; baseline -0.007 -7"><span class='ocrx_word' id='word_1_471' title='bbox 1257 2642 1366 2712; x_wconf 40' lang='lat' dir='ltr'>(affigi-c</span> <span class='ocrx_word' id='word_1_472' title='bbox 1384 2685 1468 2713; x_wconf 84' lang='lat' dir='ltr'>habet</span> <span class='ocrx_word' id='word_1_473' title='bbox 1487 2685 1568 2712; x_wconf 84' lang='lat' dir='ltr'>etiam</span> <span class='ocrx_word' id='word_1_474' title='bbox 1586 2683 1692 2720; x_wconf 82' lang='lat' dir='ltr'>Ughelli</span> <span class='ocrx_word' id='word_1_475' title='bbox 1711 2683 1763 2711; x_wconf 89' lang='lat' dir='ltr'>loc.</span> <span class='ocrx_word' id='word_1_476' title='bbox 1784 2682 1842 2717; x_wconf 67' lang='lat' dir='ltr'>cit„</span> <span class='ocrx_word' id='word_1_477' title='bbox 1862 2685 1890 2709; x_wconf 85' lang='lat' dir='ltr'>et</span> <span class='ocrx_word' id='word_1_478' title='bbox 1906 2681 2001 2709; x_wconf 77' lang='lat' dir='ltr'>forsan</span> 
     </span>
     <span class='ocr_line' id='line_1_100' title="bbox 1257 2729 1574 2766; baseline -0.003 -9"><span class='ocrx_word' id='word_1_479' title='bbox 1257 2730 1401 2766; x_wconf 81' lang='lat' dir='ltr'>legendum</span> <span class='ocrx_word' id='word_1_480' title='bbox 1415 2730 1458 2758; x_wconf 83' lang='lat' dir='ltr'>ibi</span> <span class='ocrx_word' id='word_1_481' title='bbox 1474 2731 1510 2765; x_wconf 80' lang='lat' dir='ltr'>(n.</span> <span class='ocrx_word' id='word_1_482' title='bbox 1527 2729 1574 2761; x_wconf 84' lang='grc' dir='ltr'><strong>τ.).</strong></span> 
     </span>
    </p>
   </div>
   <div class='ocr_carea' id='block_1_18' title="bbox 2001 319 2189 350">
    <p class='ocr_par' dir='ltr' id='par_1_23' title="bbox 2001 319 2189 350">
     <span class='ocr_line' id='line_1_101' title="bbox 2001 319 2189 350; baseline 0.016 -3"><span class='ocrx_word' id='word_1_483' title='bbox 2001 320 2051 349; x_wconf 84' lang='grc' dir='ltr'>Αη.</span> <span class='ocrx_word' id='word_1_484' title='bbox 2067 319 2096 349; x_wconf 85' lang='lat' dir='ltr'>c.</span> <span class='ocrx_word' id='word_1_485' title='bbox 2118 320 2189 350; x_wconf 71' lang='lat'>1622</span> 
     </span>
    </p>
   </div>
   <div class='ocr_carea' id='block_1_19' title="bbox 2032 543 2154 566">
    <p class='ocr_par' dir='ltr' id='par_1_24' title="bbox 2032 543 2154 566">
     <span class='ocr_line' id='line_1_102' title="bbox 2032 543 2154 566; baseline -0.008 -1"><span class='ocrx_word' id='word_1_486' title='bbox 2032 543 2154 566; x_wconf 75' lang='lat' dir='ltr'>Exordium.</span> 
     </span>
    </p>
   </div>
   <div class='ocr_carea' id='block_1_20' title="bbox 2009 1128 2196 1177">
    <p class='ocr_par' dir='ltr' id='par_1_25' title="bbox 2009 1128 2196 1177">
     <span class='ocr_line' id='line_1_103' title="bbox 2009 1128 2196 1177; baseline -0.005 0"><span class='ocrx_word' id='word_1_487' title='bbox 2009 1128 2196 1177; x_wconf 47' lang='lat' dir='ltr'>dfiuggoffiffi-</span> 
     </span>
    </p>
   </div>
   <div class='ocr_carea' id='block_1_21' title="bbox 2202 0 2293 3231">
    <p class='ocr_par' dir='ltr' id='par_1_26' title="bbox 2202 0 2293 3231">
     <span class='ocr_line' id='line_1_104' title="bbox 2202 0 2293 3231; baseline 0 0"><span class='ocrx_word' id='word_1_488' title='bbox 2202 0 2293 3231; x_wconf 95' lang='lat' dir='ltr'> </span> 
     </span>
    </p>
   </div>
  </div>
 </body>
</html>
