2293 3231
886 250 980 277 mnu
1006 251 1111 277 nanum
1669 244 1732 279 853

239 303 347 339 Sixtus
369 303 427 338 PP.
451 303 493 338 1v
516 304 683 339 nonnullos
706 305 911 340 canonicatus
936 310 967 340 et
990 304 1192 351 parochiales
1209 304 1361 339 ecclesias
1375 305 1575 340 universitati
1599 306 1776 343 studiorum

331 357 512 392 Trevirensi
537 360 614 401 unit,
641 359 704 392 563
729 358 746 392 b
771 362 801 394 et
826 369 886 405 seq.

242 409 350 445 Sixtus
374 410 432 445 PP.
458 410 482 444 V
505 412 744 446 universitatem
776 411 971 446 Bisuntinam
1004 414 1084 456 erigi
1110 414 1267 456 permisit.
1290 414 1306 448 1
1336 425 1366 447 a.
1393 413 1509 449 Omnia
1534 413 1701 459 hospitalia
1732 415 1779 450 10-

332 465 423 498 annis
446 464 505 498 Dei
529 466 561 498 in
587 474 681 499 unam
705 465 991 510 Congregationem
1016 467 1140 510 redegit
1164 470 1195 500 et
1218 468 1398 510 provincias
1422 468 1584 511 distinxit,
1612 469 1629 502 4
1654 479 1683 502 α.
1704 469 1778 503 Eius

332 519 515 552 constitutio
545 528 642 562 super
674 520 785 562 poenis
815 523 846 553 et
876 519 1156 554 confiscationibus
1189 521 1219 554 in
1251 520 1339 555 Statu
1371 520 1587 556 ecclesiastico
1617 522 1778 557 solvendis

333 569 484 604 Gamerae
510 571 711 615 Apostolicae
735 573 938 607 confirmatur
954 573 1016 607 343
1038 584 1068 607 α.
1085 573 1163 607 Item
1177 576 1246 608 eius
1266 576 1447 609 constitutio
1463 575 1503 609 de
1520 586 1582 610 non
1603 577 1778 612 alienandis

332 623 424 658 bonis
449 629 479 659 et
502 624 626 660 iuribus
646 626 678 660 in
703 626 791 661 Statu
814 625 1048 669 Ecclesiastico,
1074 628 1136 661 413
1162 638 1191 661 α.
1216 627 1393 672 Collegium
1418 629 1448 663 S.
1474 629 1713 665 Bonaventurae
1737 630 1777 664 do

333 676 416 712 Urbe
442 689 497 723 pro
516 679 629 714 studiis
654 680 786 714 fratrum
809 680 964 714 Minorum
989 680 1251 715 Conventualium
1276 683 1419 724 instituit,
1446 683 1507 716 478
1533 694 1561 717 a.

243 729 385 764 Societas
408 730 491 765 Iesu.
514 730 582 765 Non
605 732 679 766 licet
703 732 747 766 illi
773 733 803 766 in
829 732 963 776 collegio
988 733 1151 767 Bisuntino
1176 734 1409 779 philosophiam
1438 745 1475 769 ac
1499 736 1689 781 theologiam
1722 749 1777 782 pro

333 786 452 819 exteris
479 784 597 829 legere,
625 786 643 819 2
673 797 704 819 a.
728 785 905 830 Collegium
930 786 1176 821 Paderbonense
1201 797 1219 821 a
1236 788 1400 822 Theodoro
1431 791 1580 834 episcopo
1613 795 1776 834 erectum,

331 838 376 872 illi
400 838 549 873 Societati
573 841 787 882 committitur,
811 841 874 874 299
899 840 926 873 b.
951 840 1063 886 Ibique
1087 842 1280 876 universitas
1299 843 1396 876 studii
1421 843 1580 886 generalis
1597 846 1777 888 instituitur,

330 901 414 937 quae
438 892 523 927 illius
547 894 695 936 regimini
720 892 897 936 subiicitur,
924 893 1001 927 ibid.
1025 894 1109 936 Quot
1140 894 1276 928 lectores
1309 905 1340 928 in
1365 895 1540 930 Viennensi
1570 899 1777 933 universitate

332 945 563 990 philosophiam
582 946 633 980 vel
658 946 848 990 theologiam
872 946 984 981 lecturi
997 948 1059 981 sint
1075 947 1273 991 admittendi,
1299 949 1362 983 387
1387 949 1413 982 b.
1440 950 1588 985 Societati
1606 951 1774 993 indultum,

338 1002 494 1034 concessit
510 1000 683 1044 Gregorius
700 1000 756 1034 XV
779 1001 919 1035 officium
941 1010 979 1034 ac
1006 1003 1134 1035 missam
1158 1002 1342 1036 celebrandi
1367 1002 1406 1036 de
1423 1003 1455 1037 B.
1476 1003 1605 1048 Aloysio
1626 1004 1776 1050 Gonzaga

332 1053 395 1087 604
420 1064 449 1087 α.
474 1053 649 1097 Collequm
666 1053 840 1088 Elborense
857 1054 1004 1088 Societati
1027 1055 1100 1089 Iesu
1125 1057 1326 1090 commissum
1352 1056 1391 1090 ab
1408 1056 1547 1091 Henrico
1568 1058 1777 1102 Porlugalliae

332 1107 444 1142 infanti
468 1111 499 1141 et
523 1107 692 1148 cardinali,
723 1108 785 1141 610
814 1118 850 1147 α;
875 1108 908 1141 in
932 1106 1050 1152 illoque
1074 1111 1182 1152 postea
1205 1110 1349 1143 instituta
1373 1110 1550 1145 studiorum
1575 1113 1776 1153 universitas,

333 1164 364 1194 et
389 1161 569 1204 praeposito
593 1160 738 1204 generali
761 1162 862 1204 ipsius
887 1161 1053 1195 societatis
1077 1161 1237 1204 subiecta,
1264 1163 1326 1196 610
1345 1162 1360 1196 b
1378 1167 1407 1197 et
1430 1174 1492 1209 seq.
1517 1164 1636 1199 Domus
1661 1170 1691 1200 et
1714 1166 1777 1201 col-

330 1212 416 1257 legia
438 1214 540 1258 ipsius
564 1215 595 1248 in
619 1216 727 1258 regnis
751 1214 898 1248 Sinarum
921 1219 953 1249 et
977 1214 1127 1258 laponiae
1151 1214 1292 1249 decimas
1317 1216 1465 1259 parochis
1494 1217 1619 1252 solvere
1643 1228 1705 1253 non
1731 1224 1776 1254 te-

330 1269 454 1309 nentur,
480 1266 543 1301 753
558 1267 586 1301 b.
605 1266 783 1311 Collegium
807 1266 1009 1302 Castoriense
1034 1266 1074 1301 ab
1098 1267 1238 1303 Henrico
1261 1268 1443 1304 Bourbonio
1468 1269 1608 1306 Condaei
1632 1275 1776 1319 principe

330 1322 473 1354 erectum
497 1319 542 1354 illi
566 1321 781 1363 committitur,
807 1321 871 1355 ‘170
896 1324 927 1355 et
950 1331 1012 1366 seq.

241 1370 384 1406 Solodori
408 1372 542 1408 Senatus
566 1373 753 1408 admonetur
782 1377 817 1409 ut
847 1375 956 1409 nuncii
987 1375 1151 1420 apostolici
1177 1375 1306 1410 decreta
1331 1377 1426 1412 faciat
1448 1377 1633 1422 observari,
1661 1380 1722 1415 196
1749 1381 1775 1415 ὁ.

241 1425 431 1461 Somaschae
455 1429 695 1473 congregationi
719 1429 827 1463 unitur
851 1430 1058 1473 congregatio
1083 1428 1273 1463 clericorum
1297 1429 1467 1466 Doctrinae
1484 1431 1681 1468 Christianae
1696 1434 1778 1468 Ave-

329 1481 425 1515 nione
449 1482 600 1523 instituta,
626 1482 690 1516 354
714 1493 743 1515 α.
768 1481 893 1524 Quibus
916 1483 1043 1527 legibus
1066 1488 1099 1518 et
1122 1484 1399 1527 conventionibus,
1426 1485 1502 1519 ibid.

241 1532 390 1578 Sortilegi
414 1534 530 1579 quibus
554 1536 666 1580 poenis
685 1536 749 1570 sint
773 1537 953 1579 coercendi,
979 1538 1041 1571 796
1067 1537 1094 1570 b.

244 1586 349 1622 Status
380 1587 638 1631 Ecclesiasticus,
664 1590 726 1623 343
751 1600 788 1632 a,
814 1591 877 1624 413
901 1601 937 1633 a,
963 1591 1027 1624 Ι718
1051 1601 1080 1624 a.
1104 1590 1190 1625 Bona
1218 1596 1249 1627 et
1279 1593 1349 1627 iura
1381 1593 1420 1627 ad
1452 1596 1556 1638 ipsum
1586 1599 1777 1640 pertinentia

331 1652 394 1676 non
418 1646 551 1686 possunt
574 1643 724 1686 alienari,
748 1644 812 1678 413
837 1654 866 1678 a.
893 1644 919 1679 A
939 1644 1065 1689 quibus,
1082 1648 1113 1679 et
1137 1644 1255 1690 quibus
1275 1647 1307 1680 in
1331 1646 1468 1690 casibus
1494 1649 1650 1684 frumenta
1675 1650 1715 1685 ab
1740 1661 1777 1685 eo

333 1694 458 1729 extrahi
483 1696 618 1739 possint,
644 1696 708 1730 718
732 1707 762 1729 a.

243 1748 406 1793 Sylvester
431 1749 489 1794 (B.)
515 1748 694 1793 Cuzolinus,
718 1750 831 1784 nobilis
850 1751 1062 1794 AuxImanus,
1085 1752 1256 1787 virtutibus
1282 1757 1313 1787 et
1335 1755 1498 1789 miraculis
1523 1756 1635 1799 clarus,
1663 1757 1725 1792 400
1750 1759 1775 1792 b.

331 1803 389 1838 Cui
413 1805 495 1838 inter
518 1807 624 1838 cetera
655 1804 689 1838 B.
715 1805 814 1839 Mater
841 1804 900 1839 Dei
933 1805 1046 1839 Filium
1075 1815 1167 1839 suum
1192 1807 1224 1839 in
1248 1806 1445 1842 Eucharistia
1475 1812 1633 1853 porrexit,
1660 1810 1719 1845 401
1747 1823 1775 1845 α.

331 1856 537 1892 AClemente
560 1858 618 1892 PP.
636 1858 708 1892 VIII
724 1858 945 1903 Martyrologio
969 1859 1110 1893 Romano
1135 1859 1313 1904 adscriptus
1338 1865 1368 1895 et
1392 1871 1409 1895 a
1435 1863 1530 1897 Paulo
1550 1863 1576 1898 V
1601 1866 1632 1898 in
1653 1865 1778 1900 Sancto-

331 1922 402 1946 rum
425 1911 574 1947 abbatum
607 1922 777 1947 numerum
808 1913 941 1956 relatus,
975 1913 1053 1946 ibid.
1090 1913 1378 1958 Congregationem
1410 1918 1637 1952 monachorum
1668 1918 1777 1964 Sylve-

334 1966 508 2000 strinorum
534 1966 653 2009 fundat,
678 1966 756 2000 ibid.

244 2017 511 2063 Sylvestrinorum
536 2020 763 2054 monachorum
787 2022 991 2064 congregatio
1015 2019 1146 2055 Ordinis
1170 2021 1201 2055 S.
1226 2021 1388 2057 Benedicti
1405 2023 1444 2058 ab
1461 2024 1646 2060 Innocentio
1663 2026 1777 2061 PP.1V

333 2073 526 2118 approbata,
553 2074 615 2108 400
640 2085 669 2107 α.
697 2074 733 2107 Ei
759 2073 944 2108 conceditur
972 2075 1106 2107 ecclesia
1138 2074 1167 2107 S.
1200 2074 1347 2110 Andreae
1373 2079 1403 2110 in
1429 2079 1558 2112 civitate
1584 2079 1775 2119 Auximana,

333 2126 394 2160 401
421 2126 447 2160 b.
471 2127 508 2161 Ei
523 2129 796 2162 communicantur
815 2127 1064 2162 Mendicantium
1087 2127 1246 2163 Ordinum
1270 2130 1448 2174 privilegia,
1466 2132 1529 2166 398
1554 2132 1580 2166 h.
1599 2133 1679 2168 Cum
1703 2145 1778 2169 non—

332 2179 428 2214 nullis
452 2180 715 2223 restrIctionibus,
742 2181 803 2214 399
829 2191 859 2213 a.

245 2232 371 2277 Sylvius
395 2233 588 2278 Albergatus
611 2236 739 2268 nomine
765 2234 856 2269 Sedis
882 2235 1081 2279 Apostolicae
1107 2235 1308 2270 concordiam
1331 2238 1389 2271 init
1413 2247 1485 2271 cum
1500 2237 1636 2273 Caesare
1652 2239 1775 2275 Estensi

333 2287 415 2322 duce
440 2287 579 2322 Mutinae
603 2297 700 2332 super
723 2287 903 2322 confinibus
927 2293 1102 2323 castrorum
1126 2290 1261 2324 Roffenii
1286 2294 1317 2325 et
1341 2291 1455 2326 Montis
1475 2292 1628 2335 Tui-turis,
1655 2294 1718 2328 218
1743 2306 1773 2328 a.

1002 2421 1026 2456 Τ

245 2554 332 2590 Taxa
354 2555 513 2591 servanda
544 2565 562 2589 a
593 2555 722 2590 notariis
754 2558 785 2589 et
818 2554 889 2588 aliis
920 2554 1109 2589 officialibus
1146 2555 1352 2592 tribunalium
1376 2557 1470 2592 Urbis
1494 2562 1691 2605 praescripta
1719 2572 1776 2606 per

334 2609 467 2644 Paulum
490 2610 547 2644 PP.
572 2608 608 2651 V,
633 2609 694 2643 111
721 2619 752 2642 a.
771 2608 857 2642 Taxa
883 2609 1078 2642 notariorum
1103 2617 1249 2644 camerae
1274 2615 1304 2645 et
1328 2612 1518 2655 apostolicae
1543 2618 1573 2648 et
1598 2615 1695 2658 sigilli
1721 2625 1772 2650 ca·
1831 2616 1833 2618 ’

336 2665 475 2708 merarii,
499 2664 559 2698 111
587 2663 613 2696 b.
639 2662 725 2698 Taxa
750 2663 946 2697 notariorum
962 2661 1104 2697 civilium
1120 2663 1223 2708 Urbis,
1239 2664 1336 2709 Burgi
1353 2669 1384 2701 et
1403 2665 1536 2701 aliorum
1553 2668 1774 2717 tribunalium,
