2293 3231
86 279 139 306 An.
155 277 183 305 C.
208 276 272 305 1622

6 633 16 710 ε...»
12 603 13 607 Α
9 555 14 560 .

140 1448 271 1469 Obstantium

90 1474 205 1500 derogatio.

889 278 1064 302 GREGORIUS
1089 278 1131 302 XV
1155 278 1202 301 FP.

284 329 366 358 tenta
383 335 607 369 quaecumque,
621 325 673 358 ubi
691 329 803 359 etcum
821 336 899 369 opus
916 326 1019 365 fucrit,

284 387 320 411 ac
343 377 465 421 quoties
482 389 539 421 pro
557 385 644 422 parte
670 378 825 411 dictorum
851 379 1020 423 praepositi

284 431 439 473 generalis
475 438 504 464 et
543 431 762 474 religiosorum
797 443 851 465 seu
891 433 1022 465 alicuius

285 495 394 517 eorum
426 484 541 517 fuerint
570 485 728 527 requisiti,
759 485 941 518 solemniter
965 496 1022 529 pu-

285 537 451 577 blicantes„
476 540 583 581 eisque
614 539 644 570 in
676 539 855 582 praemissis
887 539 1022 572 efficacis

286 590 474 623 defensionis
498 591 655 634 praesidio
680 592 879 632 assistentes,
911 593 1024 626 faciant

286 644 456 687 praemissa
486 644 588 676 omnia
615 645 652 676 ab
677 645 839 686 omnibus,
865 656 943 689 quos
972 646 1022 678 illa

286 703 489 738 concernunt,
506 698 726 731 inviolabiliter
739 699 910 739 observari,
927 700 1022 743 ipsos-

285 760 346 793 que
370 751 583 794 praepositum
608 752 785 794 generalem
811 755 841 786 et
860 752 1023 795 religiosos

287 813 342 835 seu
361 803 497 847 aliquem
522 803 648 837 illorum
673 805 854 847 praemissis
878 805 1023 839 omnibus

286 861 316 888 et
340 856 471 899 singulis
495 857 624 900 pacitice
648 858 709 890 srui
733 863 763 890 et
787 858 940 901 gaudere,
960 869 1023 891 non

285 910 500 953 permittentes
517 921 571 943 eos
587 911 721 954 desuper
737 922 794 955 per
807 922 1023 955 quoscumque

286 964 523 1007 quomodolibet
546 964 682 997 indebite
706 965 878 1004 molestari;
903 970 1024 998 contra-

286 1016 421 1049 dictores
445 1017 601 1059 quoslibet
617 1022 646 1049 et
674 1018 807 1050 rebelles
824 1028 881 1062 per
900 1023 1024 1051 senten-

287 1069 354 1110 tias,
365 1080 512 1102 censuras
525 1075 554 1102 et
566 1080 692 1113 poenas,
710 1071 831 1113 aliaque
847 1076 1023 1114 opportuna

287 1123 363 1155 iuris
387 1128 418 1156 et
440 1123 512 1155 sacti
536 1123 684 1163 remedia,
709 1124 915 1166 appellatione
944 1128 1025 1167 post-

286 1176 397 1218 posita,
421 1176 669 1219 compescendo,
694 1176 906 1219 legitimisque
931 1188 1025 1221 super

285 1228 334 1260 his
352 1228 503 1261 habendis
530 1229 660 1261 servatis
676 1229 887 1272 processibus,
905 1226 1025 1262 senten-

286 1282 353 1322 tias,
378 1292 525 1315 censuras
550 1287 580 1314 et
603 1293 719 1326 poenas
744 1282 827 1326 ipsas
851 1283 944 1315 etiam
973 1284 1026 1316 ite-

286 1334 361 1367 ratis
377 1335 497 1368 vicibus
513 1336 723 1379 aggravando,
741 1336 883 1369 invocato
899 1336 939 1368 ad
955 1337 1024 1377 hoc,

287 1387 312 1419 si
336 1398 415 1431 opus
437 1387 542 1428 suerit,
566 1389 682 1421 auxilio
707 1389 827 1422 brachii
848 1390 1005 1422 secularis.

332 1441 346 1484 ἓ
372 1440 400 1474 5.
425 1442 493 1475 Non
509 1441 704 1475 obstantibus
723 1442 854 1485 singulis
874 1443 1025 1486 praemis-

287 1493 339 1534 sis,
359 1505 395 1526 ac
418 1496 527 1527 nostra
551 1499 581 1527 et
608 1495 812 1528 cancellariae
835 1500 961 1528 nostrae
980 1506 1026 1528 re-

287 1547 360 1589 gula
372 1547 486 1580 deuon
502 1547 641 1580 tollendo
655 1547 723 1580 iure
740 1548 891 1591 quaesito,
905 1559 1026 1581 necnon

287 1599 386 1633 felicis
411 1600 638 1634 recordationis
662 1601 811 1634 Bonifacii
836 1602 935 1645 Papae
961 1602 1025 1634 VIII

288 1653 540 1696 praedecessoris
564 1654 663 1686 nostri
688 1654 725 1686 de
750 1656 822 1694 una,
847 1658 877 1688 et
902 1654 1025 1687 concilii

287 1707 443 1749 generalis
459 1707 496 1740 de
513 1707 634 1740 duabus
651 1707 750 1747 dietis,
768 1707 940 1740 dummodo
957 1708 1026 1751 quis

287 1760 369 1793 ultra
393 1765 457 1793 tres
481 1761 663 1793 earumdem
685 1761 791 1804 vigore
814 1762 1024 1804 praesentium

287 1814 326 1846 ad
339 1813 491 1847 iudicium
502 1825 565 1847 non
578 1815 729 1855 trahatur,
741 1826 776 1847 ac
786 1815 854 1848 aliis
867 1815 1026 1859 quibusvis

289 1865 467 1909 apostolicis
491 1866 585 1898 etiam
604 1866 636 1898 in
652 1866 881 1899 universalibus
902 1867 1027 1910 provin-

288 1918 481 1962 cialibusque
497 1924 527 1952 et
553 1919 753 1964 synodalibus
777 1920 917 1952 conciliis
937 1920 1027 1952 editis

289 1971 475 2013 specialibus
499 1972 547 2004 vel
575 1972 776 2015 generalibus
802 1973 1029 2006 constitutioni-

289 2023 347 2056 bus
363 2029 392 2056 et
408 2024 668 2066 ordinationibus,
686 2036 743 2058 nec
759 2036 832 2066 non,
849 2031 912 2058 tam
930 2027 1027 2070 ipsius

290 2076 462 2118 Societatis,
475 2078 619 2122 illiusque
631 2079 809 2120 domorum,
821 2080 1027 2122 collegiorum

291 2135 321 2163 et
345 2131 478 2163 aliorum
502 2132 645 2166 locorum
670 2134 913 2177 praedictorum,
933 2144 1026 2177 quam

291 2194 563 2228 quarumcumque
587 2186 910 2229 metropolitanarum,
927 2187 1029 2219 cathe-

291 2235 435 2277 dralium,
456 2237 709 2281 collegiatarum,
734 2240 973 2282 parochialium,
999 2244 1028 2273 et

291 2289 422 2322 aliarum
440 2291 643 2324 ecclesiarum
661 2302 833 2334 regnorum
847 2292 1026 2326 huiusmodi

292 2342 402 2385 (etiam
426 2343 614 2384 iuramento,
639 2344 879 2378 confirmatione
901 2351 1026 2388 aposto-

291 2394 372 2435 lica,
397 2396 444 2428 vel
469 2396 578 2439 quavis
602 2396 748 2430 firmitate
773 2397 834 2429 alia
858 2397 1027 2442 roboratis)

291 2448 412 2481 statutis
423 2453 452 2481 et
466 2449 752 2490 consuetudinibus,
765 2450 938 2493 privilegiis
954 2461 1029 2493 (luo-

292 2512 364 2544 que,
381 2501 508 2535 indultis
525 2508 555 2535 et
570 2503 683 2536 litteris
700 2504 889 2547 apostolicis,
911 2503 1028 2536 eisdem

292 2555 552 2599 archiepiscopiS,
577 2556 640 2589 sive
665 2557 832 2600 episcopis,
857 2567 1029 2600 eorumque

293 2609 441 2652 ecclesiis,
458 2610 600 2654 capitulis
613 2615 643 2642 et
654 2610 821 2651 canonicis,
833 2621 869 2644 ac
882 2611 950 2643 aliis
965 2611 1031 2654 qui-

293 2662 488 2707 buscumque
505 2663 649 2708 personis
662 2691 670 2705 ,
690 2663 747 2697 sub
774 2664 1027 2708 quibuscumque

1057 326 1218 358 tenoribus
1231 330 1259 357 et
1272 325 1390 365 formis,
1403 336 1438 358 ac
1451 336 1522 358 cum
1534 325 1696 369 quibusvis
1711 326 1791 358 clau-

1056 379 1131 411 sulis
1148 384 1177 410 et
1191 378 1335 418 decretis,
1350 378 1380 410 in
1393 378 1585 411 eontrarium
1599 379 1702 411 forsan
1716 389 1792 422 quo-

1056 431 1226 464 modolibet
1250 431 1415 471 concessis,
1440 431 1634 464 confirmatis
1658 437 1688 465 et
1709 431 1793 465 inno-

1058 485 1150 524 vatis,
1171 490 1223 517 aut
1240 485 1264 516 si
1285 485 1440 527 aliquibus
1460 484 1668 517 communiter
1689 485 1735 517 vel
1751 484 1793 517 di-

1058 537 1145 569 visim
1170 537 1208 569 ab
1240 538 1418 581 Apostolica
1443 538 1482 570 sit
1513 538 1590 571 Sede
1622 538 1792 579 indultum,

1056 590 1140 633 quod
1161 591 1314 631 interdici,
1340 592 1496 635 suspendi,
1514 592 1560 624 vel
1579 591 1793 624 excommuni-

1057 643 1120 676 cari
1145 653 1207 676 non
1235 644 1355 687 possint
1380 655 1436 687 per
1460 644 1578 677 litteras
1607 644 1794 688 apostolicas

1056 706 1118 729 non
1143 696 1290 729 facientes
1316 697 1439 740 plenam
1457 702 1487 729 et
1507 707 1687 740 expressam
1704 707 1739 730 ac
1756 697 1794 729 de

1057 749 1153 782 verbo
1177 749 1214 781 ad
1245 749 1376 781 verbum
1402 749 1439 781 dc
1464 749 1584 782 indulto
1614 749 1794 783 huiusmodi

1057 803 1262 835 mentionem:
1288 803 1402 846 quibus
1426 804 1587 844 omnibus,
1611 803 1733 836 etiarnsi
1757 804 1795 836 de

1057 855 1129 896 illis,
1151 856 1341 900 illorumque
1358 856 1430 889 totis
1452 857 1614 889 tenoribus
1639 857 1794 900 specialis,

1057 908 1203 952 specifica
1227 913 1256 942 et
1280 920 1427 952 expressa
1457 909 1574 942 mentio
1599 910 1630 942 in
1654 920 1796 953 praesen-

1057 962 1139 994 tibus
1152 961 1291 994 facienda
1305 963 1394 1002 foret,
1404 962 1464 995 illis
1477 963 1552 995 alias
1566 963 1596 995 in
1610 974 1666 996 suo
1680 963 1795 996 robore

1057 1015 1282 1057 permansuris,
1297 1015 1354 1048 hac
1368 1015 1433 1047 vice
1447 1015 1608 1048 dumtaxat
1620 1015 1796 1059 specialiter

1058 1074 1087 1100 et
1111 1079 1260 1112 expresse
1285 1069 1490 1112 derogamus,
1515 1070 1691 1114 ceterisque
1715 1080 1792 1103 con-

1058 1121 1162 1154 trariis
1185 1123 1447 1166 quibuscumque.

1101 1175 1213 1207 Datum
1237 1177 1365 1217 Romae,
1389 1177 1471 1220 apud
1495 1177 1523 1209 S.
1550 1177 1678 1210 Mariam
1701 1177 1796 1210 Maio-

1058 1238 1135 1269 rem,
1153 1229 1210 1261 sub
1226 1230 1341 1262 annulo
1360 1230 1536 1271 Piscatoris,
1561 1231 1610 1263 die
1630 1241 1648 1264 v
1674 1242 1798 1264 novem-

1058 1281 1123 1313 bris
1148 1292 1290 1323 Mncxxu,
1317 1283 1516 1326 pontificatus
1539 1284 1639 1316 nostri
1663 1295 1744 1318 anno
1765 1294 1795 1317 11.

1093 1344 1153 1370 Dat.
1170 1344 1214 1371 die
1228 1346 1245 1372 5
1261 1345 1418 1372 novembris
1435 1345 1513 1381 1622,
1530 1346 1625 1381 pontif.
1642 1354 1686 1374 an.
1703 1353 1732 1373 11.

1059 1531 1229 1566 Institutio
1239 1532 1426 1574 festivitatis
1438 1533 1470 1566 S.
1490 1533 1637 1566 Ioacltim
1650 1535 1798 1577 parentis

1104 1584 1307 1617 beatissimae
1331 1585 1458 1617 Mariae
1486 1585 1632 1628 Viryinis
1655 1587 1713 1619 sub
1739 1586 1798 1619 du-

1100 1637 1182 1680 plici
1210 1637 1309 1680 officio
1335 1637 1387 1670 die
1413 1648 1453 1670 xx
1479 1639 1594 1671 martii
1621 1640 1798 1682 quotannis

1103 1690 1321 1731 celebrandae,
1342 1695 1370 1723 et
1387 1691 1423 1723 in
1444 1692 1603 1724 breviario
1623 1697 1652 1725 et
1672 1693 1800 1726 missali

1103 1747 1131 1775 et
1152 1742 1355 1776 kalendariis
1374 1744 1584 1787 imposterum
1604 1745 1796 1789 imprimen-

1103 1796 1154 1828 dis
1174 1796 1425 1830 describendae¹.

1263 1869 1419 1903 Gregorius
1439 1869 1517 1903 Papa
1535 1870 1591 1901 XV,

1181 1913 1218 1939 ad
1237 1916 1411 1947 perpetuam
1431 1914 1474 1940 rei
1495 1914 1674 1942 memoriam.

1103 1974 1302 2017 Apostolatus
1325 1975 1481 2016 officium,
1506 1976 1592 2009 nullo
1614 1976 1686 2010 licet
1709 1978 1799 2010 meri-

1061 2032 1165 2059 torum
1183 2028 1343 2070 suffragio,
1360 2029 1452 2061 nobis
1469 2039 1505 2061 ex
1519 2030 1580 2062 alto
1590 2030 1797 2069 commissum

1060 2080 1205 2122 postulat,
1219 2085 1253 2112 ut
1268 2080 1306 2113 ad
1320 2091 1365 2121 ea,
1382 2091 1439 2124 per
1455 2092 1534 2124 quac
1551 2082 1649 2114 saneti
1662 2082 1798 2115 Ioachim

1060 2132 1306 2175 gloriosissimae
1329 2134 1383 2166 Dei
1407 2133 1573 2168 Genitricis
1604 2135 1717 2168 Mariae
1742 2146 1798 2179 pa-

1060 2185 1156 2218 rentis
1173 2186 1259 2218 omni
1279 2186 1369 2219 laude
1387 2186 1562 2229 dignissimi
1579 2188 1681 2220 cultus
1701 2193 1731 2220 et
1748 2199 1799 2221 ve-

1060 2238 1179 2271 neratio
1210 2238 1242 2270 in
1266 2239 1331 2271 dies
1360 2239 1460 2282 magis
1492 2246 1661 2283 augeatur,
1687 2241 1800 2273 mentis

1060 2297 1185 2324 nostrae
1209 2292 1309 2325 aciem
1333 2292 1441 2326 sedulo
1466 2293 1673 2326 intendamus.

1097 2407 1107 2433 1
1127 2406 1175 2434 Hic
1190 2407 1263 2434 idem
1287 2408 1408 2435 Pontifex
1425 2409 1518 2435 statuit
1533 2409 1613 2435 etiam
1629 2409 1726 2436 festum
1742 2418 1801 2437 san-

1062 2456 1120 2477 ctae
1136 2452 1227 2478 Annae
1243 2452 1335 2479 matris
1351 2453 1471 2479 eiusdem
1487 2453 1581 2480 beatae
1597 2453 1695 2481 Mariae
1710 2455 1800 2490 Virgi-

1063 2495 1102 2521 nis
1121 2495 1154 2521 de
1173 2500 1316 2531 praecepto
1336 2496 1475 2523 observari
1492 2497 1603 2532 debere,
1625 2502 1654 2524 ut
1673 2507 1753 2534 supra
1774 2499 1800 2526 in

1061 2538 1172 2566 Constit.
1194 2546 1247 2566 Lvil
1271 2541 1387 2573 Honor,
1412 2549 1472 2576 pag.
1494 2542 1563 2574 6863
1585 2545 1610 2568 et
1632 2542 1699 2569 illud
1722 2547 1801 2570 antea

1062 2584 1111 2610 sub
1127 2583 1169 2610 die
1184 2590 1245 2611 xxvl
1260 2584 1317 2611 iulii
1336 2585 1386 2611 sub
1401 2585 1503 2620 duplici
1518 2585 1605 2612 officio
1626 2587 1667 2621 agi
1687 2587 1801 2614 iusserat

1062 2628 1205 2663 Gregorius
1221 2628 1281 2655 XlIl
1306 2628 1331 2655 in
1352 2637 1402 2656 sua
1420 2629 1511 2657 Const.
1531 2637 1591 2657 CLxl
1611 2631 1720 2659 Sancta
1739 2632 1799 2659 Μα-

1064 2676 1123 2707 ter,
1145 2678 1208 2701 tom.
1231 2680 1294 2706 vin,
1313 2682 1373 2709 pag.
1395 2675 1458 2702 455.
1825 2674 1829 2676 ’

1698 268 1759 301 757
1806 277 1889 305 Αη.Ο
1921 278 1987 305 1622

1839 1988 1958 2009 Exordium.
