2293 3231
59 247 112 281 AB·
127 243 157 276 G.
177 242 244 277 1621

856 243 1033 272 onzeonms
1055 243 1099 270 XV
1122 243 1171 271 1⁵12.

256 298 454 329 mererentur
479 295 511 328 in
536 294 681 329 facultate
705 294 770 335 illa,
794 294 825 328 in
851 305 912 338 qua
935 298 996 327 stu-

257 345 406 388 duissent,
430 346 583 388 obtinere,
608 357 644 380 ac
663 346 795 381 docendi
820 346 994 388 licentiam,

258 404 292 433 ut
314 398 392 433 alios
416 399 541 433 erudire
566 400 697 440 valeant,
721 409 779 432 nec
802 409 865 432 non
885 399 996 441 magis-

258 452 329 486 terii
357 457 387 486 et
410 452 591 486 doctoratus
610 453 763 486 honorem
794 455 935 496 peterent
952 452 995 485 eis

259 505 378 549 largiri,
402 516 460 550 per
484 505 645 540 doctorem
674 516 729 539 seu
753 505 914 546 doctores,
938 515 996 549 per

259 559 447 602 magistrum
467 569 522 592 seu
546 559 714 602 magistros
739 558 892 593 facultatis
919 559 996 592 cius-

260 612 341 652 dem,
365 611 398 644 in
422 622 483 656 qua
508 611 696 645 examinatio
715 611 818 644 fienda
841 612 932 652 soret,
949 622 996 644 ar-

261 663 462 708 chiepiscopo
479 663 655 697 Trevirensi
679 674 737 708 pro
761 669 903 708 tempore
920 664 997 697 exis-

262 715 354 758 tenti,
386 722 436 757 et,
465 716 642 750 Trevirensi
673 716 805 750 ecclesia
834 720 996 761 pastorum

261 769 372 813 solatio
385 769 542 810 destituta,
557 769 672 804 vicario
687 780 741 803 scu
755 768 880 803 officiali
894 769 925 802 in
939 769 999 813 spi-

261 822 428 857 ritualibus
456 823 644 857 dilectorum
672 821 825 857 filiorum¹
854 832 1000 866 praesen-

260 881 418 917 tarentur;
443 877 495 920 qui
516 876 641 920 quidem
666 876 934 920 archiepiscopus,
951 875 998 908 vel

261 930 408 971 vicarius,
432 941 487 964 seu
511 930 662 971 officialis,
684 930 753 963 aliis
769 929 953 962 doctoribus
969 934 1000 962 et

260 983 421 1027 magistris
444 984 476 1017 in
499 984 608 1017 endem
633 983 777 1016 facultate
794 982 909 1016 ibidem
928 987 1000 1016 tunc

261 1037 437 1081 legentibus
461 1037 650 1077 convocatis,
674 1036 906 1080 promovendos
930 1046 999 1069 eos-

262 1090 334 1124 dem
351 1091 383 1123 in
401 1091 449 1123 his
475 1101 555 1134 quae
572 1090 610 1123 ad
628 1089 801 1133 magisterii
822 1099 876 1122 seu
896 1089 1001 1121 docto-

261 1149 348 1176 ratus
361 1143 514 1177 honorem
528 1143 698 1187 quemlibet
712 1142 927 1186 requiruntur,
944 1151 1001 1185 per

262 1206 306 1237 se,
320 1196 369 1229 vel
389 1196 495 1236 alium,
512 1196 598 1229 iuxta
622 1196 751 1228 modum
768 1205 821 1228 seu
839 1199 1002 1228 consuetu-

261 1249 366 1283 dinem
389 1249 421 1282 in
444 1249 557 1283 talibus
574 1249 606 1282 in
622 1249 704 1282 dicto
722 1249 824 1282 studio
840 1248 1001 1282 Colonien-

262 1304 288 1337 si
312 1304 430 1337 servari
461 1304 596 1344 solitam,
625 1303 804 1336 examinare
829 1302 968 1335 studeret
980 1303 1000 1342 ²,

263 1357 317 1402 qui
335 1357 379 1390 eis'
395 1357 575 1390 doctoratus
591 1367 645 1389 seu
663 1357 833 1399 magisterii
848 1357 1000 1389 honorem

264 1410 496 1455 impenderent:
522 1410 565 1443 illi
590 1421 675 1450 vcro,
695 1411 747 1454 qui
765 1411 796 1444 in
813 1410 923 1444 eodem
942 1415 1003 1443 stu-

265 1464 318 1498 dio
342 1464 474 1498 civitatis
491 1464 629 1497 eiusdem
651 1464 816 1496 examinati
841 1469 869 1496 et
894 1474 1003 1507 appro-

266 1517 329 1551 bati
355 1522 466 1557 essent,
483 1527 519 1550 ac
542 1517 673 1550 docendi
692 1517 847 1550 licentiam
864 1522 893 1549 et
910 1518 1004 1550 hono-

264 1581 332 1605 rem
345 1567 525 1605 huiusmodi
542 1571 760 1610 obtinuissent,
770 1574 803 1604 ut
817 1571 1002 1614 praefertur,

265 1628 295 1659 et
310 1625 411 1665 tunc³,
428 1625 546 1669 absque
570 1625 638 1657 aliis
661 1624 889 1657 examinatione
909 1630 938 1657 et
954 1635 1005 1668 ap·

264 1677 460 1722 probatione,
477 1677 624 1721 deinceps
644 1678 795 1717 docendi,
821 1678 950 1720 regendi
975 1682 1004 1710 et

264 1731 399 1774 legendi,
423 1736 485 1764 tam
511 1731 542 1764 in
566 1731 649 1764 dicta
673 1731 805 1771 civitate,
831 1741 925 1774 quam
946 1731 1005 1764 sin-

264 1784 347 1828 gulis
371 1785 438 1817 aliis
463 1784 592 1826 studiis,
618 1784 649 1817 in
680 1785 794 1828 quibus
826 1785 930 1828 legere
956 1786 1003 1818 vel

265 1837 380 1871 docere
403 1838 531 1878 vellent,
555 1838 680 1881 plenam
705 1843 734 1870 et
758 1838 890 1870 liberam
913 1837 1004 1870 habe-

265 1895 336 1925 rent
358 1891 544 1924 facultatem.
563 1891 599 1924 Et
615 1890 727 1923 deinde
752 1891 835 1924 idem
859 1890 1004 1924 Nicolaus

266 1943 501 1988 praedecessor,
528 1944 657 1988 cupiens
674 1949 709 1977 ut
728 1944 873 1978 doctores
891 1948 920 1978 et
943 1954 1005 1977 nia-

267 1997 357 2040 gistri
373 1996 405 2030 in
421 1997 533 2031 eodem
557 1997 659 2031 studio
686 1997 883 2031 manuteneri
901 2003 931 2030 et
948 2004 1005 2031 sta-

266 2054 333 2083 tum
347 2060 438 2083 suum
447 2050 593 2084 decenter
605 2055 712 2084 tenere
724 2050 854 2094 possint,
864 2050 1004 2084 eiusdem

267 2102 371 2138 Iacobi
385 2103 614 2148 archiepiscopi
623 2104 905 2148 supplicationibus
921 2105 1006 2139 incli-

266 2162 368 2197 natus,
394 2167 446 2190 sex
470 2157 681 2198 canonicatus,
707 2163 736 2190 et
760 2158 890 2192 totidem
914 2169 1006 2203 prae-

267 2209 395 2250 bendaS,
420 2220 455 2243 ac
479 2215 543 2243 tres
562 2211 758 2254 parochiales
782 2212 938 2252 ecclesias,
959 2213 1005 2246 vel

268 2273 376 2297 earum
394 2268 561 2308 perpetuas
578 2263 718 2304 vicarias,
737 2264 775 2296 ad
793 2264 890 2308 ipsius
903 2265 1006 2299 iacobi

269 2316 512 2361 archiepiscopi,
522 2327 575 2349 seu
585 2327 856 2361 quorumcumque
872 2318 1005 2351 aliorum

268 2369 454 2403 collatorum
482 2375 511 2402 et
535 2369 731 2403 collati-icum
759 2370 950 2404 Trevirensis
967 2372 1007 2405 ci-

268 2422 372 2456 vitatis
396 2428 426 2456 et
448 2422 599 2456 dioecesis
631 2423 840 2463 collationem,
858 2424 1008 2468 provisio-

306 2512 319 2539 1
339 2511 415 2539 Adde
434 2511 556 2547 capituti
579 2511 764 2546 Trevirensis,
790 2515 819 2540 ut
838 2520 898 2549 pag.
919 2513 971 2541 560
989 2522 1008 2541 a

272 2555 409 2628 (fibri-*iilia
426 2599 507 2629 ltlain.
523 2600 588 2637 legit
601 2601 750 2630 studerent
764 2602 802 2636 (a.
817 2602 865 2637 τ.).

304 2642 322 2673 3
335 2643 385 2673 Vel
397 2645 488 2681 potius
501 2644 561 2682 lege
576 2653 612 2675 ex
626 2648 694 2676 tunc
708 2646 748 2683 (a.
763 2648 812 2681 τ.).

1028 303 1110 334 nem,
1123 292 1417 338 praesentationem,
1433 290 1691 331 nominationem,
1708 291 1767 324 ele-

1030 346 1176 387 ctionem,
1189 356 1243 380 seu
1256 346 1399 390 quamvis
1412 345 1504 378 aliam
1517 343 1766 389 dispositionem,

1030 399 1239 433 communiter
1258 399 1305 431 vel
1331 398 1465 439 divisim,
1485 397 1686 441 pertinentes,
1703 396 1768 430 uni-

1030 451 1169 485 versitati
1186 451 1278 484 studii
1295 450 1488 484 Trevirensis
1505 449 1685 484 huiusmodi
1698 460 1768 494 per-

1030 510 1125 549 petuo
1157 504 1272 544 univit,
1297 504 1461 544 annexuit,
1486 508 1516 536 et
1543 502 1767 546 incorporavit.

1030 557 1067 590 Et
1080 557 1255 590 successive
1268 557 1337 601 piae
1350 556 1520 590 memoriae
1534 555 1638 589 Sixtus
1651 555 1706 588 PP.
1720 555 1768 597 IV,

1031 611 1069 643 ad
1094 610 1357 654 supplicationem
1382 610 1482 643 bonae
1495 609 1669 643 memoriae
1684 609 1770 643 Ioan-

1029 663 1078 696 nis
1101 663 1329 707 archicpiscopi
1341 662 1545 703 Trevirensis,
1562 667 1592 695 et
1610 662 1771 696 universo-

1031 727 1102 750 rum
1113 716 1290 757 doctorum‚
1302 715 1527 759 magistrorum
1538 720 1568 748 et
1579 715 1769 749 scholarium

1031 769 1241 803 universitatis
1259 769 1351 804 studii
1371 768 1563 802 Trevirensis
1577 768 1769 812 huiusmodi,

1032 822 1239 856 asserentium
1259 822 1408 855 unionem
1432 821 1623 866 praedictam
1642 825 1716 856 tunc
1731 822 1771 855 ef-

1033 875 1148 909 fectum
1174 880 1398 919 consequutam
1424 885 1486 909 non
1509 874 1616 915 fuisse,
1640 875 1772 908 erectio-

1033 938 1123 969 nem,
1152 934 1300 962 statutum
1325 933 1356 961 et
1387 928 1566 962 ordinatum
1593 927 1770 972 praedicta,

1034 992 1069 1015 ac
1093 982 1200 1015 omnia
1224 986 1253 1016 et
1277 982 1401 1024 singula
1428 981 1461 1014 in
1488 981 1601 1014 litteris
1625 981 1699 1015 dicti
1722 981 1773 1015 Ni-

1034 1036 1113 1069 colai
1144 1035 1395 1079 praedecessoris
1427 1040 1593 1076 contenta,
1621 1046 1680 1069 nec
1709 1045 1773 1069 non

1034 1089 1249 1133 promotiones
1281 1089 1312 1121 in
1340 1088 1449 1132 quavis
1476 1089 1620 1122 facultate
1649 1088 1681 1121 in
1704 1089 1773 1133 ipsa

1034 1142 1238 1175 universitate
1254 1142 1431 1175 Trevirensi
1449 1142 1508 1175 rite
1531 1142 1639 1182 factas,
1652 1147 1682 1175 et
1701 1142 1772 1175 inde

1035 1201 1165 1240 sequuta
1190 1206 1416 1239 quaecumque,
1441 1196 1635 1240 approbavit,
1660 1201 1690 1229 et
1713 1197 1775 1240 ple-

1034 1261 1111 1283 num
1136 1250 1292 1282 firmitatis
1317 1249 1416 1283 robur
1445 1250 1587 1283 obtinere
1617 1250 1773 1292 decrevit,

1035 1304 1183 1348 supplens
1208 1314 1318 1337 omnes
1342 1308 1370 1336 et
1396 1303 1537 1345 singulos
1563 1303 1724 1344 desectus,
1749 1304 1775 1337 si

1035 1359 1087 1402 qui
1113 1359 1217 1391 forsan
1241 1358 1482 1390 intervenissent
1506 1357 1537 1390 in
1561 1357 1689 1391 eisdem:
1707 1368 1776 1391 nec-

1035 1420 1097 1443 non
1108 1410 1137 1442 in
1152 1410 1283 1453 singulis
1297 1410 1394 1442 sancti
1407 1409 1562 1443 Simeonis
1571 1410 1775 1451 Trevirensis,

1036 1469 1066 1497 et
1079 1464 1176 1497 sancti
1195 1464 1323 1503 Florini,
1341 1469 1370 1497 et
1387 1464 1485 1496 sancti
1501 1464 1637 1497 Castoris
1654 1464 1686 1496 in
1702 1464 1777 1498 Con-

1036 1517 1174 1557 fluentia,
1186 1517 1256 1549 etin
1272 1517 1463 1551 monasterio
1476 1517 1643 1557 Menifeldt,
1655 1517 1777 1550 Aindie-

1037 1571 1192 1611 lerichcn‚
1216 1582 1252 1604 ac
1276 1571 1308 1604 in
1333 1571 1483 1605 Palatiolo
1514 1571 1655 1604 ecclesiis
1678 1581 1775 1605 unum

1037 1625 1252 1658 canonicatum
1274 1631 1304 1658 et
1328 1635 1422 1658 unam
1440 1625 1653 1669 praebendam
1673 1625 1777 1669 primo

1038 1678 1227 1719 vacaturas¹,
1251 1689 1309 1712 nec
1333 1688 1395 1712 non
1420 1679 1451 1711 in
1475 1679 1676 1719 Andernach,
1700 1678 1774 1712 Die-

1037 1730 1208 1764 denhosren
1231 1736 1261 1764 et
1290 1732 1471 1775 Epsernach
1491 1731 1591 1766 dictae
1615 1731 1777 1772 dioecesis,

1038 1795 1071 1817 ac
1101 1785 1197 1817 sancti
1234 1785 1393 1818 Laurentii
1429 1788 1459 1819 et
1490 1785 1587 1818 sancti
1624 1784 1776 1818 Gandolffi

1037 1838 1231 1871 Trevirensis
1243 1838 1440 1882 parochiales
1452 1838 1610 1878 ecclesias,
1628 1848 1699 1871 cuin
1712 1848 1779 1871 om-

1037 1891 1129 1924 nibus
1154 1891 1275 1924 iuribus
1299 1897 1329 1924 et.
1352 1891 1549 1934 pertinentiis
1573 1892 1653 1932 suis,
1678 1891 1777 1925 dictae

1037 1944 1232 1978 universitati
1266 1944 1442 1977 Trevirensi
1473 1954 1531 1988 pro
1562 1944 1644 1977 illius
1675 1944 1780 1978 docto-

1038 1998 1127 2030 ribus
1159 2003 1189 2030 et
1218 1998 1378 2040 magistris
1407 1998 1567 2032 dumtaxat
1591 1998 1779 2041 (reservatis

1039 2057 1142 2084 tamen
1159 2052 1308 2095 congruis
1324 2051 1522 2096 portionibus
1538 2062 1597 2095 pro
1617 2052 1779 2096 perpetuis

1039 2105 1163 2139 vicariis
1191 2105 1345 2139 dictarum
1375 2106 1581 2139 ecclesiarum
1616 2106 1780 2150 parochia-

1039 2159 1129 2203 lium)
1147 2165 1301 2203 perpetuo
1325 2159 1434 2199 univit,
1451 2159 1599 2194 annexuit
1623 2165 1653 2192 et
1676 2160 1779 2193 incor-

1038 2212 1170 2256 poravit.
1197 2213 1234 2245 Et
1257 2212 1386 2257 insuper
1409 2212 1590 2247 doctoribus
1614 2217 1645 2246 et
1668 2212 1781 2256 magis-

1039 2266 1113 2306 tris,
1138 2276 1196 2310 per
1225 2266 1340 2299 dictam
1371 2266 1607 2299 universitatem
1637 2271 1667 2299 et
1696 2266 1780 2299 illius

1040 2330 1097 2363 pro
1121 2324 1264 2364 tempore
1292 2325 1448 2353 rectorem
1480 2320 1519 2352 ad
1548 2319 1719 2353 tenendum
1749 2324 1781 2353 et

1040 2372 1214 2415 regendum
1237 2372 1439 2406 canonicatus
1468 2376 1497 2406 et
1520 2372 1715 2416 praebendas
1744 2382 1780 2406 ac

1040 2425 1236 2468 parochiales
1256 2425 1402 2458 ecclesias
1417 2425 1597 2459 huiusmodi
1614 2425 1780 2470 deputatis,

1041 2478 1124 2522 quod
1148 2478 1188 2511 ad
1212 2478 1399 2512 solutionem
1428 2479 1604 2522 aliquarum
1635 2478 1782 2523 pecunia-

1040 2542 1112 2565 rum
1136 2542 1194 2576 pro
1219 2542 1329 2565 eorum
1360 2532 1540 2576 receptione
1571 2532 1609 2566 ad
1638 2533 1725 2573 illos,
1749 2537 1779 2565 et

1078 2604 1090 2630 1
1108 2602 1199 2630 Potius
1213 2605 1353 2631 vacatura
1360 2611 1371 2637 ;
1394 2610 1477 2639 supra
1497 2611 1556 2640 pag.
1581 2603 1634 2632 564
1652 2603 1668 2631 b
1682 2603 1780 2641 legitur

1040 2650 1190 2678 vacaturos
1205 2648 1242 2685 (a.
1257 2649 1308 2684 τ.).

1670 231 1733 268 567
1779 241 1829 270 An.
1843 240 1874 270 c.
1895 239 1959 270 1⁶2¹
