2293 3231
296 275 346 302 An.
363 275 391 301 C.
415 274 476 302 ¹62¹

361 760 479 781 Mercedem

295 787 383 808 duorum
393 787 479 807 uin-ato-

297 821 340 835 rum
356 820 393 840 pre
410 815 479 838 singu-

295 842 320 861 lis
346 841 480 866 protesslms

295 868 398 887 eiu-‘modi
443 872 479 892 per

295 894 481 919 promoven-tosci-

295 920 342 940 dvm
378 920 478 940 otinas-to

295 949 397 972 praestari
407 947 479 967 decer-

295 974 331 994 ult.

321 2157 399 2184 Tngam
414 2157 479 2178 viola-

294 2191 353 2205 ceam
375 2185 403 2205 ali
432 2185 478 2210 ipso

294 2212 370 2232 deferri
380 2211 478 2237 indulget.

297 2678 407 2700 Clausulas
420 2684 479 2705 prae-

526 266 590 299 646

494 324 581 357 lioris
606 323 839 366 perquisitionis
865 328 891 354 et
918 321 1150 365 requisitionis)
1180 327 1250 354 iio-5

495 383 567 413 tam.
585 387 649 415 scu,
667 381 699 407 ut
721 380 842 414 vocant,
869 374 1080 414 rubricellam,
1101 375 1132 406 in
1152 374 1251 408 libro;

494 430 532 462 ad
550 430 630 462 bunc
648 428 870 472 particularem
887 428 1033 460 ess'ectum
1059 427 1233 466 retinendo,
1249 435 1251 450 t

494 484 595 515 sat-ere
612 482 756 522 debeant,
775 487 803 514 et
821 481 859 514 ad
877 481 906 513 id
921 481 1072 524 obbligati
1091 480 1232 514 existant:

493 541 521 567 et
547 535 605 568 lioc
630 534 878 568 conservationis
901 544 1106 577 processuum
1137 543 1234 574 onus,

493 599 602 621 curam
619 593 647 621 ct
667 598 780 621 munus
800 587 960 631 praedicto
977 587 1081 621 officio
1102 588 1253 642 notaria-a

494 647 553 681 tus,
573 651 629 684 per
653 651 720 681 nos,
741 645 773 674 ut
798 641 984 685 praefertur,
1003 646 1120 681 erecto,
1140 641 1253 684 impo-·

494 693 597 726 nimus
621 698 649 726 ct
675 693 880 727 annectimus.

539 747 554 790 ξ
571 747 600 780 5.
617 747 652 779 Et
672 747 745 790 quia
762 757 818 780 sua
835 747 936 781 labori
954 757 1076 780 merces
1093 747 1235 786 debetur,

494 801 596 834 eidem
620 800 780 843 Odoardo,
805 801 935 845 eiusque
963 802 993 834 in
1022 801 1105 835 dicto
1133 802 1236 835 officio

495 854 740 894 successoribus,
758 855 878 888 ratione
896 854 1015 887 laboris
1035 855 1080 887 eis
1098 865 1133 888 ex
1154 854 1237 888 dicto

495 907 742 940 conservationis
771 917 976 951 processuum
1007 917 1103 941 onere
1134 918 1238 941 accre-

494 959 619 1000 scentis,
643 965 674 993 et
697 970 754 1004 pro
780 960 862 993 illius
887 961 1001 993 salario
1025 966 1056 993 et
1081 960 1236 1001 mercede,

495 1013 615 1046 iuribus
635 1018 665 1046 et
688 1013 848 1056 regalibus
865 1014 958 1047 otlicii
978 1014 1140 1058 praedicti,
1158 1015 1236 1048 duos

493 1066 622 1100 ducatos
638 1067 707 1099 auri
731 1066 769 1100 dc
794 1069 934 1107 camera,
953 1078 1010 1111 pro
1027 1068 1151 1110 singulo
1168 1078 1236 1111 pro·

493 1129 583 1152 ecssu
607 1119 645 1152 ad
670 1119 785 1152 dictam
810 1120 930 1153 curiam
955 1131 1013 1164 pro
1037 1121 1236 1165 expeditione

495 1173 733 1206 transmittendo
755 1173 799 1206 eis
823 1173 854 1206 in
878 1174 1149 1207 conservationem
1179 1180 1237 1207 tra-

493 1227 595 1261 dendo
612 1232 642 1260 et
662 1227 894 1270 consignando,
911 1227 987 1271 ipsis
1007 1238 1024 1260 a
1040 1229 1182 1272 quolibet
1198 1240 1235 1261 ex

492 1281 714 1324 promovendis
745 1281 783 1313 ad
814 1281 961 1314 ccclesias
986 1287 1016 1314 ct
1046 1282 1235 1315 monasteria

493 1335 691 1375 huiusmodi,
723 1345 777 1368 seu
810 1335 1065 1368 sollicitatoribus
1093 1336 1125 1368 in
1152 1336 1234 1370 dicta

493 1389 581 1422 curia
607 1388 683 1422 tales
706 1389 922 1433 expeditiones
951 1390 1233 1433 prosequentibus,

493 1442 618 1475 realiter
642 1446 672 1476 ct
696 1453 768 1475 cum
793 1442 905 1476 ell'ectu
937 1447 966 1475 et
997 1443 1116 1488 absque
1143 1445 1233 1477 mora

492 1506 547 1529 seu
564 1496 711 1529 dilatione
725 1495 830 1539 aliqua
843 1495 1009 1529 solvendos
1026 1496 1233 1540 assignamus;

494 1549 641 1593 ipsisque,
661 1554 695 1582 ut
715 1548 904 1589 mercedem,
929 1559 985 1581 scu
1009 1549 1173 1591 salarium,
1198 1561 1233 1583 ac

493 1602 561 1635 iura
586 1602 634 1635 vel
660 1601 777 1645 regalia
802 1602 938 1635 duorum
960 1602 1146 1636 ducatorum
1175 1614 1233 1647 pro

491 1655 632 1699 quolibet
646 1666 798 1699 processu
814 1655 995 1688 huiusmodi
1013 1655 1051 1688 ab
1069 1656 1146 1700 ipsis
1164 1668 1234 1701 pro-

493 1710 665 1751 movendis,
690 1721 745 1743 seu
769 1721 879 1743 eorum
905 1709 1082 1753 agentibus,
1108 1711 1154 1744 vel
1179 1722 1233 1745 co-

492 1775 562 1796 rum
579 1764 706 1797 nomine
719 1763 931 1808 expeditiones
952 1763 983 1796 in
1004 1764 1165 1808 praedicta
1182 1776 1234 1798 eu-

491 1818 539 1851 ria
562 1818 835 1862 prosequentibus,
859 1817 914 1862 qui
938 1817 977 1850 ad
1001 1817 1127 1851 illorum
1153 1819 1233 1852 solu-

492 1872 608 1905 tionem
638 1872 784 1906 omnibus
816 1871 894 1905 iuris
926 1876 956 1905 et
986 1872 1058 1905 facti
1084 1873 1233 1906 remediis

491 1925 678 1970 opportunis
702 1925 773 1969 cogi
797 1930 829 1959 et
852 1925 999 1969 compelli
1024 1926 1156 1969 possint,
1183 1937 1234 1970 pe-

492 1984 568 2019 tere,
592 1979 718 2021 exigere
749 1984 780 2012 et
808 1979 958 2022 consequi
989 1978 1110 2012 valeant
1140 1985 1233 2023 atque

492 2032 586 2065 etiam
610 2032 765 2074 debeant,
789 2032 967 2073 licentiam,
992 2032 1171 2066 facultatem
1202 2038 1233 2067 ct

492 2085 710 2120 auctoritatem
731 2085 943 2119 concedimus.

537 2140 553 2183 ξ
576 2139 606 2172 6.
630 2139 795 2180 Ceterum,
819 2150 878 2184 pro
903 2139 1014 2173 maiori
1039 2140 1114 2173 dicti
1138 2140 1232 2174 officii

493 2193 644 2237 praedicti
661 2193 785 2235 decore,
799 2197 829 2227 et
842 2199 875 2226 ut
892 2194 968 2226 illud
985 2194 1163 2228 obtinentes
1180 2205 1233 2239 pc-

493 2247 604 2280 euliari
628 2247 733 2291 aliqua
757 2247 976 2291 praerogativa
1000 2248 1165 2291 gaudeant,
1194 2249 1233 2281 ei-

493 2300 563 2334 dem
588 2300 752 2342 Odoardo,
775 2300 904 2344 eiusque
929 2301 1174 2342 successoribus,
1199 2307 1232 2335 ut

493 2353 643 2398 quamdiu
659 2352 798 2387 osticium
812 2353 1007 2398 praedictum
1025 2353 1231 2396 obtinuerint,

493 2413 611 2442 vestem
635 2419 691 2442 scu
710 2413 815 2451 togam
841 2408 1011 2442 violaceam
1037 2408 1175 2450 deferre,
1197 2419 1232 2443 ac

493 2461 632 2496 violaceo
657 2462 764 2496 colore
789 2462 889 2495 induti
913 2462 1186 2506 quandocumque,
1203 2466 1234 2497 et

494 2514 523 2547 in
547 2515 798 2559 quibuscumque
816 2521 878 2548 tam
902 2515 1037 2560 publicis
1054 2526 1149 2560 quam
1170 2516 1232 2560 pri—

494 2568 571 2602 vatis
595 2569 725 2611 actibus,
750 2569 894 2603 incedere
918 2570 1049 2614 possint,
1069 2570 1164 2603 simili
1181 2581 1233 2604 au-

494 2622 637 2656 ctoritate
661 2622 868 2666 indulgemus.

539 2675 595 2718 §7-
615 2675 796 2710 Praesente-s
814 2687 898 2717 vero,
913 2677 1007 2710 etiam
1024 2687 1060 2710 ex
1078 2688 1126 2718 co,
1146 2677 1230 2721 quod

1076 274 1255 298 numanum
1279 273 1434 298 nomam!

1267 322 1416 354 interesse
1432 321 1536 353 t'orsan
1552 320 1703 354 babentes
1724 331 1779 355 seu
1792 321 1911 356 habere
1923 332 2011 366 prae-

1268 374 1427 408 tendentes
1451 373 1490 406 ad
1514 373 1575 406 lioc
1599 374 1699 407 vocati
1723 384 1785 408 non
1810 375 1936 416 fuerint,
1955 385 2010 409 seu

1267 427 1429 471 quibusvis
1453 437 1490 459 ex
1515 425 1627 467 causis,
1645 426 1875 470 subreptionis,
1894 428 1944 462 vel
1960 428 2012 462 ob-

1268 480 1419 524 reptionis
1444 480 1518 514 vitio
1543 479 1656 521 notari,
1682 479 1862 524 impugnari
1886 486 1940 515 aut.
1964 482 2011 514 in-

1268 533 1416 574 validari,
1441 544 1497 566 seu
1527 533 1565 566 ad
1596 533 1678 566 viam
1702 538 1733 566 et
1756 533 1909 568 terminos
1934 534 2012 569 iuris

1269 587 1394 627 reduci,
1426 592 1479 620 aut
1509 586 1660 620 adversus
1691 586 1760 620 illas
1789 587 2011 632 quodcumque

1270 641 1357 681 iuris,
1375 640 1456 681 sacti,
1481 640 1601 683 gratiae
1616 640 1664 673 vel
1681 640 1817 674 iustitiae
1833 640 2011 674 remedium

1270 694 1444 738 impetrari,
1468 694 1516 727 vel
1541 694 1599 727 sub
1616 693 1778 738 quibusvis
1795 694 1946 727 similium
1963 694 2011 728 vel

1270 748 1470 781 dissimilium
1494 747 1669 791 gratiarum
1692 748 1958 789 revocationibus,
1979 747 2012 781 li-

1271 801 1498 842 mitationibus‚
1515 801 1775 845 suspensionibus
1791 806 1845 834 aut
1859 801 1928 834 aliis
1941 811 2012 835 eon-

1271 854 1375 887 trariis
1400 853 1672 898 dispositionibus,
1696 853 1788 887 editis
1812 859 1842 887 et
1866 853 2011 896 edendis,

1271 907 1496 952 comprehendi
1519 917 1583 941 non
1607 917 1715 951 posse,
1739 907 1795 941 sed
1818 917 1944 952 semper
1966 908 2010 942 uti

1271 971 1308 994 ex
1326 961 1415 995 titulo
1433 971 1567 994 oneroso
1584 970 1749 994 concessas
1765 961 1804 994 ab
1822 961 1883 995 illis
1898 961 2011 1006 excipi,

1271 1019 1300 1049 et
1323 1015 1447 1059 quotics
1482 1015 1550 1048 illas
1580 1014 1722 1048 revocari
1755 1025 1810 1048 seu
1839 1015 2010 1056 annullari,

1270 1073 1322 1102 aut
1339 1068 1415 1101 alias
1432 1068 1605 1102 contrarias
1626 1068 1847 1113 dispositiones
1863 1079 2011 1103 emanare

1270 1121 1448 1164 contigerit,
1473 1121 1566 1155 toties
1591 1121 1624 1154 in
1647 1121 1817 1166 pristinum
1836 1128 1867 1156 et
1890 1122 2011 1156 validis-

1270 1175 1386 1208 simum
1410 1180 1524 1208 statum
1541 1176 1704 1220 repositas,
1725 1176 1884 1210 restitutas
1899 1181 1931 1210 et
1946 1177 2011 1221 ple·

1269 1229 1357 1262 narie
1381 1229 1598 1272 reintegratas,
1621 1239 1657 1262 ae
1681 1229 1720 1262 dc
1743 1239 1825 1263 novo
1841 1229 1935 1263 ctiam
1951 1229 2010 1263 sub

1268 1293 1468 1326 quacumque
1481 1283 1648 1327 posteriori
1663 1283 1745 1324 data,
1759 1293 1815 1327 per
1828 1282 2009 1317 Odoardum

1269 1342 1299 1369 ct
1322 1346 1520 1370 successores
1543 1336 1721 1380 praedictos
1744 1336 2008 1381 quandocumque

1268 1390 1422 1433 eligenda,
1447 1400 1611 1424 concessas
1635 1400 1704 1424 esse
1727 1395 1758 1424 et
1781 1390 1864 1431 fore;

1312 1443 1327 1485 g
1351 1444 1380 1475 δ.
1411 1443 1525 1487 Sicque
1556 1453 1614 1486 per
1644 1453 1860 1488 quoscumque
1888 1443 2007 1478 iudices

1267 1495 1445 1529 ordinarios
1469 1502 1500 1530 et
1523 1496 1692 1540 delegatos,
1717 1501 1748 1530 et
1771 1507 1938 1531 causarum
1956 1508 2008 1542 pa-

1268 1549 1332 1583 latii
1356 1550 1520 1594 apostolici
1544 1550 1721 1592 auditores,
1746 1556 1776 1584 et
1800 1556 1924 1585 sanetae
1950 1551 2008 1586 Ro-

1267 1614 1378 1637 manae
1396 1604 1553 1637 Ecclesiae
1570 1604 1744 1638 cardinales
1758 1604 1893 1648 (sublata
1908 1604 1954 1639 eis
1977 1611 2008 1640 et

1267 1668 1378 1691 eorum
1403 1657 1531 1692 cuilibet
1555 1657 1646 1691 aliter
1669 1657 1826 1691 iudicandi
1849 1662 1880 1692 et
1904 1658 2004 1692 inter-

1266 1711 1409 1754 pretandi
1434 1711 1581 1745 facultate
1605 1716 1637 1744 et
1660 1712 1858 1756 auctoritate)
1875 1711 2007 1745 iudicari

1267 1770 1296 1797 et
1321 1764 1444 1798 deliniri
1473 1764 1606 1806 debere,
1638 1765 1827 1809 irritumque
1856 1770 1887 1798 et
1916 1765 2007 1798 inane

1266 1818 1415 1862 quicquid
1433 1829 1523 1852 secus
1539 1829 1637 1862 super
1654 1819 1702 1851 his
1718 1829 1735 1851 a
1751 1829 1921 1862 quoquam,
1934 1829 2008 1863 qua-

1268 1873 1312 1906 vis
1335 1873 1538 1916 auetoritate,
1563 1873 1699 1906 scienter
1722 1873 1771 1906 vel
1803 1872 2006 1916 ignoranter,

1267 1925 1434 1969 contigerit
1450 1925 1605 1966 attentari,
1627 1925 1695 1970 pari
1715 1925 1889 1970 apostoliea
1903 1930 2008 1959 aucto·

1267 1979 1357 2013 ritate
1376 1978 1586 2013 decernimus.

1311 2033 1325 2077 ἓ
1342 2032 1371 2066 9.
1390 2033 1458 2066 Non
1471 2032 1667 2066 obstantibus
1684 2033 1876 2077 praemissis,
1888 2043 1924 2067 ac
1940 2033 2007 2078 qui-

1266 2086 1372 2119 busvis
1395 2086 1672 2120 constitutionibus
1695 2092 1726 2120 et
1753 2086 2005 2121 ordinationibus

1266 2139 1458 2183 apostolicis,
1482 2149 1540 2173 nee
1556 2149 1619 2173 non
1635 2139 1925 2182 consuetudinibus,
1941 2140 2006 2173 usi-

1266 2192 1324 2226 bus
1348 2193 1442 2227 etiam
1466 2197 1496 2228 et
1524 2194 1665 2236 naturis,
1689 2205 1725 2228 ac
1749 2194 1898 2228 omnibus
1922 2194 2005 2235 illis,

1267 2257 1345 2290 quae
1370 2247 1402 2280 in
1426 2247 1518 2281 dictis
1549 2247 1661 2281 litteris
1685 2248 1843 2282 voluimus
1866 2257 1930 2282 non
1953 2247 2006 2281 ob-

1267 2303 1370 2342 stare,
1395 2311 1475 2345 quae
1505 2301 1599 2336 ctiam
1630 2302 1681 2335 hic
1704 2301 1922 2346 praesentibus
1945 2311 2005 2346 pro

1267 2353 1408 2398 repetitis
1433 2364 1469 2388 ac
1492 2354 1531 2388 de
1555 2355 1652 2388 verbo
1667 2354 1707 2388 ad
1724 2355 1855 2388 verbum
1879 2354 2005 2388 insertis

1267 2407 1419 2441 habemus
1449 2413 1479 2441 et
1508 2407 1618 2441 haberi
1650 2408 1805 2449 volumus,
1829 2407 2005 2451 ceterisque

1266 2461 1432 2494 contrariis
1456 2460 1716 2505 quibuscumque.

1309 2515 1420 2549 Datum
1444 2516 1572 2557 Romae,
1591 2515 1674 2559 apud
1698 2519 1840 2548 sanetum
1864 2514 2002 2556 Petrum,

1264 2569 1322 2602 sub
1345 2569 1462 2603 annulo
1485 2568 1667 2609 Piscatoris,
1694 2568 1744 2601 die
1763 2577 1806 2601 vn
1825 2568 2002 2602 decembris

1264 2633 1398 2665 Mncxxi,
1418 2623 1618 2667 pontificatus
1634 2622 1733 2656 nostri
1750 2631 1832 2656 anno
1849 2632 1868 2656 1.

1299 2686 1359 2713 Dat.
1372 2685 1415 2714 die
1430 2685 1445 2712 7
1461 2684 1613 2713 decembris
1630 2684 1707 2720 162¹,
1722 2684 1817 2720 pontis.
1834 2692 1878 2712 an.
1895 2691 1915 2713 1.

2021 273 2072 301 An.
2092 273 2122 302 C.
2135 273 2201 303 162¹
2243 275 2250 298 ’ν
2270 288 2271 292 ’

2025 336 2143 366 serratis-as
2172 341 2210 364 ap-

2025 365 2092 390 pouit,

2048 1447 2161 1472 Decretum
2179 1449 2207 1472 ir-
2221 1443 2226 1446 '

2022 1476 2088 1499 ritam
2101 1476 2204 1503 adiungit.

2089 2036 2203 2060 contrat-tt·

2019 2064 2116 2092 derogat.
