2293 3231
294 287 346 314 An.
368 286 397 313 e.
414 283 484 313 1622
531 274 594 310 680

495 333 657 367 universas
687 331 873 364 christianas
897 329 1040 364 nationes
1064 329 1240 368 devotione,

496 391 742 420 commemorata
779 383 929 423 fuissent,
959 382 1109 426 expositis
1145 381 1239 415 etiam

496 439 649 472 instantiis
664 466 671 480 ,
699 448 778 481 quac
803 447 909 470 coram
941 436 1032 469 nobis
1055 445 1119 468 non
1143 435 1239 469 modo

495 492 621 525 nomine
655 491 867 524 maximorum
897 499 1010 533 regum
1028 516 1035 529 ,
1066 488 1119 522 sed
1145 488 1239 522 ctiam

494 545 670 578 charissimi
706 545 737 577 in
761 544 884 578 Christo
917 543 974 576 filii
1010 543 1111 577 nostri
1136 543 1240 577 Ferdi-

495 599 586 632 nandi
613 599 827 632 Romanorum
852 597 936 640 regis
956 597 987 630 in
1012 597 1239 641 imperatorem

495 650 607 690 electi,
632 650 830 693 aliorumque
857 648 1070 693 complurium
1096 647 1241 681 christia-

497 714 610 737 norum
635 703 814 747 principum
838 702 966 742 fiebant,
983 712 1095 735 omnes
1113 712 1242 736 concor-

495 757 575 789 ilitcr
613 767 648 789 ac
681 766 744 789 uno
782 766 837 789 ore
868 754 1090 789 benedicentes
1118 754 1240 796 Deum,

494 809 612 842 amicos
637 819 711 841 suos
729 808 1003 849 honorificantem,
1024 807 1149 841 beatam
1165 808 1242 842 The-

495 863 608 897 resiam
633 863 878 896 canonizandam
914 873 1002 903 esse,
1028 867 1123 907 atque
1159 862 1242 896 inter

494 918 622 952 Sanctus
634 917 778 960 Virgines
788 916 1028 950 adscribendam
1039 921 1240 956 censuerunt;

494 982 628 1015 quorum
655 971 796 1004 omnium
822 970 928 1004 audito
945 980 1112 1011 consensu,
1130 969 1241 1003 intimo

496 1024 600 1058 cordis
625 1024 738 1057 affectu
759 1024 970 1057 exultavimus
994 1024 1026 1057 in
1049 1023 1194 1064 Domino,
1211 1028 1242 1057 et

496 1079 696 1112 iubilavimus
717 1079 748 1112 in
763 1079 892 1112 salutari
906 1079 984 1119 eius,
1000 1078 1135 1122 gratias¹
1149 1088 1243 1122 agen-

496 1139 539 1168 tes
565 1134 638 1176 Deo⁷
657 1139 686 1167 et
712 1133 790 1167 Filio
811 1134 878 1166 eius
894 1133 1028 1167 Domino
1045 1138 1154 1166 nostro
1171 1132 1241 1166 Iesu

494 1188 639 1229 Christo,
668 1188 753 1232 quod
784 1187 957 1221 Ecclesiam
992 1186 1242 1220 misericorditer

496 1242 694 1286 respexisset,
719 1253 753 1275 ac
779 1244 862 1276 tanta
887 1242 988 1285 gloria
1013 1241 1172 1275 illustrare
1191 1241 1242 1275 de-

496 1296 656 1336 crevissct;
673 1295 919 1330 canonizationis
944 1295 1048 1340 itaque
1072 1295 1242 1340 publicavi-

495 1362 566 1384 mus
591 1351 674 1384 diem
690 1377 698 1391 ,
723 1350 914 1394 cosdemque
950 1350 1064 1383 fratres
1099 1362 1134 1384 ac
1159 1351 1241 1385 filios

495 1409 620 1439 nostros
645 1405 826 1438 monuimus
841 1431 848 1445 ‚
877 1410 908 1437 ut
935 1405 966 1437 in
990 1405 1186 1439 orationibus
1211 1410 1241 1438 et

495 1459 702 1503 eleemosynis
737 1464 998 1503 perseverarent,
1025 1464 1058 1492 ut
1094 1459 1125 1491 in
1155 1463 1240 1494 tanto

495 1523 591 1558 opere
626 1512 810 1556 exequendo
846 1511 996 1556 splendor
1031 1511 1155 1545 Domini
1185 1512 1239 1546 Dei

495 1566 595 1601 nostri
612 1571 691 1600 esset
718 1577 813 1611 super
829 1576 897 1605 nOS,
915 1565 967 1609 qui
986 1560 1067 1610 opus
1088 1576 1239 1600 manuum

494 1626 676 1654 nostrarum
701 1620 739 1653 ad
763 1618 990 1664 perficiendam
1014 1619 1082 1652 eius
1103 1620 1242 1653 volunta-

494 1679 555 1708 tem
581 1674 742 1716 dirigeret.
767 1672 910 1713 Demum‚
935 1672 1070 1716 peractis
1095 1673 1241 1707 omnibus

493 1738 574 1773 quae
605 1738 642 1760 ex
679 1727 775 1760 sacris
810 1726 1088 1760 constitutionibus
1115 1736 1151 1760 ac
1184 1727 1242 1761 Ro-

495 1793 605 1816 manae
630 1782 787 1816 Ecclesiae
812 1782 1039 1816 consuetudine
1060 1782 1241 1827 peragenda

495 1843 595 1877 erant,
612 1836 706 1871 hodie
724 1837 753 1869 in
771 1839 969 1871 sacrosancta
995 1837 1150 1881 Principis
1171 1847 1242 1882 apo-

496 1892 650 1925 stolorum
675 1891 805 1924 basilica
829 1902 900 1924 cum
926 1890 1162 1924 venerabilibus
1182 1891 1242 1924 sra-

495 1945 597 1979 tribus
614 1945 730 1979 nostris
743 1944 771 1978 S.
787 1945 820 1978 R.
836 1944 869 1978 E.
883 1945 1106 1986 cardinalibus,
1118 1954 1241 1979 necnon

494 1999 705 2044 patriarchis,
730 1999 976 2043 archiepiscopis
1010 2004 1040 2032 et
1065 1999 1240 2044 episcopis,

495 2054 717 2097 Romanaeque
741 2053 847 2087 curiae
872 2053 1029 2096 praelatis,
1054 2053 1241 2087 officialibus

497 2110 525 2140 et
551 2106 758 2140 familiaribus
783 2107 919 2147 nostris,
944 2106 1029 2140 clero
1054 2106 1188 2140 seculari
1212 2110 1242 2141 et

497 2160 655 2203 regulari,
684 2170 720 2193 ac
745 2159 880 2192 maxima
905 2159 1012 2203 populi
1042 2159 1240 2203 frequentia,

497 2214 718 2253 convenimus;
744 2213 797 2246 ubi
834 2214 974 2257 repetitis
998 2224 1056 2258 pro
1081 2213 1243 2247 canoniza-

497 2267 591 2301 tionis
615 2268 743 2301 decreto
773 2267 979 2311 petitionibus
1012 2267 1140 2300 nomine
1165 2267 1243 2300 eius-

498 2321 568 2355 dem
584 2321 760 2355 charissimi
786 2321 817 2354 in
842 2321 966 2354 Christo
984 2321 1039 2354 filii
1057 2321 1157 2354 nostri
1175 2321 1244 2355 Phi-

499 2376 573 2419 lippi
598 2375 683 2418 regis
701 2375 846 2408 catholici
865 2385 882 2407 a
905 2375 1019 2408 dilecto
1044 2374 1109 2408 filio
1133 2380 1243 2409 nostro

499 2429 656 2463 Ludovico
690 2429 798 2463 titulus
833 2434 958 2462 sanctae
987 2429 1101 2462 Mariae
1134 2429 1244 2462 Trans-

500 2483 648 2527 }›ontinae
673 2483 823 2516 cardinali
848 2483 1015 2517 Ludovisio
1039 2488 1243 2527 nuncupato,

501 2542 609 2569 nostro
634 2536 807 2570 secundum
833 2546 961 2570 carnem
979 2543 1103 2581 nepote,
1120 2547 1177 2581 per
1196 2536 1245 2570 Ni-

501 2590 623 2622 colaum
635 2590 899 2631 Zambcccarium,
916 2591 1142 2624 consistorialis
1155 2591 1244 2624 aulae

501 2648 626 2676 nostrae
642 2643 826 2677 advocatum
844 2644 1052 2688 praedictum,
1069 2644 1242 2678 decantatis

538 2706 549 2733 1
572 2704 642 2732 Edit.
659 2705 740 2734 Main.
758 2706 822 2742 legit
836 2707 935 2742 qratia
949 2707 988 2741 (n.
1002 2706 1051 2742 τ.).

1068 281 1249 306 ΒῑῚᾸΑΠῙΰΜ
1273 280 1429 305 Romnum

1272 328 1370 361 sacris
1388 327 1537 372 precibus
1553 333 1585 362 et
1600 328 1727 370 litaniis,
1739 338 1776 363 ac
1791 328 1926 375 Spiritus
1941 329 2015 365 San-

1272 381 1313 415 cti
1337 381 1439 424 gratia
1463 381 1623 415 humiliter
1647 381 1835 426 implorata;
1855 382 1895 416 ad
1917 383 2014 417 hono-

1271 444 1338 468 rem
1371 439 1497 468 sanctae
1521 440 1551 468 et
1578 433 1758 468 indiw'duae
1780 434 1960 477 Trinitatis,
1984 441 2015 470 et

1271 488 1359 521 Fidei
1382 488 1560 522 Catholicae
1579 487 1813 529 exaltationem,
1829 488 2015 523 auctoritate

1272 541 1498 586 omnipotentis
1510 541 1565 575 Dei
1585 541 1686 574 Patris
1702 546 1733 574 et
1745 540 1815 574 Filii
1835 546 1866 574 et
1881 540 2016 585 Spiritus

1272 595 1387 635 Sancti,
1404 594 1572 628 beatorum
1591 594 1819 639 apostolorum,
1836 605 1873 628 ac
1895 597 2015 636 nostra,

1273 648 1311 682 de
1321 647 1549 682 venerabilium
1557 648 1692 682 fratrum
1701 652 1882 682 nostrorum
1891 653 2016 682 sanctae

1273 702 1432 735 Romanae
1455 701 1614 735 Ecclesiae
1638 700 1863 742 cardinalium,
1886 701 2017 746 patriar-

1274 755 1417 796 charum,
1442 754 1769 800 archiepiscoporum,
1794 754 2017 799 episcoporum

1273 809 1306 842 in
1322 809 1464 843 Romana
1487 808 1576 842 curia
1599 808 1813 853 praesentium
1832 809 1964 843 consilio
1980 819 2017 843 ac

1274 862 1415 896 unanimi
1433 872 1599 905 consensu,
1616 862 1717 896 bonae
1740 862 1913 896 memoriae
1935 862 2017 897 The-

1274 916 1391 950 resiam
1415 916 1570 960 virginem
1589 915 1627 950 de
1643 915 1755 957 Abula,
1771 915 1810 949 de
1826 916 1916 950 cuius
1935 916 2017 950 vitae

1274 970 1455 1012 sanctitate,
1475 970 1549 1004 fidei
1573 970 1752 1004 sinceritate
1765 996 1774 1011 ,
1798 975 1829 1004 et
1851 970 2018 1005 miraculo-

1274 1035 1345 1057 rum
1355 1024 1539 1058 excellentia
1547 1024 1639 1069 plene
1648 1023 1811 1058 constabat
1824 1029 1855 1057 et
1866 1028 1998 1066 constat,
2006 1022 2016 1041 ¹

1274 1079 1419 1113 Sanctam
1444 1089 1513 1112 esse
1537 1077 1746 1120 definivimus,
1771 1088 1807 1112 ac
1831 1078 2016 1113 Sanctarum

1275 1133 1440 1176 virginum
1469 1132 1614 1176 catalogo
1646 1132 1886 1166 adscribendam
1911 1132 2018 1167 decre-

1275 1187 1387 1229 vimus,
1412 1192 1508 1232 prout
1534 1187 1751 1232 praesentium
1776 1192 1885 1220 tenore
1908 1186 2018 1220 defini-

1275 1252 1363 1283 mus,
1388 1241 1588 1276 decernimus
1612 1247 1643 1276 et
1667 1242 1895 1285 adscribimus,
1919 1243 2018 1277 illam-

1274 1306 1334 1341 que
1347 1296 1512 1330 universos
1528 1296 1748 1330 christifideles
1765 1302 1927 1342 tamquam
1943 1308 2018 1332 vere

1273 1350 1418 1384 Sanctam
1447 1350 1607 1384 honorare
1631 1355 1662 1383 et
1685 1350 1829 1384 venerari
1861 1351 2018 1385 mandavi-

1273 1414 1343 1438 mus
1368 1409 1398 1438 et
1422 1403 1620 1445 mandamus,
1638 1409 1809 1438 statuentes
1834 1409 1868 1438 ut
1891 1404 1931 1438 ab
1947 1405 2018 1439 uni-

1273 1458 1386 1492 versali
1409 1458 1549 1492 Ecclesia
1580 1459 1612 1492 in
1635 1458 1702 1492 eius
1733 1459 1886 1493 honorem
1918 1459 2018 1493 eccle-

1273 1513 1337 1546 siae
1362 1518 1392 1546 et
1414 1513 1545 1554 altaria,
1573 1512 1605 1546 in
1630 1513 1745 1558 quibus
1776 1513 1931 1547 sacrificia
1953 1513 2018 1548 Deo

1273 1566 1468 1608 offerantur,
1500 1565 1660 1600 aedificari
1696 1571 1726 1600 et
1759 1566 1962 1608 consecrari,
1986 1572 2018 1602 et

1274 1620 1407 1664 singulis
1423 1620 1513 1654 annis
1528 1620 1579 1654 die
1595 1629 1614 1653 v
1630 1619 1779 1662 octobris
1793 1631 1856 1665 quo
1873 1620 1912 1654 ad
1925 1619 1936 1638 ⁹
1953 1631 2019 1655 cae-

1273 1675 1383 1708 lestem
1409 1674 1545 1719 gloriam
1569 1675 1720 1708 translata
1750 1680 1817 1716 est,
1846 1674 1913 1709 eius
1937 1674 2015 1709 Offi-

1274 1729 1370 1770 cium,
1394 1733 1428 1764 ut
1452 1728 1491 1762 de
1515 1727 1627 1762 Sancta
1652 1728 1789 1772 Virgine,
1807 1728 1846 1762 ad
1866 1728 2019 1774 praescri-

1274 1788 1364 1828 ptum
1395 1782 1518 1816 romani
1549 1782 1699 1816 breviarii
1731 1781 1884 1816 celebrari
1908 1782 2017 1827 possit.

1319 1835 1409 1881 §29
1440 1835 1622 1881 Eademque
1652 1836 1839 1870 auctoritate
1870 1836 2018 1870 omnihus

1274 1889 1532 1924 christifidelibus
1550 1900 1624 1923 vere
1647 1890 1882 1934 poenitentibus
1899 1894 1929 1924 et
1945 1899 2018 1923 con-

1273 1943 1373 1984 fessis,
1397 1942 1450 1988 qui
1475 1943 1565 1976 annis
1586 1942 1718 1987 singulis
1742 1942 1855 1977 eodem
1871 1943 1950 1977 festo
1967 1942 2019 1976 die

1274 1997 1313 2031 ad
1337 1996 1559 2042 sepulchrum,
1584 1997 1616 2030 in
1639 2007 1702 2042 quo
1734 2007 1851 2042 corpus
1873 1997 1941 2031 eius
1967 2006 2019 2031 re-

1275 2051 1430 2095 quiescit,
1454 2050 1642 2084 visitandum
1676 2051 1887 2092 accesserint,
1920 2060 2019 2085 unum

1274 2115 1392 2138 annum
1417 2110 1447 2138 et
1470 2114 1565 2138 unam
1590 2104 1844 2149 quadragenam,
1869 2104 1908 2138 iis
1932 2114 2019 2145 vero,

1274 2158 1328 2203 qui
1351 2158 1383 2192 in
1408 2158 1549 2192 eiusdem
1573 2158 1643 2192 sesti
1668 2160 1788 2199 octava,
1813 2157 2020 2202 quadraginta

1275 2212 1341 2246 dies
1374 2212 1413 2246 de
1443 2212 1592 2245 iniunctis
1622 2212 1667 2245 eis
1695 2222 1750 2246 seu
1781 2212 2019 2256 quomodolibet

1275 2265 1389 2299 debitis
1411 2265 1613 2310 poenitentiis
1638 2265 1887 2299 misericorditer
1911 2265 1944 2299 in
1962 2266 2019 2300 Do-

1276 2319 1362 2354 mino
1386 2319 1597 2353 relaxavimus
1620 2329 1657 2353 ac
1681 2319 1870 2353 relaxamus.

1321 2374 1336 2418 g
1359 2372 1411 2407 30.
1437 2373 1600 2407 Postremo
1625 2373 1736 2417 gratiis
1752 2372 1816 2407 Deo
1832 2373 1918 2415 actis,
1935 2373 2019 2418 quod

1276 2427 1449 2461 Ecclesiam
1473 2437 1563 2460 suam
1588 2427 1702 2470 insigni
1720 2427 1790 2467 hoc,
1808 2437 1953 2470 novoque
1970 2427 2018 2461 lu-

1277 2481 1391 2515 minari
1409 2482 1566 2515 illustrare
1583 2481 1730 2525 dignatus
1747 2485 1839 2522 esset,
1855 2479 2019 2514 decantata

1278 2537 1309 2569 in
1342 2541 1467 2570 sanctae
1499 2535 1666 2569 Theresiae
1699 2534 1853 2568 honorem
1885 2534 2019 2568 solemni

1278 2590 1463 2623 Sanctarum
1483 2588 1647 2632 Virginum
1671 2587 1832 2629 oratione,
1856 2588 1895 2621 ad
1919 2588 2019 2622 altare

1313 2663 1324 2688 1
1343 2660 1483 2688 Coniunct.
1499 2668 1532 2688 ac
1547 2659 1669 2687 delemus
1682 2662 1720 2694 (a.
1737 2661 1786 2692 τ.).

1311 2705 1327 2732 2
1341 2705 1414 2734 Edit.
1429 2704 1510 2733 Maia.
1525 2703 1593 2742 legit
1610 2703 1705 2740 quoad
1719 2707 1756 2739 (tt.
1773 2704 1820 2739 τ.).

2023 280 2076 308 An.
2097 279 2126 308 G.
2145 279 2214 310 1⁶82

2073 1848 2133 1871 inunt
2148 1848 2218 1870 enlin
2242 1854 2244 1858 ·

2033 1876 2137 1906 eiussopp
2147 1875 2220 1906 chrum
2239 1901 2243 1903 λ

2033 1905 2139 1924 &incessit
2167 1907 2219 1924 vni-

2033 1929 2136 1952 nutibus.

2065 2381 2220 2413 ‚Omnibusque

2049 2415 2070 2430 m
2111 2409 2221 2431 huiusmo—

2050 2436 2055 2457 i
2064 2434 2221 2457 canonizationt

2034 2465 2158 2489 praesentes
2175 2460 2220 2484 fuo-
