2293 3231
532 247 595 281 eat
1072 246 1256 274 nvi-tantun
1280 245 1435 271 nomam

487 306 715 346 Ecclesiasticis
747 305 778 339 in
810 302 950 338 dominio
983 300 1192 334 Venetiarum
1217 298 1431 341 interdicitur,
1457 297 1627 344 quominus
1650 298 1790 343 vectigal
1821 297 1983 346 quoddam
2006 307 2024 334 a

575 361 690 395 Senatu
716 359 898 402 impositum
923 354 1103 389 inconsulta
1127 352 1209 387 Sede
1235 351 1416 396 Apostolica
1440 351 1639 396 persolvant,
1666 352 1729 385 395
1754 351 1781 385 b.

488 414 674 450 Ebroicensi
699 413 849 456 episcopo
875 410 947 444 data
972 408 1103 443 facultas
1128 405 1274 450 erigendi
1298 405 1586 449 Congregatiouem
1602 405 1836 450 Hospitalarem
1860 407 2025 452 utriusque

576 475 672 500 sexus
696 475 753 509 pro
778 464 932 497 exercitio
956 462 1119 496 charitatis
1140 468 1216 501 erga
1240 460 1438 503 peregrinos,
1463 459 1527 493 635
1553 463 1583 494 et
1607 471 1669 505 seq.

489 519 669 554 Elborensis
694 517 871 551 studiorum
896 516 1088 549 universitas
1113 516 1237 554 erecta,
1263 512 1326 545 610
1351 523 1380 545 α.
1412 513 1449 547 Et
1474 515 1655 558 praeposito
1679 513 1846 548 Societatis
1870 513 1943 549 Iesu
1968 517 2027 549 tra-

575 572 655 614 dita,
683 571 745 604 610
771 569 796 603 b.
822 567 1002 613 Apostolica
1029 567 1216 601 auctoritate
1242 566 1427 601 confirmata
1452 570 1483 601 et
1514 567 1694 612 privilegiis
1725 567 1834 610 aucta,
1861 567 1922 601 611
1953 578 1973 601 α
1996 570 2028 602 et

574 635 634 670 seq.
667 623 779 658 Eidem
809 624 989 667 praeposito
1015 619 1228 654 omnimodam
1253 620 1507 655 iurisdictionem
1531 631 1628 666 super
1658 620 1842 655 huiusmodi
1869 621 2025 656 universi-

576 681 637 712 tate
663 676 772 711 tribuit
797 675 969 719 Gregorius
1001 673 1062 716 XV,
1089 673 1153 706 615
1187 684 1217 708 a.
1251 672 1277 706 A
1308 683 1512 719 quacumque
1543 675 1778 720 archiepiscopi
1806 674 2025 710 iurisdictione

575 734 723 775 exempta
747 729 941 771 declaratur,
969 727 1048 762 ibid.
1074 727 1164 768 Quae
1189 729 1422 761 conservatoris
1447 731 1510 763 sint
1534 728 1718 771 facultates,
1745 729 1808 762 615
1833 728 1860 762 b.

486 785 635 829 Episcopi
659 788 724 818 tum
748 781 907 816 ordinaria
933 786 998 816 tum
1022 780 1225 825 Apostolicae
1251 780 1342 814 Sedis
1366 785 1551 818 auctoritate
1572 785 1604 817 in
1620 785 1822 818 monasteriis
1843 782 2026 818 monialium

574 837 751 872 clausuram
777 838 946 871 restituere
971 839 1003 869 et
1027 843 1219 868 conservare
1243 833 1371 878 debent,
1390 836 1452 870 656
1471 836 1497 871 b.
1510 837 1672 872 Ecclesias
1689 836 1897 882 regularium,
1911 835 2027 882 quibus

575 893 751 926 animarum
775 899 852 924 cura
876 899 938 923 non
963 888 1128 930 incumbit,
1154 892 1318 933 nequeunt
1342 890 1482 933 visitare,
1508 891 1581 934 660,
1607 902 1637 924 α.

487 946 716 990 Episcoporum
740 943 903 988 cappellae
929 944 1111 987 pontificiae
1137 944 1355 977 assistentium
1380 944 1561 988 privilegia,
1586 946 1650 980 720
1677 945 1694 979 b
1719 948 1828 990 etseq.

486 999 695 1035 Eremitarum
719 998 990 1033 Discalceatorum
1015 996 1147 1033 Ordinis
1179 999 1279 1032 sancti
1304 999 1473 1043 Augustini
1495 998 1709 1044 Congregatio
1741 999 1871 1042 Italiae,
1903 998 1965 1033 470
1997 1009 2027 1032 a.

574 1053 747 1088 Nonnullas
778 1053 1019 1087 constitutiones
1052 1052 1216 1095 efformat,
1248 1062 1326 1098 quas
1351 1053 1505 1098 approbat
1526 1053 1643 1088 Paulus
1668 1054 1754 1099 Papa
1777 1053 1815 1096 V,
1842 1053 1919 1087 ibid.
1945 1051 2029 1087 Huic

575 1108 815 1152 congregationi
839 1107 972 1141 alteram
989 1105 1117 1140 Siciliae
1142 1107 1247 1141 univit
1271 1116 1311 1140 ex
1336 1110 1522 1142 auctoritate
1547 1108 1636 1142 Pauli
1661 1107 1687 1141 V
1712 1107 1838 1142 sautius
1858 1105 2028 1142 cardinalis

576 1165 742 1207 protector,
769 1161 830 1194 653
857 1160 883 1193 b.
909 1159 1031 1194 UnIOne
1057 1160 1257 1194 confirmavit
1280 1160 1454 1205 Gregorius
1470 1161 1537 1204 XV,
1564 1162 1627 1195 654
1653 1161 1678 1194 b.

488 1214 696 1251 Eremitarum
721 1216 750 1249 S.
778 1215 948 1259 Augustini
973 1213 1228 1248 Recollectorum
1259 1214 1531 1250 Discalceatorum
1562 1215 1728 1260 provincia
1752 1213 1907 1249 Castellae
1932 1222 1950 1248 a
1974 1223 2028 1248 su-

576 1271 759 1314 perioritate
784 1270 936 1302 eximitur
959 1268 1172 1303 Eremitarum
1197 1268 1427 1310 Calceatorum,
1444 1269 1508 1302 73⁶2
1533 1279 1563 1302 a.
1591 1269 1759 1312 Exemptio
1784 1268 1988 1302 confirmatur
2010 1277 2029 1301 a

577 1322 738 1358 Clemente
763 1323 843 1366 VIII,
868 1323 932 1357 732
957 1322 983 1366 b,
1009 1326 1040 1356 et
1064 1324 1198 1366 erigitur
1216 1324 1247 1356 in
1265 1324 1464 1367 provinciam
1481 1327 1669 1367 separatam,
1687 1322 1750 1356 733
1769 1333 1798 1355 α.
1816 1321 1905 1363 Quae
1922 1324 2030 1365 postea

580 1376 732 1412 dividitur
757 1379 788 1412 in
814 1381 949 1422 quatuor
973 1378 1165 1421 provinciaS,
1190 1376 1254 1410 734
1280 1376 1305 1410 b.
1331 1376 1452 1410 Statuta
1483 1378 1594 1421 ipsius,
1621 1375 1697 1410 ibid.
1724 1375 1926 1410 Confirmatio
1950 1373 2029 1409 Gre-

581 1433 663 1475 gorii
683 1431 749 1473 XV,
774 1432 836 1466 737
863 1432 890 1473 b,
916 1435 947 1466 et
972 1430 1216 1475 privilegiorum
1241 1429 1376 1472 collatio,
1401 1430 1465 1464 738
1490 1434 1521 1464 et
1544 1441 1607 1475 seq.

489 1484 641 1519 Ernestus
664 1484 923 1530 archiepiscopus
947 1483 1144 1519 Coloniensis
1169 1488 1200 1519 et
1222 1483 1457 1518 administrator
1481 1483 1636 1518 ecclesiae
1659 1482 1928 1524 Monasteriensis‚
1955 1482 1973 1516 9
1997 1491 2027 1515 a.

577 1539 735 1581 Monetur,
761 1543 794 1574 ut
818 1550 874 1584 pro
899 1538 1036 1573 ecclesia
1060 1538 1302 1573 Monasteriensi
1326 1538 1543 1572 coadiutorem
1568 1541 1722 1580 assumat,
1748 1536 1828 1571 ibid.

490 1590 651 1627 Eustachii
677 1592 734 1638 (S.)
760 1592 895 1628 ecclesia
919 1593 959 1627 de
981 1592 1088 1635 Urbe,
1114 1592 1178 1627 792
1203 1592 1229 1626 b.
1262 1592 1299 1628 Ei
1331 1592 1489 1627 addicitur
1521 1600 1596 1626 cura
1627 1594 1804 1626 animarum
1835 1597 2028 1636 suppressae

578 1647 747 1692 parochiae
770 1648 801 1683 S.
825 1647 1036 1690 Pantaleonis,
1062 1646 1142 1681 ibid.

493 1699 639 1746 Exempti
663 1700 780 1747 quibus
804 1702 837 1736 in
861 1700 959 1736 rebus
985 1702 1144 1746 episcopis
1169 1702 1232 1737 sint
1256 1699 1402 1745 subiecti,
1428 1701 1490 1736 656
1518 1700 1536 1735 b
1560 1703 1592 1736 et
1613 1710 1676 1746 seq.

1248 1834 1273 1870 F

495 1966 624 2004 Fabrica
648 1969 748 2004 saneti
772 1968 866 2011 Petri,
893 1969 957 2004 587
973 1980 1003 2004 a.
1021 1969 1142 2005 Decem
1157 1970 1244 2006 mille
1265 1970 1373 2006 duc-ati
1390 1970 1560 2017 quotannis
1582 1978 1623 2005 ex
1640 1969 1854 2015 eleemosynis
1871 1970 2031 2006 cruciatae

582 2023 613 2056 in
638 2032 737 2067 regno
761 2023 971 2067 Portugalliae
997 2026 1026 2058 ei
1052 2025 1268 2069 persolvendi,
1288 2024 1363 2059 ibid.

496 2074 672 2117 FarnesiuS,
697 2076 768 2110 vide
791 2077 972 2112 Alexander
996 2078 1178 2113 Farnesius.

496 2128 627 2164 Faustus
644 2129 828 2165 Caffarettus
853 2133 1079 2166 consistorialis
1104 2132 1276 2166 advocatus
1301 2142 1358 2176 pro
1382 2133 1620 2167 canonizatione
1643 2131 1731 2166 beati
1746 2131 1859 2167 Isidori
1875 2131 2032 2177 agricolae

583 2185 708 2217 nomine
734 2184 872 2229 Philippi
897 2185 1122 2229 Hispaniarum
1147 2188 1233 2229 regis
1259 2188 1370 2227 instat,
1397 2187 1458 2221 489
1480 2197 1509 2220 α.

497 2232 643 2268 Fenoculi
667 2239 804 2269 castrum
830 2238 860 2270 in
886 2239 1034 2271 comitatu
1055 2238 1218 2282 Bobiensi,
1238 2241 1280 2274 19
1302 2241 1329 2274 b.
1350 2240 1539 2275 Declaratur
1563 2239 1603 2274 ad
1628 2239 1794 2275 Cameram
1818 2239 2032 2286 Apostolicam

586 2289 763 2331 pertinere,
785 2289 825 2323 :28
851 2290 877 2323 b.

497 2339 714 2376 Ferdinandus
732 2342 742 2376 l
760 2343 939 2387 Aragoniae
957 2354 1013 2378 rex
1031 2346 1250 2381 investituram
1267 2349 1359 2392 regni
1375 2347 1502 2382 Siciliae
1521 2356 1538 2382 a
1556 2346 1636 2381 Iulio
1650 2346 1707 2381 PP.
1726 2345 1753 2380 II
1770 2346 1902 2390 obtinet,
1925 2346 1989 2381 628
2005 2347 2033 2380 b.

499 2391 718 2429 Ferdinandus
735 2396 887 2431 archidux
915 2398 1073 2440 Austriae,
1100 2400 1162 2434 308
1189 2401 1215 2434 b.
1242 2401 1425 2446 Hungariae
1451 2405 1482 2435 et
1506 2401 1654 2435 Boemiae
1679 2410 1747 2443 rex,
1775 2401 1837 2435 438
1863 2401 1890 2434 b.
1909 2400 1947 2434 Ei
1963 2409 2033 2434 con-

585 2456 675 2481 cessa
711 2448 841 2482 facultas
876 2451 1043 2484 militarem
1080 2451 1237 2487 Ordinem
1274 2456 1460 2489 instituendi
1494 2455 1553 2489 sub
1590 2457 1790 2489 invocatione
1826 2454 2033 2489 beatissimae

587 2500 692 2535 Matris
717 2501 792 2544 Dci,
818 2503 879 2537 439
905 2515 934 2537 α.
959 2505 986 2539 Α
1011 2509 1155 2540 censuris
1187 2508 1226 2542 ad
1259 2509 1416 2543 cautelam
1447 2508 1623 2543 absolvitur
1647 2507 1686 2542 ob
1712 2509 1903 2542 amotionem
1928 2507 2033 2542 cardi-

588 2555 666 2589 nalis
689 2555 815 2590 Clesclii
839 2558 879 2592 ab
903 2561 974 2593 aula
1000 2560 1170 2602 Caesarea,
1198 2562 1259 2596 455
1276 2562 1292 2595 b
1308 2574 1369 2607 seq.
1395 2562 1430 2596 In
1447 2564 1672 2607 imperatorem
1692 2563 1828 2605 eligitur,
1853 2561 1915 2595 468
1940 2571 1970 2594 α.
1995 2560 2033 2595 Et

589 2610 857 2645 confirmationem
888 2614 1081 2656 pontificiam
1113 2614 1251 2655 obtinet,
1279 2616 1341 2650 468
1366 2616 1393 2650 b.
1422 2616 1591 2650 Primarias
1620 2624 1751 2659 preces,
1783 2623 1841 2648 seu
1872 2613 2030 2648 indultum

591 2662 771 2696 nominandi
795 2664 834 2698 ad
859 2664 1015 2700 beneficia
1037 2670 1138 2711 primo
1164 2671 1313 2702 vacatura
1338 2671 1368 2704 ei
1393 2672 1552 2704 concessit
1578 2669 1694 2704 Paulus
1717 2667 1753 2711 V,
1779 2668 1842 2703 472
1869 2679 1889 2702 a
1914 2671 1945 2703 et
1967 2677 2028 2714 seq.
