2293 3231
97 279 184 307 Aac.
208 278 271 306 1⁶2¹
898 278 1074 304 caesonius
1098 279 1141 303 xv
1164 280 1212 303 re.
1706 269 1770 304 545
1817 280 1864 306 An.
1882 279 1911 306 c.
1933 279 1997 307 4621

293 325 402 360 mortis
433 331 463 359 et
494 324 563 359 aliis
593 326 845 371 quibuscumque
875 329 976 360 modis
1001 328 1121 375 ‹st21iisi
1154 328 1191 359 de
1222 327 1281 360 alia
1314 326 1520 371 dispositione
1552 327 1599 360 vel
1633 327 1804 360 intentione

292 379 407 419 titulis,
438 380 594 423 scriptura
622 381 715 413 etiam
749 381 851 414 minus
881 381 1029 421 solemni,
1047 398 1048 420 ῃ
1065 384 1168 414 vesti-a
1193 382 1347 425 scriptura
1366 382 1458 415 etiam
1483 382 1587 414 minus
1612 381 1744 414 solemni
1762 391 1805 428 se-

292 443 397 466 coram
423 432 547 466 duobus
572 434 619 466 vel
644 434 744 466 tribus
769 434 908 474 testibus,
926 440 978 467 aut
999 444 1030 467 c·
1046 434 1048 480 j
1064 444 1118 466 cus
1142 441 1318 478 appareret,
1340 445 1431 477 quam
1453 441 1526 468 tunc
1545 434 1627 467 velut
1646 434 1804 467 efficacem

291 485 366 518 tiam
391 485 502 519 cedula
520 486 587 519 sola
605 496 700 519 manu
718 489 821 519 vestra
838 487 965 530 scripta,
983 487 1030 518 vel
1064 486 1148 529 ipsae
1173 498 1336 530 personae,
1364 488 1409 519 vel
1434 487 1483 519 alii
1510 486 1638 527 iudices,
1659 497 1713 519 seu
1733 497 1805 519 exe-

292 537 480 582 subscripta,
499 543 529 571 et
546 539 621 572 alias
638 539 669 571 in
687 539 834 572 omnibus
850 543 879 572 et
895 549 951 582 per
968 550 1031 571 om—
1063 545 1231 582 quutores,
1257 540 1384 573 omnino
1416 540 1527 584 exequi
1557 546 1586 572 et
1611 540 1782 583 adimplere
1797 567 1804 579 ‚

291 590 352 631 nia,
366 596 460 634 prout
473 596 503 624 et
518 591 754 635 quomodolibet
768 591 855 625 vobis
863 591 1028 633 videbitur,
1064 592 1170 635 illique
1192 603 1258 625 sese
1278 594 1475 625 conformare
1494 593 1523 624 in
1541 592 1687 625 omnihus
1704 599 1733 625 et
1749 602 1805 636 per

291 643 384 676 etiam
410 644 441 676 in
460 644 528 687 ipsa
545 645 643 684 curia,
664 649 694 677 et
710 645 741 677 in
756 645 867 678 mortis
887 645 1029 684 articulo,
1046 645 1048 659 '
1063 645 1167 678 omnia
1191 645 1338 684 debeant,
1363 651 1393 678 et
1417 646 1620 678 nihilominus
1639 655 1806 688 quaecum-

291 696 386 729 etiam
405 697 491 729 nulla
508 697 589 730 facta
609 698 767 731 mentione
784 697 968 741 praesentis,
981 698 1029 730 vel
1045 683 1048 754 J
1063 708 1123 740 que
1147 697 1328 730 huiusmodi
1353 703 1547 737 testamenta,
1572 698 1683 740 legata,
1708 697 1805 730 dona·

291 749 424 783 aliarum
450 750 537 783 vobis
561 761 619 794 pro
645 756 785 794 tempore
809 761 1028 784 concessarum
1046 757 1047 762 ¹
1064 751 1181 789 tiones,
1205 751 1426 794 dispositiones
1451 757 1479 783 et
1504 751 1564 783 alia
1595 751 1699 783 forsan
1730 750 1805 782 alias

292 802 443 836 similium
463 803 655 843 facultatum,
681 808 733 835 aut
757 803 841 846 quod
862 803 893 835 in
918 803 979 835 vim
998 803 1030 835 il-
1045 817 1048 827 ν
1063 814 1080 835 a
1104 803 1201 841 vobis,
1227 804 1319 836 etiam
1338 805 1423 836 nulla
1440 811 1493 836 aut
1517 804 1621 836 minus
1639 803 1805 836 sufficienti

291 855 394 889 larum
418 855 526 889 testari
551 866 605 889 seu
629 855 796 899 disponere
822 855 921 888 velitis
941 859 969 889 et
987 856 1029 887 in·
1062 857 1206 890 facultate
1227 857 1372 897 suffultis,
1390 858 1427 889 de
1448 857 1627 890 huiusmodi
1644 857 1744 897 bonis,
1762 856 1806 889 iu-

292 909 447 951 tendatis‚
473 910 569 943 semel
593 914 686 952 atque
711 908 823 941 iterum
841 913 892 942 aut
909 909 1029 951 pluries
1045 907 1047 942 .’
1062 910 1162 950 ribus,
1186 921 1220 942 ac
1247 910 1432 949 actionibus,
1456 911 1621 949 fructibus,
1646 909 1804 952 pecuniis,

292 961 470 1006 disponere,
484 966 620 995 statuere
634 967 664 994 et
676 961 833 1000 ordinare;
844 962 885 993 ita
898 967 932 994 ut
945 962 1029 1004 quic·
1045 962 1046 1004 ξ
1063 963 1222 1002 iomiibus,
1239 964 1370 1006 aliisque
1389 964 1482 995 rebus
1500 963 1696 1006 supradictis,
1711 963 1806 995 etiam

292 1014 366 1058 quid
397 1019 560 1053 testatum,
585 1019 725 1056 gestum,
751 1018 803 1048 aut
827 1015 1027 1055 ordinatum,
1045 1013 1046 1050 ζ
1064 1015 1094 1046 in
1118 1015 1257 1047 savorem
1279 1014 1585 1057 consanguineorum
1611 1019 1641 1046 et
1664 1014 1805 1046 affinium

292 1078 346 1100 seu
369 1067 444 1100 alias
468 1067 654 1110 dispositum
671 1077 689 1099 a
705 1067 792 1100 vobis
812 1068 916 1107 fuerit,
933 1068 1027 1101 etiam
1044 1057 1047 1122 J
1061 1067 1306 1110 praedictorum,
1323 1071 1351 1100 et
1369 1067 1444 1099 alias
1461 1067 1700 1110 quomodolibet
1715 1067 1805 1104 sacta,

292 1120 322 1152 in
346 1119 408 1153 vim
428 1119 580 1163 simplicis
603 1119 850 1158 distributionis,
875 1131 910 1153 ac
934 1121 1027 1160 alias,
1044 1125 1047 1158 t
1062 1131 1134 1153 cum
1155 1120 1300 1153 omnibus
1326 1120 1398 1152 inde
1424 1121 1578 1163 sequutis,
1595 1130 1630 1152 ac
1647 1119 1740 1152 etiam
1758 1130 1804 1159 ea,

290 1172 375 1205 omni
401 1173 524 1206 meliori
548 1173 642 1206 modo
668 1174 765 1205 valeat
791 1179 817 1205 ct
845 1174 962 1206 servari
979 1162 1141 1215 de-iquae
1173 1184 1230 1216 per
1263 1185 1316 1206 vos
1341 1173 1371 1205 in
1397 1174 1536 1206 futurum
1570 1173 1806 1216 quomodolibet

289 1225 372 1267 beat,
396 1226 524 1271 ipsaque
548 1232 742 1262 testamenta.
769 1227 940 1264 codicillos,
969 1227 1029 1259 dis-
1045 1235 1047 1241 ’
1062 1229 1146 1263 tient,
1167 1237 1203 1259 ex
1228 1237 1321 1265 nunc,
1336 1232 1430 1269 prout
1447 1237 1483 1258 ex
1505 1230 1588 1266 tunc,
1606 1232 1636 1258 et
1653 1237 1669 1258 e
1686 1232 1804 1266 contra,

289 1279 470 1322 positiones,
484 1279 707 1320 ordinationes,
721 1280 914 1320 donationes,
929 1281 1028 1321 leg-ata
1045 1274 1047 1311 i
1062 1280 1274 1322 approbamus
1305 1284 1333 1311 et
1366 1278 1608 1318 confirmamus,
1633 1289 1804 1322 omnesque

291 1338 320 1365 et
345 1338 458 1365 statuta
482 1333 609 1376 pluries,
635 1344 669 1365 ac
695 1334 784 1366 toties
801 1334 923 1376 quoties
941 1334 1028 1366 vobis
1046 1349 1047 1352 κ
1063 1338 1090 1364 et
1108 1333 1249 1375 singulos
1269 1333 1345 1365 iuris
1370 1338 1399 1365 et
1424 1333 1505 1372 facti,
1519 1342 1555 1365 ao
1572 1332 1803 1364 solemnitatum

291 1385 458 1426 videbitur,
485 1386 653 1425 moderari,
679 1385 824 1426 limitare,
842 1396 877 1418 ac
891 1386 983 1419 etiam
998 1387 1028 1418 iu
1046 1393 1047 1428 l
1063 1386 1251 1418 emissarum
1269 1390 1297 1419 et
1315 1385 1571 1425 omittendarum‚
1588 1395 1711 1418 necnon
1735 1386 1807 1418 sub-

291 1442 390 1472 totum
415 1449 583 1478 revocare,
616 1445 642 1471 et
673 1439 733 1471 alia
763 1440 801 1471 de
832 1450 912 1472 novo
937 1440 1029 1472 edere
1045 1429 1047 1465 i
1063 1440 1232 1475 stantiales,
1257 1439 1397 1482 aliosque
1422 1439 1560 1472 defectus
1578 1449 1805 1482 quoscumque,

291 1491 389 1524 libere
414 1496 443 1525 et
467 1492 550 1524 licite
580 1492 723 1532 valeatis,
749 1493 933 1525 auctoritate
958 1503 1029 1536 apo-
1046 1498 1047 1509 ³
1064 1493 1087 1523 si
1109 1493 1162 1535 qui
1187 1492 1422 1531 intervenerint,
1443 1497 1495 1524 aut
1520 1492 1755 1525 intervenerunt
1773 1491 1805 1523 in

291 1544 400 1577 stolica
425 1550 454 1576 et
479 1550 586 1577 tenore
618 1545 818 1587 praemissis,
852 1545 975 1587 plenarii
1001 1551 1029 1576 et
1064 1545 1200 1581 eisdem,
1225 1544 1347 1577 etiamsi
1381 1545 1457 1577 tales
1489 1544 1570 1585 sint,
1596 1545 1643 1577 vel
1668 1544 1804 1583 fuerint,

291 1597 423 1630 liberam
443 1597 645 1630 concedimus
670 1598 856 1630 facultatem.
1046 1598 1148 1641 ‘quod
1172 1598 1317 1642 specialis
1341 1602 1371 1631 et
1394 1598 1539 1641 specifica
1555 1597 1593 1629 de
1610 1597 1671 1630 illis
1687 1597 1804 1630 mentio

104 1663 276 1694 supptementum
336 1651 351 1694 ἓ
375 1650 425 1683 14.
445 1651 483 1683 Et
499 1650 627 1694 insuper
644 1651 820 1690 statuimus,
837 1651 1030 1685 ordinamus,
1047 1674 1049 1679 Α
1066 1651 1282 1694 praesentibus
1308 1652 1450 1684 habenda
1475 1656 1565 1691 esset,
1590 1651 1781 1694 supplemus.

93 1688 276 1741 fflffi'i’upe‘i‘tii}
291 1703 441 1747 vobisque
462 1704 681 1746 indulgemus,
707 1704 790 1747 quod
813 1704 838 1736 si
864 1705 1029 1747 contigerit
1109 1710 1123 1747 P}
1154 1705 1204 1737 15.
1237 1704 1413 1737 Districtius
1437 1705 1616 1737 inhibentes
1643 1704 1805 1748 quibusvis
1830 1713 2004 1749 *tantinum-ff

93 1742 276 1795 ltgssssssssffiffml⁸¹
291 1768 346 1790 vos
369 1758 408 1790 ab
432 1758 587 1796 intestato,
611 1763 640 1790 et
665 1758 730 1790 sine
756 1759 829 1798 ulla,
855 1759 902 1791 vel
928 1758 1030 1790 minus
1064 1758 1321 1801 archiepiscopis,
1347 1757 1512 1800 episeopis,
1537 1763 1588 1790 aut
1612 1758 1681 1790 aliis
1706 1758 1805 1790 eccle·
1820 1740 2002 1760 “mmmm

292 1810 390 1844 valida
415 1811 571 1844 bonorum
598 1817 624 1843 et
651 1822 769 1851 rerum,
794 1822 829 1844 ac
852 1812 1030 1849 fructuum,
1046 1812 1049 1836 1
1065 1811 1181 1842 siarum
1207 1811 1366 1854 praelatis,
1383 1820 1505 1843 necnon
1529 1821 1671 1843 camerae
1689 1811 1805 1853 praefa-

291 1863 470 1896 reddituum
507 1868 535 1897 et
571 1869 781 1908 proventuum
817 1865 1029 1907 praefatorum
1047 1872 1049 1885 ¹
1065 1870 1111 1896 tae
1141 1864 1391 1907 praesidentibus
1416 1870 1445 1896 et
1469 1864 1606 1904 clericis,
1629 1874 1665 1898 ac
1693 1875 1804 1897 eorum

291 1916 504 1960 dispositione,
519 1918 549 1949 in
569 1917 652 1949 dicta
670 1918 759 1950 curia
780 1918 828 1950 vel
844 1922 930 1950 extra
951 1928 1029 1957 eam,
1047 1918 1185 1950 ‘necnon
1215 1917 1351 1950 fabricae
1378 1917 1525 1950 basilicae
1550 1917 1705 1961 Principis
1728 1927 1805 1961 apo-

291 1980 326 2004 ac
349 1970 443 2003 etiam
469 1977 554 2003 extra
578 1977 680 2004 vestra
705 1971 856 2004 beneficia
888 1972 935 2004 vel
971 1971 1030 2003 alia
1047 1975 1049 1993 ἰ
1064 1971 1218 2003 stolorum
1235 1971 1272 2003 de
1293 1970 1377 2003 Urbe
1393 1976 1420 2002 et
1442 1971 1597 2003 cruciatae
1615 1975 1749 2010 sanctae,
1776 1977 1806 2003 et

290 2023 360 2056 loca
375 2023 496 2056 debitae
510 2034 526 2056 a
540 2024 628 2056 vobis
645 2024 829 2058 residentiae
844 2025 1029 2067 personalis,
1046 2031 1049 2058 ,ἵ
1064 2023 1132 2056 aliis
1157 2023 1377 2056 collectoribus
1397 2029 1426 2056 et
1446 2023 1739 2064 subcollectoribus,
1759 2035 1806 2056 ce-

292 2077 384 2109 etiam
402 2077 487 2109 nulla
505 2077 689 2109 subsistente
707 2080 812 2118 causa,
829 2078 867 2109 ab
885 2078 1030 2110 humanis
1046 2067 1049 2107 i
1063 2077 1202 2120 terisque
1226 2077 1452 2120 cuiuscumque
1484 2076 1643 2119 dignitatis
1657 2104 1664 2117 ,
1690 2081 1786 2110 status
1798 2104 1806 2117 ,

293 2128 454 2170 decedere,
479 2130 582 2162 omnia
607 2135 636 2162 et
660 2130 783 2173 singula
807 2130 901 2170 bona,
928 2141 977 2163 res
1001 2136 1031 2163 et
1046 2126 1048 2147 ³
1064 2129 1180 2170 gradus
1204 2136 1231 2162 et
1259 2130 1448 2162 conditionis
1471 2129 1685 2169 existentibus,
1711 2130 1805 2162 etiam

292 2183 371 2224 ima,
395 2183 488 2216 ctiam
513 2189 544 2215 ut
568 2183 744 2227 praefertur
768 2183 956 2226 qualificata,
972 2194 1029 2217 uec
1046 2187 1048 2203 ³
1063 2183 1171 2225 quavis
1183 2183 1367 2216 auctoritate
1381 2189 1409 2215 ct
1425 2188 1576 2226 potestate
1593 2183 1806 2225 fungentibus,

291 2246 354 2269 non
378 2236 476 2280 spolia
494 2237 719 2279 cuiuscumque
735 2236 914 2279 quantitatis
931 2242 961 2269 et
978 2247 1029 2269 va·
1063 2236 1120 2267 sub
1145 2235 1480 2269 excommunicationis
1505 2236 1633 2268 maioris
1647 2263 1654 2275 ,
1674 2236 1805 2278 aliisque

291 2289 367 2322 loris
386 2289 559 2331 existentia,
577 2291 671 2322 etiam
688 2300 722 2322 ex
742 2289 887 2332 praefatis
905 2295 934 2322 et
955 2290 1028 2322 alias
1063 2289 1280 2322 ecclesiasticis
1304 2289 1476 2329 sententiis,
1492 2288 1633 2321 censuris
1649 2294 1679 2321 et
1695 2288 1806 2331 poenis

290 2343 509 2386 undecumque
542 2343 771 2386 provenientia,
800 2343 837 2375 ad
870 2353 1028 2375 cameram
1045 2326 1047 2368 i
1062 2342 1291 2383 ecclesiasticis,
1308 2353 1347 2375 ne
1363 2342 1590 2382 universitates,
1611 2342 1752 2384 collegia,
1770 2352 1805 2374 ae

290 2397 505 2439 apostolicam,
530 2406 585 2428 seu
610 2396 640 2427 in
665 2396 754 2429 dictis
778 2396 938 2429 beneficiis
962 2407 1029 2429 suc·
1045 2431 1047 2437 Ι
1063 2394 1130 2426 loca
1163 2401 1192 2426 et
1221 2394 1411 2436 legatarios,
1436 2394 1608 2434 haeredes,
1633 2404 1804 2437 personas,

291 2459 441 2489 cessores,
460 2460 523 2482 non
547 2449 732 2492 pertineant,
750 2449 803 2481 sed
824 2449 862 2480 ad
878 2449 1028 2481 haeredes
1062 2457 1184 2479 necnon
1209 2452 1480 2484 testamentorum,
1501 2447 1694 2480 voluntatum
1710 2453 1740 2480 et
1758 2458 1806 2480 or-

291 2503 386 2536 vestri
408 2503 569 2545 sanguinis
585 2503 706 2543 integre
728 2502 900 2537 deveniant,
915 2508 953 2542 et,
969 2502 1028 2534 illis
1044 2503 1048 2516 ⁴
1063 2499 1257 2533 dinationum
1282 2499 1462 2532 huiusmodi
1487 2505 1695 2543 exequutores
1718 2511 1807 2544 prae-

292 2554 517 2596 deficientibus,
536 2556 616 2588 inter
637 2555 805 2589 familiares
830 2559 958 2588 vestros.
984 2566 1030 2587 ar·
1045 2554 1047 2560 ’
1063 2552 1149 2591 fatos,
1164 2553 1281 2585 directe
1295 2553 1341 2584 vel
1361 2552 1522 2591 indirecte,
1535 2553 1645 2595 quovis
1662 2553 1804 2597 quaesito

293 2606 388 2640 bitrio
410 2618 573 2651 personae,
589 2619 644 2641 seu
663 2618 880 2651 personarum,
896 2618 971 2650 quas
991 2609 1028 2640 ad
1062 2607 1168 2638 colore
1205 2607 1250 2638 vel
1287 2606 1435 2648 ingenio,
1467 2607 1636 2639 molestare
1671 2606 1805 2639 audeant

296 2658 331 2691 id
356 2660 472 2703 scripto
500 2661 756 2696 nominaveritis.
785 2660 1029 2695 distribuantur.
1045 2660 1047 2686 l
1062 2670 1188 2703 quoquo
1213 2660 1317 2698 modo,
1343 2660 1390 2692 vel
1414 2659 1618 2702 perturbare,
1809 2671 1813 2674 ·
