2293 3231
87 274 141 302 Au.
158 273 188 302 C.
204 273 273 303 1620

940 277 1057 302 PAULUS
1081 277 1101 301 V
1125 278 1173 302 FP.

289 327 340 356 tur
364 323 442 367 (sive
467 333 502 357 ex
524 325 608 357 certa
632 324 760 358 scientia
785 326 905 365 nostra,
923 327 969 358 vel
991 326 1028 358 si-

290 376 356 409 mili
380 382 478 418 motu,
495 377 558 410 sive
577 377 651 410 alias
668 378 725 411 sub
741 378 902 422 quibusvis
927 379 1026 412 forma

290 434 320 462 et
344 430 543 474 expressione
572 431 763 472 verborum,
789 438 836 472 et,
860 442 939 476 quae
965 434 1028 466 for-

291 483 381 516 tassis
404 484 509 518 totalis
533 485 580 518 sui
613 485 730 518 tenoris
755 485 967 526 insertionem,
992 496 1027 518 ac

291 537 441 578 illorum,
470 537 585 581 quibus
620 549 769 572 concessa
793 544 863 572 sunt
886 539 932 572 vel
966 539 1029 572 fue-

292 594 375 631 runt,
391 591 555 624 nominum
569 597 597 624 et
616 592 840 635 cognominum
861 591 1030 624 individua-

292 643 353 676 lem
370 644 604 687 expressionem
616 645 833 689 praesentibus
845 644 1029 685 faciendam,

293 696 331 728 ad
347 696 408 729 hoc
424 701 459 729 ut
476 697 537 730 illis
554 708 612 742 per
632 698 757 731 easdem
774 703 954 743 praesentes
971 698 1032 731 suf-

293 748 435 782 ficienter
451 749 631 794 derogetur,
645 752 773 794 exigunt
789 751 836 784 vel
854 751 1030 794 requirunt,

293 806 323 834 et
346 812 426 846 quae
450 802 525 846 ipsis
548 804 775 847 praesentibus,
792 803 922 848 perinde
946 814 982 836 ac
1006 804 1031 836 si

294 865 404 889 eorum
420 861 511 890 tenor
527 857 564 890 de
582 857 677 890 verbo
695 857 733 890 ad
750 858 880 890 verbum
898 857 1032 890 insertus

295 909 384 950 foret,
409 920 468 953 pro
491 910 648 954 expressis
673 911 870 954 habeantur),
895 916 925 943 et
951 921 1034 943 man-

294 962 365 995 data
389 962 427 996 de
450 963 644 1006 providendo
676 963 747 996 inde
779 969 932 1008 sequuta,
962 975 1033 997 cum

295 1016 495 1059 processibus
517 1027 575 1060 per
606 1027 642 1050 ea
666 1028 725 1061 pro
754 1023 895 1061 tempore
920 1018 1034 1050 habitis

297 1070 369 1109 (uisi
382 1069 437 1110 illi,
451 1080 511 1114 pro
527 1071 641 1114 quibus
658 1071 881 1112 emanaverint,
898 1075 931 1105 ut
948 1081 1036 1115 prae-

294 1122 412 1163 fertur,
437 1122 475 1156 de
499 1124 727 1157 venerabilium
760 1124 891 1157 fratrum
917 1129 1054 1174 nostro-¹

297 1186 367 1208 rum
392 1181 516 1210 sanctae
537 1177 695 1211 Romanae
719 1178 875 1211 Ecclesiae
899 1178 1038 1210 cardina-

297 1230 373 1263 lium
398 1241 532 1264 numero
555 1231 695 1276 suerint),
712 1232 750 1264 ad
770 1232 933 1272 beneficia,
958 1242 1036 1274 quae

299 1293 430 1326 precum
465 1289 494 1316 et
525 1285 777 1318 nominationum
813 1285 1036 1328 primariarum

299 1337 408 1380 vigore
432 1347 489 1381 per
512 1348 674 1381 personas,
692 1349 750 1382 pro
775 1338 888 1381 quibus
913 1338 982 1371 illae
1001 1338 1039 1369 fa-

300 1394 366 1424 ctae
392 1391 518 1432 suerint,
543 1395 721 1435 acceptata,
746 1391 838 1424 etiam
863 1391 901 1424 de
925 1391 1039 1434 quibus

301 1444 346 1476 eis
362 1444 521 1487 provideri
541 1445 718 1487 contigerit,
736 1445 865 1477 minime
882 1444 1005 1477 extendi
1020 1444 1038 1476 ¹:
1056 1476 1058 1490 ἲ

301 1507 399 1541 quum
423 1498 487 1531 imo
511 1498 543 1530 in
566 1498 693 1531 illorum
718 1499 948 1541 exequutione²
972 1509 1042 1542 per-

303 1560 394 1584 sonas
409 1551 491 1594 ipsas
510 1552 656 1585 omnibus
682 1557 711 1584 et
727 1552 978 1595 quibuscumque
995 1562 1042 1584 ea-

303 1613 374 1636 rum
399 1603 576 1637 litterarum
608 1610 637 1637 et
670 1606 902 1648 expectivarum
939 1616 972 1637 ac
998 1615 1043 1637 re-

305 1657 516 1690 servationum
549 1658 729 1691 huiusmodi
761 1659 892 1702 vigore,
918 1664 947 1691 et
972 1670 1041 1691 cum

305 1709 466 1753 quibusvis
486 1711 727 1745 antelationibus
752 1717 779 1744 et
804 1712 1043 1755 praerogativis,

307 1763 412 1805 (etiam
438 1764 508 1806 illis⁷
527 1775 605 1809 quas
629 1765 723 1797 certis
746 1765 863 1798 nostris
888 1765 1045 1797 familiari-

306 1817 364 1850 bus
392 1817 548 1850 continuis
571 1818 838 1851 commensalibus
863 1818 893 1850 in
919 1820 1044 1851 camera

307 1871 490 1914 apostolica,
516 1882 551 1904 ac
576 1872 644 1904 aliis
664 1872 779 1905 nostris
804 1872 916 1904 litteris
939 1872 976 1904 ad
1006 1874 1063 1919 οἵ·Χ

308 1924 479 1965 fectuni‚'et
495 1925 563 1958 aliis
587 1925 619 1957 in
643 1925 864 1968 assequutione
880 1925 1046 1958 beneficio-

308 1987 380 2009 rum
411 1978 630 2011 conferendis³
655 1978 840 2012 nominatim
881 1978 1046 2022 descriptis

310 2031 532 2072 concessimus,
556 2036 587 2064 et
610 2043 680 2065 cum
706 2032 860 2065 similibus
884 2032 1048 2075 derogato-

310 2083 366 2116 riis
390 2083 547 2125 clausulis,
564 2095 643 2128 quae
668 2085 754 2126 nulli,
772 2085 940 2129 quominus
960 2097 1048 2130 prae-

311 2136 444 2170 sentium
469 2137 613 2170 succedat
639 2138 777 2179 effectus,
802 2139 968 2181 suffragari
993 2140 1047 2172 de-

311 2190 466 2234 beant⁴){²
483 2191 717 2234 expectantibus
742 2192 886 2233 (etiamsi
922 2193 1046 2224 illarum

312 2243 475 2276 obtentum
485 2244 495 2259 5
512 2243 542 2276 in
557 2244 718 2287 quibusvis
731 2245 870 2277 ecclesiis
883 2245 912 2277 in
927 2246 1051 2278 canoni-

352 2319 359 2342 1
379 2315 554 2350 Subintellige
570 2317 700 2343 volumus
712 2316 751 2343 vel
762 2317 943 2344 declaramus
952 2319 989 2352 (n.
1002 2320 1048 2349 T.).

348 2360 364 2387 2
385 2360 483 2388 Forsan
500 2360 645 2394 legendum
662 2362 861 2395 assequulione
876 2367 913 2393 (R.
930 2362 978 2395 it).

349 2405 366 2431 3
392 2405 536 2432 videretur
565 2405 763 2433 emendandum
794 2409 820 2431 et
847 2405 1050 2440 intelligendum

314 2450 368 2476 sic:
386 2451 476 2478 etiam
491 2450 549 2477 iltis
565 2452 671 2485 {nempe
687 2449 984 2484 antelationibuslqtms
995 2459 1053 2476 cer-

316 2494 351 2521 tis
367 2494 471 2522 nostris
486 2494 699 2528 familiaribus,
716 2498 766 2520 etr.
826 2495 863 2520 acl
879 2494 1005 2528 effectum
1025 2498 1053 2522 ul

316 2539 386 2566 aliis
400 2539 431 2566 in
445 2540 641 2574 assequult'oue
657 2539 857 2572 beneficiorum
870 2539 1053 2573 conserendo-

316 2592 382 2610 rum
395 2585 645 2619 praeferantur
663 2584 850 2612 concessimus
868 2589 901 2614 [R.
917 2588 964 2616 Τ,>.

353 2629 369 2654 4
384 2627 454 2655 Edit.
469 2629 551 2655 Main.
569 2629 633 2665 legit
647 2629 745 2657 debeat
760 2629 798 2664 (a.
816 2630 863 2664 T.).

354 2673 370 2700 5
387 2671 476 2700 Potius
492 2673 635 2708 legendum
651 2674 766 2702 obtentu
781 2673 821 2701 vel
837 2674 948 2701 obtento
964 2675 1053 2710 (anx).

1061 336 1113 358 cos
1136 326 1264 368 recepti,
1282 336 1315 358 ac
1341 325 1378 358 ‹la›
1403 334 1535 358 numero
1553 325 1695 368 ipsorum
1713 324 1800 357 sami-

1061 379 1184 411 liarium
1203 379 1422 412 continuorum
1449 378 1707 412 commensalium
1725 378 1800 410 anti-

1061 442 1195 474 quorum
1222 432 1362 474 suerint),
1379 443 1501 465 necnon
1521 432 1637 475 gratias
1663 432 1692 464 in
1718 442 1801 464 com-

1062 485 1146 517 muni
1177 486 1277 518 forma
1315 495 1489 529 1⁷».suiperum
1528 485 1734 523 habentibus,
1765 495 1800 517 ac

1062 538 1248 570 officialibus
1272 544 1302 570 et
1326 539 1516 578 illustribus,
1541 550 1575 570 :u-
1608 539 1683 570 alias
1707 549 1801 582 quas·

1063 601 1197 634 cumque
1222 591 1383 623 facultates
1400 591 1597 631 habentibus,
1615 592 1708 623 ctiam
1733 602 1802 624 nos-

1062 643 1119 675 tris
1135 643 1340 675 familiaribus
1358 644 1513 677 continuis
1538 644 1802 676 commensalibus

1063 696 1199 740 antiquis
1223 702 1253 729 et
1276 697 1442 741 descriptis
1467 703 1497 730 et
1521 698 1729 741 imposterum
1753 699 1803 730 de-

1065 749 1239 782 scrihendis
1264 750 1379 793 (dictis
1410 750 1620 783 cardinalibus
1645 751 1800 783 dumtaxat

1065 803 1217 847 exceptis)
1242 804 1388 837 anteferri
1414 805 1580 843 volumus3
1607 804 1660 837 sed
1684 805 1805 836 nullum

1066 868 1121 902 per
1145 859 1207 892 hoc
1231 859 1467 903 expectantibus
1492 859 1577 902 ipsis,
1598 858 1701 902 quoad
1727 869 1808 892 asse-

1066 912 1249 955 quutionem
1275 912 1501 944 beneficiorum
1525 912 1670 953 aliorum,
1688 912 1808 955 praeiu-

1068 965 1183 997 dicium
1209 965 1372 1007 generari:
1398 976 1451 998 seu
1486 965 1532 997 si¹
1558 965 1648 998 dictis
1684 966 1809 999 collato-

1068 1018 1165 1058 ribus,
1184 1019 1230 1051 vel
1256 1019 1478 1059 collatricibus,
1496 1019 1544 1052 vel
1562 1019 1724 1062 quibusvis
1740 1019 1809 1052 aliis

1070 1072 1279 1106 communiter
1297 1072 1342 1104 vel
1361 1072 1485 1105 divisim
1499 1072 1537 1104 ab
1552 1072 1661 1104 eadem
1678 1072 1810 1113 sitffSede

1052 1124 1237 1165 indultum,
1259 1124 1342 1167 quod
1367 1124 1405 1157 ad
1430 1125 1642 1168 receptionem
1667 1125 1714 1158 vel
1741 1136 1811 1169 pro-

1071 1178 1221 1211 visionem
1241 1178 1372 1210 alicuius
1390 1177 1518 1210 minime
1539 1182 1712 1218 teneantur,
1726 1184 1754 1211 et
1773 1179 1810 1211 ad

1072 1231 1101 1263 id
1119 1231 1276 1275 compelli,
1295 1237 1357 1271 aut,
1375 1231 1458 1273 quod
1479 1231 1633 1272 interdici,
1652 1232 1810 1276 suspendi,

1071 1285 1119 1317 vel
1144 1285 1411 1318 excoumninicari
1428 1295 1490 1317 non
1511 1286 1647 1329 possint,
1665 1286 1812 1329 quodque

1072 1338 1110 1371 de
1135 1338 1334 1378 huiusmodi,
1359 1339 1407 1371 vel
1438 1338 1506 1371 aliis
1530 1339 1692 1372 beneficiis
1717 1339 1813 1371 eccle-

1073 1391 1205 1423 siasticis
1229 1392 1265 1423 ad
1291 1402 1402 1424 corum
1427 1391 1636 1431 collationem,
1664 1392 1813 1435 provisio-

1073 1456 1166 1483 nem,
1192 1445 1497 1489 praesentationem,
1527 1445 1733 1486 electionem,
1759 1456 1813 1477 seu

1075 1499 1218 1543 quamvis
1243 1499 1334 1531 aliam
1360 1499 1595 1542 dispositionem
1621 1499 1814 1532 coniunctim

1076 1553 1122 1585 vel
1148 1553 1316 1595 separatim
1353 1552 1586 1595 spectantibus,
1612 1552 1688 1584 nulli
1715 1552 1813 1584 valeat

1074 1606 1235 1649 provideri
1260 1617 1316 1649 per
1341 1606 1459 1638 litteras
1484 1606 1672 1650 apostolicas
1696 1616 1758 1638 non
1777 1606 1817 1638 fa-

1077 1659 1194 1691 cientes
1209 1659 1334 1702 plenam
1359 1664 1387 1691 et
1405 1669 1595 1702 expressam,
1612 1669 1647 1691 ac
1664 1658 1702 1691 de
1719 1659 1816 1691 verbo

1077 1712 1116 1745 ad
1139 1713 1272 1745 verbum
1289 1712 1326 1745 de
1344 1711 1463 1746 indulto
1484 1712 1664 1745 huiusmodi
1690 1712 1818 1745 mentio—

1078 1777 1168 1805 nem,
1187 1772 1215 1799 et
1228 1767 1239 1783 ²
1263 1766 1401 1810 qualibet
1418 1766 1478 1799 alia
1495 1766 1595 1800 dictae
1608 1766 1697 1800 Sedis
1720 1766 1819 1799 indul-

1078 1821 1182 1864 gentia
1207 1821 1345 1863 generali
1371 1822 1417 1853 rel
1438 1821 1575 1864 speciali,
1592 1821 1818 1864 cuiuscumque

1080 1874 1195 1908 tenoris
1212 1875 1332 1915 existat,
1347 1885 1404 1918 per
1421 1885 1515 1918 quam
1527 1875 1745 1918 praesentibus
1757 1885 1819 1908 non

1079 1938 1269 1971 expressam,
1281 1928 1329 1960 vel
1343 1928 1480 1961 totaliter
1497 1938 1560 1960 non
1574 1928 1734 1968 insertam,
1751 1927 1822 1960 effe-

1080 1984 1147 2014 ctus
1171 1991 1279 2013 earum
1297 1981 1443 2025 impediri
1458 1981 1557 2014 valeat
1574 1981 1821 2025 quomodolibet,

1080 2034 1128 2066 vel
1152 2034 1283 2075 differri,
1301 2039 1329 2067 et
1355 2034 1393 2067 de
1418 2045 1489 2078 qua,
1508 2035 1735 2078 cuiuscumque
1757 2038 1822 2068 toto

1080 2092 1200 2127 tenore,
1212 2087 1355 2120 habenda
1373 2088 1410 2120 sit
1430 2088 1459 2120 in
1476 2088 1592 2121 nostris
1609 2088 1722 2121 litteris
1740 2098 1824 2120 men-

1081 2141 1124 2174 tio
1149 2141 1308 2185 specialis:
1327 2147 1376 2174 aut
1391 2142 1401 2157 ³
1421 2142 1446 2174 si
1467 2153 1622 2186 personae
1646 2142 1823 2185 praedictae

1082 2205 1144 2228 non
1168 2195 1281 2228 fuerint
1304 2195 1341 2227 ad
1365 2196 1587 2239 praestandum
1605 2196 1643 2229 de
1660 2196 1825 2229 observan-

1083 2248 1130 2281 dis
1153 2249 1276 2282 statutis
1304 2253 1332 2282 et
1361 2249 1641 2283 consuetudinibus
1672 2250 1823 2282 ecclesia-

1083 2312 1164 2341 rum,
1190 2302 1221 2334 in
1246 2303 1360 2345 quibus
1384 2303 1566 2336 huiusmodi
1590 2302 1744 2335 beneficia
1760 2303 1825 2335 sue-

1084 2355 1145 2388 rint
1162 2360 1194 2387 ut
1224 2356 1411 2399 praefertur,
1430 2357 1519 2389 solita
1536 2356 1722 2397 iuramenta,
1740 2356 1826 2389 dum-

1086 2408 1180 2440 modo
1205 2408 1234 2439 in
1261 2408 1399 2441 absentia
1429 2412 1484 2441 sua
1521 2420 1578 2452 per
1601 2414 1826 2452 procuratores

1126 2500 1132 2522 l
1153 2496 1254 2524 lterum
1273 2497 1394 2533 sequitur
1410 2498 1529 2525 clausula
1556 2507 1610 2525 non
1636 2499 1827 2530 obstantibus,-

1088 2541 1191 2567 scilicet
1203 2550 1254 2568 seu
1269 2550 1323 2568 non
1342 2543 1466 2570 obstante
1486 2544 1521 2575 si,
1539 2547 1591 2570 etc.
1609 2545 1645 2575 (R.
1662 2550 1711 2577 Τ.).

1122 2585 1139 2611 2
1153 2585 1269 2620 Semper
1284 2585 1458 2621 subintellige
1473 2596 1531 2614 nou
1545 2588 1672 2616 obstante
1687 2588 1726 2624 (fl.
1744 2589 1789 2624 Γ).

1123 2630 1139 2657 3
1155 2630 1249 2657 Adhuc
1265 2631 1403 2658 continuat
1418 2631 1538 2659 clausula
1561 2641 1620 2659 ‘non
1641 2633 1828 2667 obstantibus-

1089 2674 1191 2701 scilicet
1209 2677 1260 2703 aut
1276 2683 1332 2702 uon
1346 2675 1473 2704 obstante
1488 2677 1513 2703 si
1528 2678 1565 2711 (a.
1583 2677 1618 2711 T.)
1799 2670 1803 2673 ⁷

1706 267 1771 301 475
1816 275 1865 301 An.
1886 275 1914 302 c.
1930 275 2000 303 1620
