2293 3231
310 281 360 308 Aa.
375 280 402 307 c,
426 278 493 306 1623
539 268 602 302 8¹2

323 342 386 362 muer
399 341 492 361 innttvan·
554 329 568 368 ,ξ
591 326 620 358 si.

308 368 436 414 ἱιᾷιιζῗῖἶΙΜ
465 368 493 388 ‘⁴'
509 378 684 411 ordinarios
709 382 738 409 et
762 376 932 418 delegatos,
957 374 1050 407 etiam
1080 384 1246 406 causarum

508 431 613 474 palatii
631 429 792 473 apostolici
810 428 979 467 auditores
1000 426 1130 460 iudicari
1148 432 1177 459 et
1197 426 1248 458 de-

508 483 590 516 finiri
607 482 732 522 debere,
750 492 784 513 ae
807 480 930 513 irritum
948 485 977 513 et
995 479 1097 519 inane,
1115 479 1139 511 si
1157 489 1247 512 secus

508 546 600 579 super
618 536 665 567 his
683 546 699 566 a
716 544 893 578 quoquam,
919 533 1028 577 quavis
1051 533 1247 573 auctoritate,

507 589 641 621 scienter
666 589 712 621 vel
738 588 930 631 ignoranter,
958 586 1126 629 contigerit
1142 590 1245 620 atten-

508 643 575 676 tari.

552 696 566 739 ξ
583 696 612 729 5.
631 696 697 729 Non
711 694 905 729 obstantibus
918 694 1066 728 omnibus
1082 693 1152 733 illis,
1168 703 1248 737 quae

508 750 608 783 dietus
635 749 807 793 Gregorius
827 749 1052 793 praedeeessor
1074 748 1104 780 in
1129 747 1250 791 praein-

508 804 598 836 sertis
614 803 726 836 litteris
745 803 809 835 suis
830 802 927 835 voluit
943 812 1007 834 non
1020 801 1156 841 obstare,
1172 804 1251 835 cete-

508 858 612 902 risque
629 857 795 891 contrariis
811 856 1071 900 quibuscumque.

551 912 663 944 Datum
689 912 827 951 Romae,
853 910 935 954 apud
960 910 988 943 S.
1011 910 1159 950 Petrum,
1191 908 1250 942 sub

507 964 622 998 annulo
640 964 817 1004 piscatoris,
843 963 893 996 die
909 973 943 996 xi
967 963 1078 1007 aprilis
1095 971 1250 1002 uncxxnt,

507 1018 707 1062 pontificatus
720 1017 820 1051 nostri
829 1027 911 1050 anno
919 1027 963 1050 111.

542 1082 602 1109 Dat.
620 1081 663 1109 die
680 1083 707 1108 tt
727 1081 820 1117 aprilis
837 1080 916 1115 1623,
933 1080 1030 1116 pontif.
1047 1088 1091 1108 an.
1107 1086 1148 1107 ιιι.

345 712 369 733 Et
383 710 492 731 contrat-m

311 742 403 760 tentetis.

831 1197 930 1231 cvttt.

510 1268 720 1312 Confirmatio
733 1268 901 1302 erectionis
914 1268 1095 1301 novitiatus
1107 1268 1252 1311 fratrum

553 1322 822 1366 Conqreqationis
847 1322 1054 1355 Iesztatorum
1078 1321 1108 1354 S.
1133 1321 1252 1354 Hiero-

551 1376 647 1420 nymi
659 1376 697 1408 in
713 1375 807 1408 domo
831 1375 982 1419 regyulari
1001 1374 1048 1409 Ss.
1066 1375 1204 1408 Ioannis
1224 1379 1252 1408 et

552 1429 658 1462 Pauli
674 1429 712 1462 cle
739 1429 820 1462 Urbe
849 1439 869 1461 a
892 1429 990 1462 Petro
1010 1428 1178 1461 cardinali
1197 1428 1254 1462 At-

553 1481 756 1515 dobrandz'no
786 1485 963 1526 protectore
995 1492 1055 1525 pro
1089 1481 1253 1524 reputaris

554 1534 750 1579 disciplinae
760 1536 962 1569 restitutione
975 1539 1003 1569 et
1016 1535 1254 1569 conservatione

553 1588 710 1622 instituti.

719 1660 876 1695 Gregorius
894 1661 974 1696 Papa
987 1661 1044 1695 XV,

631 1706 668 1734 ad
686 1709 862 1740 perpetuam
881 1706 927 1734 rei
946 1706 1127 1734 memoriam,

342 1777 461 1799 Exordium.
557 1768 640 1801 Inter
652 1768 843 1813 multiplices
859 1769 1024 1812 pastoralis
1041 1768 1135 1802 officii
1152 1779 1254 1810 curas,

513 1821 626 1865 quibus
639 1821 762 1855 assidue
774 1821 962 1866 premimur,
975 1822 1028 1855 illa
1043 1832 1101 1855 nos
1116 1832 1193 1866 prae
1210 1832 1257 1855 ee-

515 1874 589 1908 teris
605 1875 740 1908 maxime
758 1875 908 1909 sollicitos
925 1875 1029 1916 habet,
1049 1881 1084 1908 ut
1099 1875 1256 1918 regularis

514 1928 696 1972 disciplinae
716 1929 917 1962 observantia
932 1929 965 1962 in
983 1929 1176 1973 quibuslibet
1191 1941 1258 1964 mo-

514 1982 669 2022 nasteriis,
686 1987 717 2016 et
732 1983 809 2016 loeis
825 1984 1024 2026 regularibus
1041 1989 1256 2026 conservetur,

516 2039 556 2075 et,
576 2034 629 2067 ubi
646 2035 783 2079 collapsa
806 2041 863 2077 est,
881 2036 993 2077 modis,
1011 2042 1164 2080 quantum
1183 2048 1256 2071 cum

516 2087 649 2122 Domino
659 2088 727 2121 fieri
743 2094 855 2133 potest,
865 2090 1048 2124 restituatur
1059 2091 1256 2135 opportunis.

320 2149 504 2197 ”affiiffiffir223
563 2142 577 2184 g
601 2141 630 2174 t.
656 2142 731 2175 Cum
757 2143 872 2186 itaque,
892 2143 972 2178 sicut
995 2144 1187 2188 accepimus,
1204 2144 1259 2178 bo-

320 2203 381 2223 «ιι-ιω
417 2209 503 2227 conm-
518 2204 576 2227 nae
600 2195 771 2229 memoriae
796 2196 905 2229 Petrus
926 2197 1096 2242 episcopus
1112 2198 1260 2231 Sabinen-

321 2230 412 2254 {ationis
434 2230 504 2250 teum-

321 2258 403 2286 iorum,
434 2259 503 2282 111010·
519 2248 560 2281 sis
584 2249 750 2282 cardinalis
773 2249 1026 2283 Aldobrandinus
1049 2257 1258 2295 nuncupatus,

321 2285 373 2302 τιον.
388 2282 503 2302 nonnanis

321 2309 505 2329 munuum-tomo
519 2301 981 2345 CongregationisIesuatorum
995 2304 1052 2337 sub
1066 2305 1176 2348 regula
1192 2315 1260 2338 san-

322 2336 413 2360 regutari
424 2339 504 2355 saurin-

322 2355 560 2409 ffln¹⁰1itf⁸¹e²⁴ri=if⁰fi
584 2356 769 2399 Augustini,
795 2356 870 2390 dum
898 2357 986 2399 vixit,
1018 2358 1101 2402 apud
1125 2369 1205 2400 nos,
1230 2364 1260 2392 et

521 2409 730 2452 Apostolieam
747 2410 858 2443 Sedem
878 2416 1053 2455 protector,
1067 2422 1126 2456 pro
1140 2413 1262 2456 regula-

521 2462 564 2496 ris
580 2463 762 2508 disciplinae
778 2465 810 2498 in
830 2466 990 2509 praedicta
1010 2466 1260 2510 Congregatione

522 2517 717 2552 restitutione
733 2522 763 2552 et
779 2519 1027 2560 conservatione,
1039 2520 1070 2552 in
1083 2519 1178 2554 domo
1193 2531 1260 2554 san-

523 2573 644 2602 ctorum
662 2571 784 2604 loannis
801 2577 831 2605 et
848 2572 934 2605 Pauli
954 2573 992 2605 de
1014 2573 1097 2606 Urbe
1121 2573 1260 2606 eiusdem

523 2621 779 2666 Congregationis
802 2635 902 2659 unum
924 2625 1110 2660 novitiatum
1132 2632 1203 2660 octo
1221 2627 1260 2660 ab
1293 2628 1446 2669 debeant,
1471 2632 1502 2660 et
1526 2626 1557 2659 in
1581 2628 1746 2666 eventum,
1767 2624 1799 2658 in
1823 2635 1917 2669 quem
1946 2624 2036 2669 prior

524 2675 598 2710 hinc
613 2677 701 2712 annis
714 2678 839 2713 circiter
849 2680 907 2714 suh
921 2682 998 2714 cura
1009 2685 1040 2714 et
1051 2680 1207 2725 gubernio
1224 2692 1261 2716 ac
1293 2691 1348 2715 seu
1360 2681 1460 2715 lector
1471 2678 1654 2714 huiusmodi
1670 2678 1789 2723 absque
1805 2677 1947 2712 eiusdem
1962 2677 2035 2722 Hip-

1089 272 1273 298 nutLAnttm
1292 272 1447 297 Romnum

657 325 768 367 sicque
797 332 854 366 per
881 331 1098 365 quoscumque
1128 320 1246 353 iudices
1262 327 1265 342 ¹
1282 320 1436 363 regimine
1453 319 1546 352 unius
1559 319 1816 363 Congregationis
1833 320 2024 355 clericorum

2039 271 2132 301 mc.

1281 372 1478 415 regularium
1501 372 1727 406 Theatinorum
1743 379 1941 417 nuncupatae
1952 385 2024 418 pro-

1281 426 1408 460 fessoris
1443 426 1522 470 erigi
1555 432 1586 459 et
1615 427 1734 461 institui
1764 427 1955 467 obtinuerit;
1987 438 2025 461 ex

1281 480 1439 513 erectione
1464 485 1569 513 autem
1592 483 1622 514 et
1645 479 1840 514 institutione
1857 479 2026 514 novitiatus

1282 533 1463 566 huiusmodi
1487 543 1550 567 non
1567 532 1744 566 mediocres
1767 533 1798 566 in
1823 532 1933 566 eadem
1950 533 2026 567 Con-

1282 587 1466 630 grcgationc
1490 587 1686 620 Iesuatorum
1702 587 1822 621 fructus
1839 598 1912 620 eum
1928 587 2026 620 divini

1283 640 1386 673 cultus
1403 640 1596 674 incremento
1614 640 1804 684 prodierint:

1328 695 1342 738 ἓ
1367 695 1396 728 2.
1423 695 1496 733 Nos.
1514 695 1685 729 inviolabili
1705 694 1873 729 erectionis
1889 700 1920 728 et
1942 695 2027 730 insti·
2057 734 2061 738 ,
2142 735 2147 738 -
2184 735 2190 740 .
2211 720 2214 725 ,

1284 748 1412 781 tutionis
1443 748 1611 782 novitiatus
1648 748 1828 782 huiusmodi
1865 735 2213 792 firmitati,3¹f?32ss02¹¹.f.²¹ss

1283 801 1439 845 simulque
1463 811 1618 846 prospero
1635 806 1665 834 et
1681 801 1764 835 seliei
1788 801 1930 835 eiusdem
1949 802 2026 836 Con—
2039 788 2198 862 {iii-iffissssir
2219 796 2229 836 ⁷3

1283 856 1478 899 gregationis
1501 856 1738 889 Iesuatorurum
1754 856 1858 897 statui,
1875 861 2027 900 quantum
2042 843 2146 889 3322'0‘35*
2162 841 2200 863 '⁰⁸'
2221 849 2231 865 '³

1283 911 1374 944 nobis
1399 921 1436 944 ex
1460 911 1522 944 alto
1555 910 1757 951 conceditur,
1789 910 1955 943 consulere
1978 920 2029 944 vo-

1284 964 1393 1005 lentes,
1410 969 1499 997 motu
1516 964 1658 1008 proprio,
1675 973 1738 997 non
1761 962 1801 996 ad
1822 963 1955 997 alieuius
1974 973 2030 998 no-

1284 1018 1332 1051 bis
1348 1029 1445 1062 super
1458 1018 1519 1052 hoc
1531 1018 1654 1051 oblatae
1666 1017 1825 1062 petitionis
1837 1017 2029 1058 instantiam,

1285 1072 1340 1105 scd
1364 1076 1400 1105 ex
1427 1073 1514 1105 certa
1538 1071 1670 1105 seientia
1694 1081 1730 1105 ac
1759 1073 1883 1104 matura
1907 1071 2030 1105 delibe-

1285 1125 1407 1159 ratione
1422 1125 1550 1165 nostris,
1567 1125 1670 1170 deque
1685 1125 1875 1169 apostolicae
1896 1130 2032 1169 potesta-

1286 1179 1325 1212 tis
1337 1179 1542 1223 plenitudine‚
1554 1179 1747 1212 erectionem
1761 1184 1792 1212 et
1801 1178 2030 1213 institutionem

1285 1233 1454 1266 novitiatus
1478 1232 1659 1266 huiusmodi
1684 1238 1793 1266 tenore
1813 1232 2030 1276 praesentium

1285 1286 1500 1330 approbamus
1524 1291 1554 1319 ct
1578 1286 1814 1326 confirmamus,
1838 1285 1963 1329 illisque
1986 1285 2032 1318 in-

1286 1340 1441 1374 violabilis
1458 1340 1648 1384 apostolicae
1665 1339 1824 1373 firmitatis
1841 1339 1941 1372 robur
1957 1338 2032 1372 adii-

1287 1394 1456 1436 cimus,'jac
1481 1403 1590 1427 omnes
1622 1397 1652 1427 ct
1681 1393 1840 1436 singulos,
1865 1398 1928 1426 tam
1953 1392 2032 1426 iuris

1287 1458 1382 1492 quam
1406 1447 1488 1489 sacti,
1514 1453 1545 1481 et
1568 1448 1696 1491 quosvis
1716 1447 1794 1481 alios
1819 1447 1913 1481 etiam
1937 1456 2032 1492 quan-

1287 1501 1402 1534 tumvis
1433 1501 1654 1534 substantiales
1678 1501 1828 1542 desectus,
1854 1501 1878 1534 si
1900 1500 1956 1545 qui
1977 1500 2031 1533 de-

1287 1565 1384 1599 super
1413 1554 1652 1599 quomodolibet
1680 1554 1924 1595 intervenerint,
1950 1565 2029 1598 sup-

1287 1608 1420 1651 plemus.
1446 1608 1483 1641 Et
1505 1607 1711 1641 nihilominus
1734 1607 1921 1641 novitiatum
1944 1617 2032 1652 prae-

1288 1661 1406 1696 dictum
1430 1661 1464 1694 in
1487 1661 1570 1695 dieta
1589 1661 1684 1695 domo
1708 1661 1859 1705 regulari,
1883 1660 1979 1695 modo
2001 1665 2032 1694 et

1288 1715 1390 1749 forma
1414 1715 1529 1759 quibus
1554 1718 1678 1749 erectus
1710 1719 1741 1748 et
1772 1714 1933 1749 institutus
1956 1714 2031 1757 tuit,

1288 1769 1463 1813 apostoliea
1486 1769 1673 1802 auctoritate
1704 1768 1889 1802 earumdem
1921 1773 2032 1802 tenore

1288 1823 1514 1867 praesentium,
1536 1827 1691 1867 quatenus
1715 1833 1794 1867 opus
1819 1822 1868 1864 sit,
1887 1821 1927 1856 de
1948 1832 2031 1856 novo

1289 1877 1443 1920 erigimus
1458 1880 1488 1911 ct
1504 1876 1705 1911 instituimus.

1334 1932 1349 1976 g
1373 1930 1402 1965 3.
1428 1931 1582 1975 Insuper,
1608 1929 1692 1974 quod
1716 1930 1748 1963 in
1771 1929 1861 1964 novis
1885 1929 2033 1965 domibus
2046 1934 2235 1985 eenass‘ffiffl‘iff

1290 1984 1490 2028 regularibus
1506 1983 1648 2017 eiusdem
1661 1982 1921 2027 Congregationis
1933 1983 2034 2017 Iesua-
2047 1990 2148 2011 cultatem
2175 1989 2232 2012 cire·

1289 2044 1407 2079 torum,
1424 2037 1464 2071 ad
1480 2048 1558 2082 quas
1577 2037 1795 2081 infrascriptos
1811 2037 1946 2070 novitios
1961 2047 2033 2082 pro·
2046 2018 2184 2065 'c'ss‘r'gguissffi
2195 2016 2236 2064 ἐἶ’

1290 2093 1389 2126 fessos
1412 2091 1494 2125 mitti
1517 2090 1703 2134 eontigerit,
1723 2090 1812 2135 prior
1844 2090 1909 2124 sive
1932 2091 2032 2125 lector
2047 2072 2140 2092 'mm'

1291 2145 1477 2180 eorumdem
1491 2144 1684 2179 novitiorum
1697 2144 1914 2188 professorum
1927 2143 2034 2178 huius-

1292 2198 1399 2239 modi,
1423 2198 1487 2232 sive
1515 2197 1569 2231 alii
1601 2197 1742 2230 eiusdem
1775 2196 2034 2240 Congregationis

1291 2254 1488 2298 professores
1502 2280 1510 2294 ‚
1533 2252 1653 2296 absque
1676 2261 1825 2296 expresso
1848 2251 1954 2284 dilecti
1977 2250 2035 2284 filii

1291 2306 1391 2341 nostri
1414 2305 1575 2350 Hippolyti
1599 2305 1628 2338 S.
1645 2305 1760 2338 Mariae
1784 2306 1888 2339 Novae
1911 2303 2036 2338 diaconi

1293 2359 1460 2394 cardinalis
1475 2358 1703 2392 Aldobrandini
1723 2357 1896 2402 nuncupati
1913 2356 2038 2390 moder-

1292 2415 1323 2447 ni
1340 2419 1370 2447 et
1386 2425 1445 2458 pro
1464 2417 1608 2457 tempore
1625 2412 1785 2446 existentis
1805 2411 1945 2445 eiusdem
1961 2410 2037 2444 Con-

1293 2467 1486 2511 gregationis
1497 2466 1692 2499 lesuatorum
1710 2464 1792 2509 apud
1808 2474 1865 2498 nos
1878 2469 1908 2497 et
1923 2463 2037 2497 Sedem

1292 2520 1438 2554 eamdem
1462 2519 1660 2564 protectoris,
1678 2517 1826 2552 constitui
1851 2517 1916 2550 sive
1940 2517 2036 2561 depu-

1292 2575 1362 2617 tari,
1387 2577 1442 2608 aut
1460 2572 1600 2606 amoveri
1627 2571 1806 2604 nullatenus
1833 2571 1956 2615 possint
1979 2581 2036 2605 seu
