2293 3231
276 292 326 319 An.
347 290 462 318 &¹622
508 279 571 315 708

477 340 595 372 eleuter
618 337 773 381 expressis
798 341 827 368 et
858 334 897 367 ad
927 333 1058 366 verbum
1091 332 1216 365 insertis

478 392 647 430 liabviitss,
674 389 733 422 illis
758 388 833 420 alias
865 387 896 419 in
926 397 982 420 suo
1007 385 1122 419 robore
1146 395 1218 429 per-

477 444 644 483 inausui·i5‚
663 444 719 475 liae
738 442 803 474 vice
820 440 984 474 dumtaxat
1000 439 1177 483 specialiter
1190 443 1219 471 et

477 508 622 541 exprmsv
641 497 841 538 derogamus,
859 493 1035 537 ceterisque
1053 491 1220 526 contrariis

478 551 737 595 quibuscumque.

282 653 327 668 ‘⁰¹¹¹
343 646 402 665 ⁰⁴²³*
480 655 701 698 transumptis,
727 655 819 687 ctiam
846 654 1025 697 impressis,
1050 662 1145 685 manu
1169 651 1223 684 ali-

479 710 568 742 cuius
586 708 697 741 notarii
716 707 833 751 publici
850 706 1046 750 subscriptis,
1064 711 1095 738 et
1119 705 1222 748 sigillo

480 763 610 795 alicuius
625 772 777 806 poi-sonae
795 761 825 794 in
843 761 994 804 dignitate
1011 759 1223 793 ecclesiastica
1238 762 1241 772 '

481 817 665 850 constitutae
691 815 829 855 munitis,
853 815 962 847 eadem
987 824 1118 858 prorsus
1146 812 1223 846 sides

481 871 667 902 adhibeatur
692 870 722 901 in
749 869 864 902 iudicio
881 874 911 902 ct
927 873 1015 902 extra
1039 867 1126 907 illud,
1143 877 1223 911 quae

481 923 699 967 praesentibus
719 922 934 963 adhiberetur,
959 921 984 954 si
1009 922 1112 955 forent
1136 919 1223 954 exhi-

482 977 566 1009 bitae
591 977 638 1009 vel
664 982 816 1016 ostensae3
1212 1012 1219 1020 N

527 1031 542 1074 ξ,
568 1031 595 1063 7.
627 1030 779 1073 Quodque
810 1028 938 1063 eaedem
969 1033 1150 1073 praesentes
1174 1027 1224 1060 lit-

483 1090 578 1124 tcrae,
595 1095 650 1117 seu
675 1084 799 1117 illarum
826 1083 978 1127 exempla,
996 1082 1034 1115 ad
1051 1082 1154 1115 valvas
1173 1081 1226 1114 ba-

483 1139 641 1171 silicarum
669 1138 766 1170 sancti
793 1137 917 1170 loannis
940 1135 1169 1175 Lateranensis,
1189 1144 1225 1168 ac

483 1192 636 1236 Principis
661 1192 877 1235 apostolorum
898 1191 935 1224 de
954 1189 1047 1230 Urbe,
1066 1195 1095 1222 et
1112 1189 1142 1221 in
1159 1189 1224 1222 acie

483 1247 584 1290 campi
611 1247 721 1279 Florae
735 1246 855 1285 affixae,
877 1255 987 1278 omnes
1004 1244 1046 1276 ita
1063 1248 1183 1276 arctent
1197 1248 1226 1275 et

483 1301 629 1340 alliciant,
654 1310 689 1332 ac
714 1300 739 1332 si
764 1298 935 1342 unicuique
958 1297 1167 1341 personaliter
1183 1295 1227 1328 in-

483 1354 610 1386 timatae
635 1353 776 1386 fuissent.

527 1407 639 1440 Datum
654 1407 781 1446 Itoniae,
796 1405 878 1449 apud
889 1405 918 1439 S.
927 1405 1055 1437 Mariam
1066 1404 1225 1444 Maiorem,

301 1045 467 1067 Public-itionem

284 1073 303 1092 in
321 1072 376 1093 [flu-
397 1078 466 1091 sut-nv<

283 1100 348 1125 ligare
364 1099 466 1120 decernit.

483 1461 541 1494 sub
558 1462 674 1493 annulo
693 1460 867 1499 Piscatoris‚
888 1459 938 1491 die
955 1469 978 1492 11
997 1458 1063 1492 iulii
1082 1467 1225 1498 uncxxu,
1243 1457 1244 1462 ’

483 1514 684 1559 pontificatus
708 1514 806 1547 nostri
831 1523 912 1546 anno
929 1523 961 1546 11.

521 1569 582 1596 Dat.
603 1569 646 1596 die
666 1568 682 1595 Ξ
702 1568 759 1595 iulii
778 1567 857 1597 1622,
873 1567 964 1602 pontif.
982 1574 1025 1593 an.
1041 1572 1071 1593 ιι.

809 1692 908 1727 LXVI.

490 1767 608 1802 Contra
634 1766 807 1800 haereticos
832 1766 869 1798 in
895 1765 971 1799 locis
996 1764 1116 1798 Italiac
1133 1767 1162 1797 et
1177 1763 1229 1796 in-

531 1821 681 1854 sularum
695 1819 917 1853 adiacenlimn
930 1819 1043 1863 quovis
1058 1822 1229 1862 praetextu

532 1878 774 1914 commorantes,
798 1883 972 1917 eorumque
995 1872 1147 1915 fautores.

691 1946 848 1979 Gregorius
870 1945 948 1978 Papa
968 1943 1024 1976 XV,

614 1991 650 2018 ad
669 1994 842 2025 perpetuam
861 1990 906 2016 rei
926 1988 1106 2016 memoriam.

319 2061 440 2083 Exordium.
534 2053 666 2086 Romani
692 2051 850 2085 Pontiticis
874 2051 958 2084 beati
975 2051 1057 2084 Petri
1078 2050 1232 2094 apostolo-

491 2118 560 2140 rum
587 2106 740 2149 Principis
765 2104 955 2138 sut-cessoris
980 2114 1094 2137 munus
1119 2104 1230 2147 exigit,

491 2166 525 2193 ut
549 2171 606 2203 pro
632 2159 831 2192 incumbente
855 2157 1004 2191 dominici
1029 2156 1136 2200 gregis
1155 2159 1231 2190 cura

490 2220 520 2246 et
544 2213 769 2251 sollicitudine,
795 2212 1076 2256 praedecessorum
1101 2221 1249 2244 suorum

491 2268 737 2306 constitutiones,
755 2276 806 2299 cas
825 2265 1023 2309 pracsertim,
1040 2275 1120 2308 quae
1136 2265 1175 2298 ad
1189 2275 1233 2297 sa-

492 2325 673 2354 crosanctae
691 2319 762 2352 l'idei
777 2319 949 2352 catholicae
961 2318 1232 2352 conservationem

492 2374 660 2418 pertinent,
685 2384 747 2417 quo
773 2383 864 2405 suum
889 2377 1079 2416 perpetuum
1105 2372 1234 2405 sortian-

493 2432 542 2459 tur
563 2427 707 2459 ctl'cctum
732 2430 762 2459 et
779 2425 1000 2459 inviolabiliter
1016 2425 1233 2465 observentur,

494 2480 619 2512 innovet
640 2485 667 2512 et
686 2479 842 2520 extendat,
860 2484 965 2523 prout,
986 2489 1094 2511 rerum
1110 2484 1140 2510 et
1159 2482 1235 2511 tcm-

495 2544 609 2576 porum
638 2534 839 2577 qualitatibus
871 2533 975 2566 debite
1006 2532 1234 2576 compensatis,

497 2588 644 2630 conspicit
673 2588 701 2619 in
728 2587 860 2620 Domino
885 2586 1053 2620 salubriter
1077 2585 1233 2630 expedire.

299 2644 483 2694 ediffifnffiffil
542 2642 557 2683 g
586 2641 609 2673 l.
641 2641 723 2674 Alias
748 2641 902 2684 siquidem
926 2651 944 2673 a
969 2640 1067 2673 felicis
1091 2639 1237 2673 recorda-

298 2702 377 2721 ²¹0nem
400 2706 482 2725 cmv,
498 2694 591 2728 tionis
610 2695 767 2728 Clemente
787 2695 851 2728 t'ttl
868 2693 1111 2738 praedecessore
1126 2698 1236 2727 nostro

1055 284 1235 309 BULLARIUM
1259 283 1414 307 Romnum

523 607 537 645 ς’
561 606 590 635 ti.
627 603 775 634 l'olumus
798 606 922 642 autem,
949 605 980 633 ut
1005 598 1238 643 praesentium¹

2003 279 2054 308 An.
2074 279 2103 308 C.
2120 277 2189 307 tm

1251 334 1439 364 emanarunt
1461 329 1582 364 litterae
1606 329 1725 362 tenoris
1750 328 1991 373 subsequentis,

1234 416 1236 434 ζ
1253 384 1406 418 videlicet:
1421 384 1504 420 Cum
1519 384 1604 417 sicut
1622 393 1690 416 non
1703 383 1785 424 sine,
1801 388 1859 417 etc.
1879 383 1994 428 (Omit-

1236 439 1336 474 {titur
1360 437 1530 471 residuum
1553 438 1635 482 quia
1666 437 1762 471 habes
1784 437 1823 470 in
1853 441 1928 471 lom.
1955 448 1994 478 x,

1236 482 1237 522 Ῐ
1251 503 1328 536 paq.
1356 491 1455 535 279).

1299 546 1314 589 ἓ
1331 545 1360 578 2.
1379 546 1442 579 Nos
1459 544 1631 578 inviolabili
1655 544 1811 577 dictarum
1827 543 2016 586 Clementis,
2036 552 2197 584 nineronupn

1255 598 1430 632 litterarum
1449 603 1477 632 et
1495 598 1526 631 in
1543 598 1588 631 eis
1612 602 1832 632 contentorum
1849 606 1998 641 quorum·
2010 581 2197 637 ἷξῖἷῗειρεῖῗὲἇῗ

1256 663 1391 696 cumque
1415 652 1645 693 observationi,
1669 656 1820 696 quantum
1845 650 1936 684 nobis
1960 661 1997 684 ex
2012 640 2064 656 '‘³¹''

1238 730 1239 751 3
1256 706 1318 739 alto
1335 705 1529 745 conceditur,
1550 705 1744 749 peramplius
1764 703 1932 749 providere
1948 714 2000 737 vo-

1256 759 1366 800 lentes,
1384 765 1471 793 motu
1488 759 1619 803 proprio
1643 763 1674 791 et
1697 768 1735 791 ex
1759 760 1845 791 certa
1869 757 1999 791 scientia

1257 824 1293 846 ac
1324 815 1447 846 matura
1478 812 1704 846 deliberatione
1735 811 1875 852 nostris,
1899 810 2001 855 deque

1240 889 1241 902 i
1257 866 1448 911 apostolicae
1463 866 1626 910 potestatis
1642 864 1848 910 plenitudine,
1864 864 2002 898 Clemen-

1258 920 1297 953 tis
1321 919 1575 964 praedecessoris
1599 919 1729 959 litteras,
1754 928 1826 952 cum
1854 916 2001 951 omnibus

1259 978 1289 1008 et
1313 973 1445 1017 singulis
1469 973 1501 1006 in
1523 973 1568 1007 eis
1592 972 1757 1013 contentis,
1782 975 1891 1006 tenore
1912 981 2002 1016 prae-

1259 1027 1394 1061 sentium
1410 1054 1417 1067 ,
1442 1027 1658 1071 approbamus
1689 1031 1720 1059 et
1752 1025 2000 1067 confirmamus,

1259 1081 1391 1125 illasque
1415 1080 1614 1121 innovamus,
1639 1090 1675 1114 ac
1698 1079 1921 1114 inviolabiliter
1941 1078 2001 1113 'oh-

1240 1128 1378 1168 lservari
1402 1135 1598 1168 mandamus.

1304 1189 1319 1233 ἓ
1343 1187 1372 1222 3.
1398 1189 1531 1233 Insuper
1553 1198 1593 1221 ne
1617 1187 1701 1221 ullus
1718 1187 1896 1221 haereticus
1911 1186 1943 1220 in
1958 1186 2002 1221 lo·
2076 1195 2104 1218 sst
2124 1195 2200 1228 ,tenna-2
2222 1207 2223 1210 η

1259 1242 1304 1275 cis
1328 1242 1434 1275 Italiae
1458 1248 1489 1275 et
1512 1242 1688 1275 insularum
1713 1240 1934 1282 adiacentium,
1951 1250 2002 1274 ne·
2015 1223 2090 1272 ffoffi‘ii’a
2107 1223 2218 1272 uffffif'

1260 1306 1320 1340 que
1343 1296 1436 1330 etiam
1461 1296 1519 1329 sub
1551 1294 1756 1335 commercii,
1781 1293 2000 1336 mercimonii,
2015 1282 2060 1299 ‘⁵⁰⁸'

1260 1356 1314 1383 aut
1329 1350 1390 1384 alio
1404 1350 1515 1393 quovis
1531 1355 1706 1394 praetextu,
1723 1348 1918 1382 domicilium
1931 1358 2003 1382 con-

1243 1431 1245 1444 ἲ
1261 1404 1396 1442 trahere,
1421 1414 1475 1436 seu
1492 1403 1621 1436 domum
1639 1408 1780 1446 apertam
1798 1401 1915 1435 habere
1931 1411 2003 1445 pro-

1261 1457 1361 1501 priam
1376 1457 1423 1490 vel
1435 1457 1623 1490 conductam
1637 1459 1689 1490 aut
1701 1455 1799 1499 gratis
1810 1465 2003 1497 concessam,

1261 1520 1317 1543 seu
1334 1509 1468 1543 habitari
1486 1515 1539 1543 aut
1555 1510 1673 1543 morari
1691 1508 1799 1553 possit,
1819 1508 2004 1543 earumdem

1261 1569 1371 1598 tenore
1394 1564 1620 1608 praesentium,
1645 1563 1863 1608 prohibemus,
1883 1573 1919 1597 ac
1941 1573 2005 1597 res-

1261 1618 1382 1663 pective
1403 1619 1569 1652 statuimus
1593 1624 1623 1651 et
1646 1617 1840 1651 ordinamus.

1307 1673 1322 1717 ἓ
1345 1672 1375 1705 4.
1401 1672 1515 1707 Contra
1539 1671 1744 1716 prohibitioni
1768 1677 1872 1705 autem
1892 1680 1929 1704 ac
1945 1675 2004 1704 sta-
2028 1677 2204 1710 ‚eonuavoniqn‘

1263 1731 1329 1760 tuto
1346 1732 1377 1759 et
1397 1726 1588 1760 ordinationi
1607 1725 1724 1759 nostris
1738 1724 1921 1759 huiusmodi
1940 1734 2005 1759 non
2018 1706 2203 1760 mats-poenum-

1262 1786 1408 1825 parentes
1425 1790 1479 1814 seu
1496 1779 1778 1820 contravenientes,
1795 1778 1934 1813 cuiusvis
1947 1783 2006 1813 sta-

1263 1839 1328 1875 tus,
1359 1834 1494 1877 gradus,
1525 1833 1645 1867 ordinis
1676 1836 1707 1867 et
1736 1832 1917 1876 dignitatis,
1941 1837 2005 1866 tam

1264 1888 1494 1921 ecclesiasticae
1519 1897 1613 1932 quam
1634 1886 1794 1927 secularis,
1818 1886 2004 1928 existentes,

1264 1941 1348 1974 iuxta
1379 1942 1512 1975 sormam
1544 1941 1622 1974 iuris
1646 1939 1855 1985 procedatur,
1880 1945 1912 1974 et
1940 1951 2003 1985 pu·

1263 1995 1398 2029 niantur.

1309 2049 1324 2093 ἓ
1348 2048 1377 2082 5.
1403 2048 1440 2082 Εῑ
1456 2048 1550 2082 simili
1568 2048 1662 2082 modo
1679 2058 1743 2089 eos,
1760 2048 1814 2092 qui
1829 2047 2007 2082 haereticos
2021 2052 2208 2103 mss'ffii'ffiaffil

1266 2103 1444 2147 praedictos
1471 2102 1716 2146 receptaverint,
1745 2102 1852 2146 eisque
1878 2111 2006 2147 quoquo
2022 2105 2207 2156 pefspunitiin-

1267 2156 1371 2197 modo,
1396 2161 1506 2190 contra
1529 2156 1741 2200 praesentium
1758 2155 1937 2189 litterarum
1961 2160 2007 2189 te·
2037 2140 2066 2157 θ’

1266 2220 1387 2251 norem,
1401 2209 1552 2250 favorem,
1569 2220 1663 2254 opem
1679 2219 1735 2242 seu
1751 2208 1902 2242 auxilium
1919 2218 2008 2253 prae-

1267 2264 1402 2304 buerint,
1427 2263 1473 2297 uti
1493 2264 1632 2296 fautores
1655 2268 1686 2296 et
1708 2267 1922 2307 receptatores
1937 2261 2008 2296 hae-

1267 2318 1438 2352 reticorum
1462 2317 1584 2361 puniri3

1311 2371 1326 2414 g
1349 2371 1379 2405 6.
1411 2370 1525 2414 Sicque
1552 2379 1610 2414 per
1640 2378 1856 2413 quoscumque
1886 2366 2007 2401 iudices
2021 2363 2208 2421 alffgr‘itamffigffl

1267 2423 1445 2457 ordinarios
1474 2428 1505 2456 et
1533 2422 1710 2466 delegatos,
1734 2421 1828 2456 etiam
1857 2420 1886 2454 S.
1912 2420 1946 2455 R.
1972 2420 2005 2454 Ε.
2021 2425 2116 2448 mandat-

1267 2476 1457 2517 cardinales,
1481 2481 1512 2509 et
1535 2475 1573 2509 de
1597 2476 1695 2509 latere
1721 2475 1842 2518 legatos
1873 2474 2008 2518 (sublata

1268 2531 1323 2572 eis,
1347 2536 1377 2563 et
1396 2540 1507 2564 eorum
1524 2529 1662 2569 cuilibet,
1684 2528 1794 2572 quavis
1817 2527 1908 2561 aliter
1931 2527 2009 2561 iudi-

1268 2584 1358 2618 candi
1380 2589 1410 2617 et
1434 2581 1660 2627 interpretandi
1683 2581 1829 2615 facultate
1853 2586 1884 2615 et
1907 2585 2010 2616 aucto—

1269 2638 1373 2682 ritate)
1397 2637 1515 2681 ubique
1540 2635 1670 2669 iudicari
1688 2639 1718 2668 et
1734 2634 1860 2668 definiri
1880 2635 2008 2677 debere,

1269 2702 1305 2726 ac
1329 2692 1455 2726 irritum
1479 2695 1510 2725 et
1533 2691 1634 2732 inane,
1658 2689 1685 2723 si
1709 2699 1799 2724 secus
1815 2699 1910 2735 super
1926 2688 1976 2724 his
1991 2698 2010 2723 a
