2293 3231
297 297 346 321 Λιι.
364 296 394 321 e.
415 295 481 322 10¹2
533 286 592 321 168

315 516 438 538 Mandatum
449 522 481 537 :ir-

297 544 443 570 clnepiscopo.
456 549 481 564 ue

297 571 355 591 edita
365 573 443 590 statuta
453 572 481 591 iu-

359 603 380 617 u-
409 598 481 617 unser·

312 1194 425 1223 Dei-osane
434 1198 482 1215 con-

297 1223 417 1242 trariomm.

497 344 592 377 ctioni
618 344 848 388 archiepiscopi
873 343 1124 386 Salisburgensis
1148 353 1239 387 prae-

498 397 666 437 iudicialia,
680 404 707 430 ct
729 397 788 429 alia
806 398 910 429 t'orsan
929 396 1119 429 continentia
1137 406 1240 428 sacro-

498 462 567 484 rum
586 461 740 484 canonum
754 450 1014 494 dispositionibus
1028 449 1194 483 contraria.

541 507 556 547 g*
582 504 609 537 2.
637 503 756 537 idcirco
781 514 838 536 nos
863 514 920 546 pro
938 502 1105 546 pastoralis
1129 502 1238 535 ossicii¹

498 557 596 589 nostri
615 556 721 589 debito
735 566 751 588 a
766 562 794 588 tc
804 555 887 588 serio
901 555 1105 599 requirimus,
1120 556 1239 599 tibique

496 610 527 642 in
546 610 659 642 virtute
677 614 801 641 sanctae
819 609 1025 650 obedientiae,
1039 613 1067 643 et
1085 609 1144 642 sub
1163 609 1240 642 indi-

496 662 653 704 gnationis
677 667 802 695 nostrae
827 662 960 706 aliisque
984 661 1108 694 arbitrii
1140 661 1238 695 nostri

495 714 616 758 poenis,
627 714 766 747 districte
781 715 994 758 praecipimus
1003 721 1031 747 et
1042 715 1239 755 mandamus,

496 778 535 801 ne
567 773 704 808 statuta,
729 769 953 802 conventiones
985 779 1039 801 seu
1071 774 1160 812 pacta
1188 773 1239 803 aut

497 821 633 865 capitula
666 822 846 855 huiusmodi
878 822 907 855 in
939 822 1045 866 aliquo
1069 822 1240 862 observes,

496 927 534 960 ad
552 927 680 961 illorum
698 940 752 962 scu
772 929 904 962 alieuius
920 940 1030 962 eorum
1056 929 1241 972 exequutio-

498 991 569 1014 nem
596 982 761 1025 procedas,
785 988 835 1015 ant
862 982 990 1026 procedi
1015 982 1119 1022 facias,
1141 981 1241 1014 donec

497 1045 515 1066 a
539 1034 642 1075 nobis,
668 1035 743 1078 quid
769 1046 864 1079 super
889 1035 950 1068 illis
975 1035 1174 1068 statuendum
1191 1035 1240 1075 sit,

498 1090 623 1120 matura
653 1088 790 1133 desuper
821 1089 1051 1122 consultatione
1082 1088 1240 1129 adbibita,

498 1141 555 1174 tibi
572 1142 759 1175 nominatim
777 1142 1018 1176 iniunxerimus.

543 1195 558 1238 ἓ
574 1194 604 1229 3.
622 1196 691 1229 Non
707 1196 904 1230 obstantibus
919 1196 1111 1240 praemissis,
1129 1201 1159 1229 ct
1173 1195 1242 1228 aliis

499 1248 664 1292 quibusvis
690 1248 812 1282 statutis
834 1254 863 1282 et
888 1248 1171 1283 consuetudinibus
1195 1247 1241 1281 di-

499 1308 566 1335 ctae
583 1303 732 1336 ecclesiae
749 1303 856 1346 (ctiam
871 1303 1059 1343 iuramento,
1073 1302 1241 1336 confirma-

499 1356 584 1390 tione
607 1356 791 1400 apostolica,
808 1356 857 1389 vel
881 1356 991 1400 quavis
1008 1355 1155 1388 firmitate
1180 1354 1241 1387 alia

498 1410 689 1454 roboratis),
714 1409 888 1454 privilegiis
913 1420 1050 1454 quoque,
1067 1409 1195 1442 indultis
1212 1414 1242 1442 et

498 1464 610 1497 litteris
633 1464 815 1508 apostolicis
845 1463 1022 1504 concessis,
1048 1463 1242 1497 confirmatis

499 1522 529 1550 et
553 1517 755 1562 approbatis,
778 1527 836 1551 nec
864 1528 927 1550 non
948 1517 1041 1550 etiam
1065 1516 1241 1549 iuramento

498 1582 557 1616 pro
589 1571 746 1605 dictorum
779 1576 969 1605 statutortun
997 1571 1241 1604 conventionum

499 1636 554 1658 seu
579 1630 743 1669 pactorum
773 1630 827 1658 aut
858 1624 1069 1669 capitulorum
1097 1624 1243 1658 observa-

500 1678 584 1711 tione
609 1690 626 1711 a
650 1683 680 1711 te
704 1678 869 1722 praestito,
894 1678 978 1722 quod
1003 1677 1042 1711 ad
1066 1678 1150 1711 hune
1167 1678 1241 1711 effe-

499 1737 584 1766 ctum
615 1733 728 1765 harum
758 1733 840 1766 serie
872 1732 1105 1776 suspendimus‘,
1130 1736 1160 1765 et
1183 1743 1241 1776 pro

499 1796 653 1830 suspenso
677 1786 787 1819 haberi
808 1787 954 1820 volumus
979 1791 1006 1819 et
1033 1785 1240 1826 declaramus,

499 1839 675 1884 ceterisque
693 1840 859 1873 contrariis
874 1840 1136 1885 quibuscumque.

542 1893 655 1926 Datum
680 1894 798 1927 Romae
826 1894 909 1938 apud
933 1898 1076 1927 sanctum
1101 1893 1240 1933 Petrum,

500 1946 557 1979 sub
565 1947 681 1980 annulo
690 1947 869 1987 Piscatoris,
879 1947 929 1980 die
937 1957 989 1981 xiv
1001 1947 1110 1992 aprilis
1120 1957 1239 1988 Mncxn,

499 2000 699 2044 pontificatus
716 2000 815 2034 nostri
833 2011 915 2034 anno
933 2011 986 2034 vn.

534 2062 593 2090 nat.
615 2062 658 2090 die
679 2063 710 2090 14
730 2063 824 2098 aprilis
847 2063 926 2098 1612,
947 2063 1043 2099 pontif.
1060 2071 1105 2091 an.
1122 2071 1170 2091 vn.

818 2189 912 2222 CClll.

500 2261 723 2296 committitur
740 2261 860 2294 nuncio
885 2260 1071 2304 apostolico,
1091 2264 1128 2293 ut
1148 2260 1239 2293 iura-

541 2318 688 2347 mentum
703 2324 722 2347 a
734 2313 878 2357 capitulo
892 2312 1136 2356 Salisburqensz'
1143 2323 1239 2356 prae-

540 2368 655 2400 stitum
676 2378 736 2412 pro
756 2367 975 2400 observatione
996 2365 1239 2410 praedictorum.

541 2424 740 2454 statutorum
757 2420 881 2453 relascel
891 2419 910 2452 ³.

498 2500 613 2529 Dilecto
630 2501 692 2528 filio
712 2500 856 2535 magistro
871 2500 1000 2528 Antonio
1015 2500 1098 2534 Diaz,
1114 2499 1145 2527 in
1155 2498 1239 2527 utra-

534 2552 590 2580 que
606 2544 761 2580 signatura
780 2544 887 2572 nostra
901 2545 1117 2578 referendario,
1139 2548 1239 2572 nostro

535 2617 544 2642 1
569 2615 641 2642 Edit.
662 2615 744 2642 Main.
765 2615 832 2651 legit
850 2616 942 2651 officio
961 2616 1000 2651 (a.
1016 2618 1055 2648 Τ.)

533 2661 550 2688 2
570 2660 688 2687 Erronee
707 2660 807 2688 ibidem
828 2661 924 2696 legitur
943 2661 1050 2695 deferes
1069 2661 1167 2695 (n.·r.).

534 2705 550 2733 3
569 2704 607 2733 Ex
623 2705 730 2740 Regest.
747 2705 774 2733 in
789 2705 890 2733 Secret.
908 2705 987 2734 Brev.

1082 295 1259 320 nt‘LLAnu'M
1285 295 1438 320 ROMANUM

579 874 585 880 ἢ
948 875 953 880 1
983 875 988 880 .
1256 859 1258 870 Ι
1275 823 1362 866 gensi
1378 828 1545 867 praeesset,
1559 823 1715 867 quaedam
1730 828 1843 856 statuta
1856 834 1873 856 a
1886 833 2018 867 praepo·

495 884 553 908 nee
578 885 662 908 iures
683 875 862 915 observare,
882 876 928 908 vel
947 875 1007 908 illis
1025 874 1173 915 deseras&
1189 881 1239 908 aut
1257 878 1258 886 ¹

2027 295 2078 322 An.
2097 295 2126 323 C.
2144 295 2211 325 ¹6¹8

1308 346 1339 372 et
1358 343 1546 378 spostolicae
1566 344 1651 372 sedis
1672 346 1708 372 ad
1728 344 1854 373 dilectos
1874 344 1966 372 etiam
1981 344 2015 372 fl-

1307 388 1364 416 lios
1386 389 1601 422 praepositum,
1623 389 1777 423 decanum,
1799 389 1966 423 capitulum
1986 391 2017 416 et.

1309 433 1467 460 canonicos
1479 433 1625 460 ecclesiae
1637 433 1876 468 Salisburgensis
1892 435 2003 462 nuncio

2246 517 2273 562 ἃ
2251 479 2265 507 ’ἢ
2267 462 2270 467 .
2255 439 2273 451 ·.

1513 495 1624 523 Paulus
1645 495 1724 529 Papa
1743 497 1775 523 V.

1339 557 1455 586 Dilecto
1476 557 1529 590 fili,
1553 558 1683 585 salutem
1703 560 1735 585 et
1754 558 1950 592 apostoticam

1521 602 1770 630 benedictionem.

1318 668 1333 708 ξ
1363 664 1386 697 l.
1412 665 1500 702 Cum,
1518 664 1595 697 sieut
1621 665 1810 708 accepimus,
1827 664 1903 698 dum
1929 675 2017 699 vene·
2071 677 2156 707 statuta
2175 682 2215 708 ρῳ
2261 685 2270 698 η

1275 718 1384 751 rabilis
1416 718 1513 751 srater
1543 718 1729 760 Wolsangus
1760 718 2016 762 archiepiscopus
2031 703 2215 755 igf’ff'i‘ia‘i'aniss

1274 781 1376 815 nuper
1400 770 1649 814 Salisburgensis
1677 770 1828 803 eeclesiae
1859 758 2214 804 Salisbui·-²¹¹¹¹¹¹’‘³⁶⁸⁸'⁸”²

1275 876 1344 916 sito,
1362 876 1481 909 decano
1497 882 1524 909 et
1542 877 1679 920 capitulo
1700 882 1730 909 et
1747 876 1906 910 canonicis
1922 876 2019 910 eccle-

1275 928 1338 961 siae
1363 928 1612 971 Salisburgensis
1636 934 1792 973 perpetuo
1823 928 2019 962 observanda

1275 981 1359 1014 edita
1375 982 1502 1022 fuerint,
1521 987 1549 1015 et
1567 982 1671 1015 dilecti
1689 982 1781 1015 etiam
1799 982 1856 1015 filii
1874 982 2018 1016 moderni

1275 1035 1487 1079 praepositus,
1512 1035 1659 1075 decanus,
1685 1035 1859 1080 capitulum
1877 1040 1905 1068 et
1927 1045 2020 1069 cano-

1275 1088 1337 1122 nici
1361 1089 1462 1122 dictae
1486 1089 1636 1123 eeclesiae
1657 1090 1708 1122 illa
1732 1093 1761 1124 et
1779 1093 1863 1123 certa
1881 1089 1941 1122 alia
1958 1095 2018 1122 sta-

1275 1147 1350 1183 tuta,
1365 1143 1598 1184 conventiones,
1612 1154 1667 1177 seu
1683 1149 1784 1188 pacta,
1801 1149 1853 1176 aut
1870 1142 2016 1187 capitula,

1275 1205 1331 1239 per
1356 1206 1408 1229 eos
1435 1206 1547 1240 nuper,
1576 1197 1648 1230 sede
1676 1195 1939 1240 archiepiscopali
1962 1196 2016 1230 Sa-

1275 1249 1466 1292 lisburgensi
1491 1256 1630 1291 vacante,
1654 1256 1682 1284 et
1708 1256 1875 1294 antequam
1899 1250 1938 1282 ad
1954 1249 2018 1283 ele-

1275 1302 1411 1335 ctionem
1437 1303 1533 1336 suturi
1562 1303 1792 1348 archiepiscopi
1816 1302 2017 1343 devenirent,

1275 1355 1364 1396 saeta,
1389 1356 1558 1389 observare
1582 1356 1776 1397 iuraverint,
1805 1357 1882 1388 liaee
1911 1360 2017 1388 autem

1275 1410 1380 1443 onmia
1404 1420 1421 1443 a
1445 1410 1524 1443 Sede
1548 1410 1728 1454 ,apostolica
1753 1409 1881 1442 minime
1906 1412 2037 1453 appro—'

1276 1465 1349 1498 bata
1372 1464 1504 1504 suerint;
1530 1469 1570 1504 et,
1595 1464 1676 1497 sicut
1700 1463 1794 1496 etiam
1819 1462 2016 1507 accepimus,

1275 1519 1307 1551 in
1332 1518 1377 1551 eis
1400 1517 1552 1551 nonnulla
1583 1517 1680 1550 saeris
1709 1516 1882 1550 canonibus
1912 1515 2016 1550 minus

1275 1572 1450 1606 conformia
1466 1572 1703 1605 contineantur:

1320 1626 1388 1669 §⁹2
1410 1626 1473 1659 Nos
1504 1636 1562 1670 pro
1593 1631 1701 1658 nostro
1730 1624 1896 1669 pastoralis
1920 1623 2015 1658 officii
2056 1631 2214 1681 ommi-iim&

1275 1680 1380 1714 debito
1412 1680 1468 1713 tibi
1501 1690 1558 1724 per
1581 1684 1763 1724 praesentes
1787 1675 2016 1712 committimus
2030 1664 2073 1686 ‘¹¹¹³
2089 1665 2110 1681 ω
2161 1664 2179 1680 ‘¹

1275 1740 1305 1767 et
1329 1733 1524 1774 mandamus,
1543 1739 1576 1766 ut
1599 1742 1817 1777 quaecumque
1841 1731 2017 1765 iuramenta

1275 1798 1332 1832 per
1356 1787 1456 1821 dictos
1473 1787 1700 1831 praepositum,
1717 1786 1882 1826 decanum,
1899 1785 2018 1829 capitu-

1275 1842 1340 1874 lum
1358 1847 1385 1875 ct
1412 1840 1581 1874 canonicos
1598 1840 1629 1873 in
1646 1839 1828 1884 praemissis
1844 1838 2017 1883 quomodo-

1274 1895 1351 1928 libet
1376 1894 1535 1939 praestita,
1560 1899 1714 1938 quatenus
1731 1904 1812 1937 opus
1835 1893 1885 1934 sit,
1905 1896 2014 1926 aucto-

1274 1947 1365 1981 ritate
1389 1946 1562 1992 apostolica
1579 1946 1709 1987 relaxes,
1726 1956 1842 1990 eosque
1860 1951 1890 1979 et
1905 1956 2016 1989 quem-

1273 2001 1348 2034 libet
1367 2012 1478 2035 eorum
1489 2001 1528 2034 ad
1545 2006 1744 2041 statutorum,
1759 1999 2014 2040 conventionum,

1272 2057 1437 2096 pactorum
1453 2056 1482 2086 et
1493 2052 1704 2096 capitulorum
1715 2050 1896 2084 huiusmodi
1909 2050 2016 2084 obser-

1274 2105 1428 2138 vationem
1453 2104 1581 2137 minime
1607 2104 1704 2137 teneri
1729 2103 1812 2137 dieta
1829 2103 2015 2138 auctoritate

1273 2158 1423 2192 declares.

1317 2212 1332 2255 ξ
1354 2212 1384 2245 3.
1409 2212 1478 2246 Non
1506 2211 1707 2245 obstantibus
1736 2210 2014 2245 constitutionibus
2029 2217 2212 2266 ΙΓΙΞιξξιι-ιιῗιιῐξινιιοιι·

1272 2270 1301 2300 et
1318 2265 1570 2299 ordinationibus
1585 2264 1776 2309 apostolicis,
1793 2274 1828 2297 ac
1845 2263 2015 2308 praedictis
2143 2259 2150 2266 ⁶

1272 2325 1301 2353 et
1318 2320 1387 2353 aliis
1404 2320 1659 2364 quibuscumque
1673 2319 1774 2352 (lictae
1789 2317 1939 2351 ecclesiae
1955 2322 2016 2350 sta-

1272 2374 1356 2414 tutis,
1370 2374 1464 2407 etiam
1482 2373 1668 2413 iuramento,
1685 2371 1925 2405 confirmatione
1937 2380 2014 2415 apo-

1273 2426 1393 2467 stoliea,
1416 2426 1463 2460 vel
1479 2425 1589 2470 quavis
1605 2425 1753 2458 firmitate
1768 2424 1828 2457 alia
1846 2423 2015 2464 roboratis,

1274 2480 1448 2525 privilegiis
1480 2489 1606 2523 quoque
1624 2506 1631 2519 ,
1664 2478 1811 2516 indultis,
1842 2482 1873 2510 et
1902 2476 2016 2510 litteris

1273 2533 1465 2577 apostolicis,
1481 2532 1583 2566 eidem
1596 2532 1757 2571 eeclesiae,
1768 2531 1913 2574 illiusque
1927 2539 2016 2574 prae-

1274 2587 1343 2627 suli,
1362 2586 1509 2631 capitulo,
1527 2585 1695 2625 canonicis,
1712 2590 1742 2617 et
1757 2583 1921 2628 quibusvis
1945 2582 2014 2617 aliis

1275 2640 1428 2684 perseum,
1445 2639 1504 2672 sub
1527 2637 1779 2682 quibuscumque
1803 2635 1968 2670 tenoribus
1983 2641 2015 2669 et

1273 2693 1394 2734 formis,
1412 2702 1448 2726 ae
1471 2702 1542 2725 cum
1567 2691 1731 2737 quibusvis
1755 2689 1902 2724 clausulis
1917 2693 1947 2723 et
1963 2688 2014 2723 de-

2246 1374 2252 1379 ·
2241 1062 2275 1345 m-ssffl
2239 638 2278 1054 mwfflwaeg
2240 576 2270 629 ’,ε-Γ

2235 1572 2271 1682 {m

2237 1684 2268 1707 ἵ

2224 2537 2259 2679 ῆὸλκυ)
2228 2449 2258 2532 ἰεῦ-ι
2224 2357 2264 2443 ,ας-ζα
2228 1945 2267 2347 &summata-mnas*

2227 2770 2244 2807 ω
2226 2679 2256 2759 μ55.-
