2293 3231
286 311 471 340 An.c.1622

316 1172 406 1193 net-rm
423 1177 473 1192 con-

288 1200 331 1220 cilii
361 1199 474 1220 Viennensi

289 1225 400 1247 sen-anda.

518 302 583 338 714
1061 310 1243 335 arcannm

485 361 524 393 ad
549 360 679 393 verbum
697 359 735 391 de
756 359 876 392 indulto
900 357 1081 391 huiusmodi
1099 358 1246 404 mentio-3

485 424 581 452 nem;
613 419 642 446 et
673 412 865 456 quibuslibet
893 411 961 444 aliis
993 410 1168 455 privilegiis
1199 417 1229 444 et

485 466 748 510 exemptionibus,
762 467 854 499 etiam
866 465 897 498 in
911 475 1045 509 corpore
1059 465 1136 498 iuris
1149 465 1231 498 clau-

486 520 544 559 sis,
570 530 604 551 ac
627 518 736 551 litteris
761 518 952 562 apostolicis,
977 512 1248 562 quibuscumque'

485 571 690 615 dignitatibus
715 581 770 604 seu
793 571 969 612 ordinibus,
984 571 1162 616 specialiter
1182 571 1230 604 vel

486 623 720 667 generaliter¹,
752 624 810 657 sub
835 635 1034 668 quacumque
1059 624 1230 657 verborum

487 679 587 710 fornia
606 677 772 721 expressis,
787 677 910 710 etiamsi
936 683 1023 711 motu
1039 677 1182 721 proprio,
1196 687 1231 710 ac
1246 683 1249 717 t,

487 731 525 763 de
550 731 742 775 apostolicae
767 731 930 774 potestatis
961 730 1177 775 plenitudine,
1203 735 1233 763 et

487 784 756 824 consistorialiter,
767 794 802 817 ac
819 784 914 817 etiam
931 783 962 816 in
976 783 1039 816 vim
1053 788 1233 817 contractus
1248 797 1249 802 ¹

487 838 710 878 emanaverint,
727 837 849 871 etiamsi
860 848 918 882 pro
929 837 1056 871 illorum
1066 837 1232 870 sufficienti
1248 850 1251 879 2

487 891 693 935 derogatione
720 891 758 924 de.
780 891 841 924 illis
867 901 1041 935 eorumque
1058 891 1130 925 totis
1149 882 1251 927 leno-l

487 946 576 979 ribus
600 946 639 978 ad
664 945 797 978 verbum
829 944 973 978 habenda
1005 949 1086 978 esset
1116 944 1233 978 mentio

488 999 644 1043 specialis,
665 1009 746 1043 quae
765 999 810 1032 eis
826 999 930 1043 quoad
954 998 1126 1043 praemissa
1143 999 1233 1032 nolu-

489 1064 558 1086 mus
583 1053 614 1086 in
639 1053 745 1097 aliquo
769 1052 946 1096 suffragari.

534 1111 548 1151 3·
573 1106 602 1139 ti.
628 1107 780 1140 Volumus
803 1113 909 1140 autem
929 1106 1025 1150 quod,
1048 1106 1134 1139 iuxta
1153 1106 1235 1140 ordi-

490 1161 649 1194 nationem
675 1160 706 1193 in
727 1159 861 1193 concilio
882 1159 1049 1193 Viennensi
1062 1169 1158 1204 super
1174 1159 1235 1192 hoc

489 1214 605 1247 editam
620 1242 627 1254 ,
656 1214 789 1254 calices,
814 1213 889 1246 libri
913 1218 943 1246 et
967 1213 1026 1246 alia
1051 1205 1253 1246 ornamenta³

490 1268 706 1308 ecclesiarum,
716 1267 994 1307 monasteriorum,
1006 1266 1234 1300 beneficiorum
1250 1258 1253 1266 ¹

490 1328 518 1355 et
545 1322 680 1355 aliorum
705 1321 832 1365 piorum
850 1321 994 1354 locorum
1015 1320 1121 1353 divino
1139 1320 1235 1353 cultui
1251 1336 1253 1360 ,κ

491 1376 643 1415 dedicata,
662 1386 699 1408 ex
720 1377 814 1408 causa
837 1375 980 1418 pignoris
1003 1374 1052 1407 vel
1072 1374 1132 1407 alia
1150 1385 1253 1407 occa-i

491 1431 578 1463 sione
610 1429 774 1462 solutionis
806 1429 1001 1462 decimarum
1031 1429 1234 1469 huiusmodi,

492 1484 670 1517 nullatenus
695 1483 870 1526 capiantur,
891 1482 1107 1515 distrahantur
1125 1483 1171 1515 vel
1187 1493 1237 1516 oc—

492 1541 657 1581 cupentur:
670 1537 817 1580 quodque
828 1536 1040 1580 praesentium
1058 1536 1235 1570 litterarum

492 1591 696 1634 transumptis
721 1596 774 1623 tuo
800 1590 848 1623 vel
872 1590 1001 1622 alterius
1029 1590 1160 1633 praelati
1185 1602 1236 1623 ec-

493 1644 656 1677 clesiastici
682 1643 785 1687 sigillo
817 1648 845 1676 et
879 1642 997 1687 publici
1023 1644 1136 1677 notarii
1163 1644 1236 1677 sub-

492 1697 663 1741 scriptione
687 1697 838 1737 munitis‚
869 1697 977 1730 eadem
1003 1707 1134 1741 prorsus
1158 1697 1237 1731 sides

492 1751 678 1783 adhibeatur
703 1751 734 1783 in
760 1750 874 1784 iudicio
899 1756 929 1783 et
950 1756 1048 1791 extra,
1065 1752 1237 1795 quaeipsis

492 1804 698 1847 originalibus
723 1804 836 1837 litteris
858 1804 1073 1845 adhiberetur,
1092 1805 1118 1837 si
1135 1806 1235 1838 forent

493 1857 650 1890 exhibitae
675 1857 723 1890 vel
748 1863 902 1890 ostensae.

536 1911 647 1945 Datum
673 1912 811 1952 Romae,
836 1912 918 1956 apud
944 1917 1083 1945 sanctam
1108 1912 1254 1945 Mariami

493 1966 665 2006 Maiorem,
693 1966 750 1999 sub
775 1966 891 1999 annulo
920 1966 1088 2000 Piscatoris
1103 1993 1110 2007 ‚
1142 1966 1191 1999 die
1215 1976 1237 2000 11

494 2019 561 2051 iulii
586 2029 728 2059 unexxn,
753 2019 954 2062 pontificatus
974 2019 1074 2053 nostri
1098 2030 1180 2053 anno
1204 2029 1235 2053 11.

530 2085 591 2113 Dat.
608 2086 651 2114 die
666 2086 683 2113 2
698 2086 756 2114 iulii
779 2087 856 2120 1622,
878 2087 973 2122 pontif.
991 2096 1035 2115 ani
1052 2094 1080 2115 ιι.

802 2247 929 2281 [ΧΥΙΙΙ.

499 2337 652 2381 Episcopo
676 2337 844 2371 Adurensi
865 2338 1082 2371 conmittitur
1096 2339 1240 2381 reqimen

543 2391 815 2423 monasteriorum
832 2391 1029 2423 monialium
1043 2392 1242 2434 Reformato-

543 2454 618 2475 rum
640 2443 776 2477 Ordinis
800 2445 906 2477 sancti
930 2444 1099 2478 Benedicti
1112 2445 1145 2477 in
1163 2444 1242 2478 Gal-

546 2495 610 2528 liae
643 2507 763 2537 rayno,
797 2498 834 2530 in
866 2497 972 2530 Iocum
1007 2498 1244 2542 archiepiscopi

1250 1163 1302 1195 ‚ut
1326 1159 1511 1192 earumdem
1535 1160 1721 1193 monialium
1745 1160 1894 1203 regimini
1914 1164 1945 1194 et
1967 1160 2015 1193 di-

1252 1482 1361 1516 ¹nobis
1385 1493 1481 1526 super
1505 1483 1566 1516 hoc
1597 1483 1760 1517 humiliter
1790 1484 1946 1528 porrectis
1970 1485 2018 1518 in-

545 2549 736 2583 Senone‘nsis
747 2550 766 2582 ².

540 2673 550 2698 1
570 2671 633 2698 Heio
649 2672 733 2700 subde
749 2681 840 2700 vocem
857 2674 993 2701 concessis
1010 2674 1036 2708 (R
1053 2674 1101 2708 ·r.).

537 2716 553 2743 2
574 2716 610 2742 Ex
631 2718 736 2753 Regest.
757 2720 784 2745 in
804 2719 907 2746 Secret.
929 2718 1006 2746 Brev-

1267 310 1423 335 Romnum

1467 358 1626 393 Gregorius
1646 358 1726 393 Papa
1743 359 1802 394 XV,

1387 403 1425 430 ad
1443 407 1620 437 perpetuam
1635 402 1680 430 rei
1698 403 1879 433 memoriam.

2018 310 2075 339 An.
2090 310 2122 340 C.
2139 307 2207 340 1019

1308 464 1323 508 ξ
1348 463 1378 497 1.
1403 464 1488 497 Alias
1511 474 1529 498 a
1553 464 1645 498 nobis
1669 469 1858 498 emanarunt
1886 465 2010 500 litterae
2059 473 2209 502 Refertrm-

1263 518 1383 551 tenoris
1407 518 1640 562 subsequentis,
1658 518 1812 552 videlicet:
1835 518 2010 562 Greqorius
2024 501 2210 557 ffiffiffiquffl

1265 570 1361 616 Papa
1378 571 1408 604 X
1417 571 1450 611 V,
1467 571 1510 604 ad
1528 575 1722 615 perpetuam
1740 572 1790 605 rei
1807 572 2009 606 memoriam.
2024 554 2212 611 igssuuffinu'igss

1308 623 1363 657 Ad
1388 623 1568 657 militantis
1591 624 1769 665 Ecclesiae,
1797 630 1855 658 etc.
1865 623 1884 658 ¹.
2024 612 2211 657 {ii’ssffiserffim

1310 677 1325 721 g
1345 677 1375 710 ⁶2.
1392 677 1469 711 Cum
1487 683 1604 718 autem,
1623 677 1703 711 sicut
1719 677 1822 712 dictus
1834 678 2012 712 Ludovicus
2043 713 2056 734 d
2083 686 2212 714 Episcopum

1265 741 1321 769 rex
1345 730 1437 764 nobis
1454 741 1556 775 nuper
1572 731 1687 775 exponi
1711 731 1794 772 fecit,
1811 731 1914 765 dictus
1927 731 2014 766 Ioan-
2025 714 2165 771 ῗῐιῖἷὶῗῗῖἷῗο
2173 719 2212 762 ἓῖἶ

1266 794 1322 817 nes
1347 784 1605 828 archiepiscopus
1628 794 1692 818 non
1716 785 1759 817 ita
1777 784 1913 829 pridem,
1933 785 2014 819 sicut
2027 773 2117 821 ἓῖἷωῃ
2137 767 2212 789 ‘um'

1267 837 1401 871 Domino
1425 838 1560 882 placuit,
1585 838 1625 870 ab
1649 838 1797 872 humanis
1821 838 2012 880 decesserit;

1268 891 1423 924 Henricus
1448 901 1523 924 vero
1547 891 1718 925 cardinalis
1741 891 1922 935 praedictus
1953 903 2014 937 pu-

1267 945 1358 978 blicis
1375 944 1518 978 eiusdem
1537 945 1629 989 regni
1645 945 1798 989 negociis,
1821 955 1945 979 necnon
1962 956 2015 979 su-

1267 997 1432 1042 periores³
1445 999 1677 1032 monachorum
1695 999 1943 1032 reformatorum
1961 999 2016 1034 hu-

1268 1051 1404 1085 iusmodi
1429 1052 1626 1095 gravissimis
1654 1052 1856 1086 subditorum
1883 1063 2015 1087 suorum

1268 1105 1409 1148 negociis
1433 1106 1476 1138 ita
1499 1106 1644 1150 occupati
1668 1106 1842 1150 respective
1870 1106 2015 1148 existant,

1269 1213 1413 1253 rectioni,
1422 1218 1519 1257 prout
1528 1224 1607 1258 opus
1616 1213 1707 1255 foret,
1718 1224 1830 1247 vacare
1842 1219 2014 1259 nequeant:

1270 1266 1388 1300 idcirco
1413 1277 1470 1300 nos
1485 1294 1492 1307 ‚
1517 1278 1576 1311 pro
1600 1267 1701 1301 nostri
1725 1268 1893 1312 pastoralis
1920 1268 2015 1302 officii

1269 1320 1375 1354 debito
1386 1321 1417 1353 in
1428 1321 1620 1365 praemissis,
1630 1327 1782 1365 quantum
1793 1332 1865 1355 cum
1881 1322 2015 1356 Domino

1270 1385 1449 1418 possumus,
1474 1381 1652 1419 opportune
1674 1376 1841 1419 providere
1866 1377 2016 1419 volentes,

1270 1429 1554 1472 supplicationibus
1579 1429 1719 1462 eiusdem
1752 1429 1901 1464 Ludovici
1932 1431 2018 1475 regis

1270 1533 1386 1573 clinati,
1411 1534 1623 1567 venerabitem
1647 1534 1778 1569 fratrem
1799 1535 2018 1570 Sebastianum

1271 1588 1454 1632 episcopum
1479 1588 1676 1621 Adurensem
1697 1589 1728 1622 in
1745 1589 1850 1622 locum
1863 1589 2018 1634 praedicti

1271 1641 1502 1685 archiepiscopi
1513 1641 1712 1682 Senonensis,
1725 1642 1757 1674 in
1768 1647 1798 1675 et
1811 1642 1916 1686 quoad
1928 1653 2018 1687 prae-

1271 1695 1376 1736 missa,
1390 1695 1564 1739 apostolica
1581 1696 1778 1736 auctoritate,
1796 1701 1905 1730 tenore
1923 1707 2016 1741 prae—

1271 1749 1406 1782 sentium
1417 1776 1424 1789 ,
1441 1748 1661 1782 substituimus
1677 1754 1708 1782 et
1727 1749 1949 1792 subrogamus.

1315 1802 1330 1845 g
1354 1801 1384 1835 3.
1410 1801 1562 1846 Quodque
1586 1802 1699 1835 deinde
1723 1803 1886 1846 perpetuis
1902 1803 2017 1837 suturis
2058 1810 2133 1858 ’ἐμοῦ
2143 1816 2169 1859 ‘i
2180 1811 2217 1833 de·

1272 1855 1468 1899 temporibus
1482 1882 1489 1895 ,
1519 1865 1583 1888 uno
1618 1865 1654 1888 ex
1691 1855 1793 1888 trihus
1824 1856 2018 1900 praedictis⁸
2045 1843 2219 1894 ssn20¹311um2⁰ui23

1271 1909 1419 1949 obeunte,
1434 1908 1547 1951 reliqui
1561 1908 1635 1948 duo,
1649 1914 1702 1941 aut
1714 1919 1797 1941 unus
1809 1919 1846 1942 ex
1857 1909 1913 1949 eis,
1923 1909 2016 1943 aliam
2031 1893 2172 1940 ἷῗῗὲἶοῗωῖῗι
2187 1897 2218 1940 ιιῖῗ
2256 1915 2257 1918 ’

1271 1971 1437 2005 personam
1459 1961 1703 1994 ecclesiasticam
1728 1962 1852 2006 pietate,
1873 1961 2018 1996 doctrina
2032 1946 2074 1971 μὶ
2246 1958 2249 1963 '

1271 2018 1301 2048 et
1310 2015 1389 2047 vitae
1400 2015 1609 2048 sanctimonia
1618 2020 1832 2058 praestantem
1842 2015 2018 2058 nominare,

1272 2067 1437 2111 dictaeque
1462 2073 1526 2101 tres
1550 2078 1705 2112 personae
1729 2068 1774 2101 sic
1798 2079 1856 2113 pro
1872 2074 2018 2113 tempore

1272 2122 1451 2156 nominatae
1464 2122 1659 2156 visitatorem
1674 2123 1940 2157 monasteriorum
1953 2134 2021 2157 mo-

1272 2176 1402 2209 nialium
1420 2176 1601 2210 huiusmodi
1617 2177 1746 2220 eligere,
1771 2187 1807 2210 ac
1824 2177 1890 2221 ipsa
1907 2187 2018 2211 mona-

1272 2229 1376 2269 steria,
1401 2229 1592 2274 illorumque
1616 2229 1790 2263 abbatissas
1813 2234 1843 2264 et
1866 2230 2018 2264 moniales

1273 2293 1330 2326 pro
1348 2287 1494 2326 tempore
1511 2283 1695 2323 existentes,
1721 2293 1895 2327 eorumque
1912 2283 2018 2317 omnia

1275 2335 1357 2368 bona
1382 2335 1512 2369 mobilia
1536 2340 1566 2368 et
1590 2335 1774 2376 immobilia,
1791 2335 2018 2379 cuiuscumque

1276 2389 1411 2432 generis,
1437 2389 1563 2432 speciei,
1588 2389 1713 2430 valoris,
1738 2393 1878 2430 naturae,
1897 2389 2020 2432 quanti-

1312 2496 1323 2522 1
1346 2494 1501 2522 Omittimus
1522 2497 1626 2522 textum
1646 2494 1706 2521 heic
1726 2493 1856 2521 inutiliter
1875 2495 2020 2530 repetitum

1276 2540 1303 2566 in
1332 2539 1397 2566 edit.
1423 2539 1503 2566 lllain.
1515 2559 1523 2573 ‚
1547 2539 1611 2575 quia
1638 2539 1713 2565 illurn
1742 2537 1794 2565 iam
1824 2537 1909 2565 habes
1937 2547 2020 2575 supra

1276 2592 1337 2620 pag.
1355 2584 1405 2610 507
1423 2583 1502 2610 huius
1519 2582 1661 2610 voluminis
1676 2588 1717 2616 tn.
1733 2583 1793 2615 τ.).

1311 2631 1327 2655 2
1345 2628 1488 2663 Perperam
1499 2628 1543 2654 ed.
1556 2627 1638 2654 Main.
1652 2627 1715 2662 legit
1728 2627 1911 2662 superiorum
1922 2631 1960 2655 (n.
1970 2627 2018 2661 T.).

1313 2675 1322 2700 1
1338 2672 1440 2707 Nempe
1453 2681 1485 2700 ex
1497 2672 1582 2699 tribus
1592 2679 1674 2707 supra
1684 2671 1846 2707 designatis,
1860 2680 1920 2708 pag.
1935 2672 1987 2700 508
2001 2672 2017 2700 b

1275 2720 1316 2753 (n.
1334 2722 1382 2751 τ.).
