2293 3231
303 290 349 316 An.
370 289 397 314 r„
425 288 489 316 1012
525 280 601 313 ’104

501 342 665 370 teneantur
691 336 770 369 infra
797 335 934 368 triduum
960 333 1088 377 exequi,
1113 333 1159 365 vel
1189 332 1240 365 illa

500 390 643 434 partibus
659 389 835 434 petentibus
849 387 1030 423 restitucre;
1049 392 1076 419 et
1091 396 1164 419 casu
1179 396 1241 430 quo

503 442 647 475 mandata
671 442 774 485 aliqua
801 441 875 484 ipsis
892 439 1074 482 consignata
1099 438 1243 483 perdide-

503 496 575 533 rint,
592 495 630 527 ad
655 500 799 538 sumptus
824 493 1056 537 duplicatorum
1081 492 1243 525 extrahen-

503 548 616 581 dorum
642 547 740 579 teneri
765 546 974 579 decernimus.

547 599 560 631 1
575 599 597 631 Ι.
626 598 658 631 Et
685 599 809 630 ostensa
826 596 1073 641 exequutoribus
1090 597 1176 629 carta
1192 595 1243 629 do-

503 651 566 691 tali,
579 660 644 684 non
663 654 832 694 φανείην,
851 650 897 683 vel
919 650 1104 683 inhibitione
1129 649 1243 692 aliqua,

502 704 578 737 nihil
595 703 719 747 exigant
739 703 903 743 mercedis,
920 713 1022 746 neque
1046 702 1159 735 saciant
1177 712 1244 735 exe-

502 757 685 802 quutionem
711 756 867 800 aliquam,
892 761 921 789 et
945 756 970 789 si
995 766 1089 800 quam
1114 755 1243 788 fecerint

503 809 600 853 gratis
625 808 799 842 restituant.

547 862 598 896 19..
623 861 752 902 Quando
784 867 888 895 autem
925 865 1099 905 exequutor
1133 859 1245 893 asserit

503 915 639 959 aliquam
655 914 897 958 exequutionem
911 923 973 946 non
991 913 1101 946 secisse
1119 923 1156 946 eo
1172 912 1245 956 quia

503 968 563 1002 sibi
587 967 761 1001 exhibitum
785 967 876 1000 suerit
902 976 968 1000 non
998 970 1170 1010 yravetur,
1197 965 1245 998 vel

504 1026 591 1055 fflrta
614 1021 737 1061 dotalis,
755 1021 802 1054 vel
820 1020 976 1060 inhibitio,
992 1019 1103 1052 debeat
1119 1028 1246 1051 sumere

505 1075 572 1109 eius
597 1075 730 1120 copiam,
748 1075 774 1107 si
790 1073 896 1107 brevis
919 1078 976 1115 est,
994 1073 1041 1106 vel
1066 1072 1176 1105 saltem
1196 1081 1247 1104 an-

505 1135 615 1163 notare
646 1129 749 1169 diem,
773 1127 932 1161 notarium
957 1132 987 1160 et
1010 1126 1147 1160 iudicem
1161 1152 1169 1166 ‚
1193 1125 1246 1169 qui

506 1182 688 1217 huiusmodi
712 1181 949 1222 inhibitionem,
973 1185 1027 1213 aut
1050 1189 1116 1213 non
1139 1188 1248 1223 gyrave-

508 1242 573 1279 lur,
599 1242 654 1270 aut
677 1241 795 1270 cartam
820 1235 957 1269 dotalem
978 1234 1152 1273 eoncessit;
1172 1233 1248 1266 alias

507 1296 681 1335 exequutor
705 1290 816 1323 iudicis
845 1289 977 1323 arbitrio
1001 1289 1158 1333 puniatur.

552 1351 603 1385 113.
614 1351 767 1385 Restituat
776 1349 907 1395 quilibet
919 1353 1148 1392 exequutorum
1162 1355 1249 1390 prae-

508 1407 665 1441 dictorum
690 1404 927 1449 exequutiones,
945 1402 1008 1435 sive
1031 1401 1114 1435 bona
1134 1400 1165 1433 in
1182 1409 1249 1432 exe-

508 1460 659 1506 quutione
683 1464 783 1503 capta,
801 1457 908 1502 gratiS,
925 1455 1185 1501 quotiescumque
1206 1453 1249 1486 iu-

509 1515 567 1549 dex
592 1514 622 1547 id
647 1512 850 1547 mandaverit.

554 1568 606 1602 1-1.
632 1568 753 1609 Porro,
779 1565 900 1600 traditis
936 1564 995 1597 sibi
1027 1562 1182 1597 mandatis
1211 1561 1249 1594 de

510 1622 732 1666 consignandis
762 1619 949 1665 pignoribus
980 1619 1012 1651 in
1041 1616 1249 1661 exequutione

510 1677 630 1722 captis,
655 1686 717 1709 non
752 1673 873 1719 possint
904 1676 1115 1716 exequutores
1139 1680 1249 1703 eorum

510 1729 781 1773 consignationem
817 1727 926 1770 vigore
961 1724 1098 1758 cuiusvis
1123 1722 1252 1767 impedi-

510 1782 641 1816 dimenti
666 1779 915 1826 supervenientis
938 1777 1100 1822 effugere,
1126 1776 1174 1808 vel
1198 1775 1253 1808 dis-

510 1838 603 1878 serre,
620 1836 675 1870 sed
691 1839 856 1869 teneantur
873 1831 1002 1866 omnino
1019 1831 1101 1864 dicta
1117 1830 1252 1874 pignora

510 1891 706 1935 consignare.

555 1945 607 1979 ⁴15.
632 1945 777 1978 Ceterum
801 1942 906 1975 nullus
923 1945 1107 1984 exequutor,
1124 1943 1178 1972 aut
1192 1938 1253 1971 bir-

512 1999 648 2039 ruarius,
665 1997 764 2043 possit
788 1995 934 2029 mandata
958 1994 1060 2028 civilia
1084 1991 1195 2038 exequi
1213 1992 1254 2025 al-

513 2051 612 2085 terius
635 2049 810 2091 tribunalis,
835 2059 930 2093 quam
954 2047 1021 2081 eius
1042 2047 1074 2080 in
1097 2056 1161 2090 quo
1181 2049 1250 2078 sunt

514 2106 573 2151 ipsi
598 2109 816 2149 exequutores,
845 2101 983 2147 exeeptis
1006 2099 1252 2145 exequutoribus

513 2165 566 2193 aut
589 2158 755 2192 birruariis
773 2155 994 2201 gubernatoris
1013 2154 1116 2195 Urbis,
1134 2152 1252 2193 vicarii,

514 2212 666 2246 auditoris
679 2221 834 2251 camerae,
848 2208 1012 2249 senatoris,
1026 2212 1057 2240 et
1072 2206 1178 2250 Burgi,
1194 2216 1252 2250 pro

513 2266 628 2311 quihus
651 2265 798 2299 omnibus
822 2267 986 2296 teneantur
1007 2271 1118 2295 eorum
1143 2260 1254 2293 baron-

515 2321 603 2362 celli,
627 2324 736 2353 contra
760 2328 840 2363 quos
863 2325 1064 2361 quocumque
1087 2325 1161 2347 casu
1184 2324 1254 2358 pro-

515 2373 643 2407 cedatur
667 2371 863 2416 excquutive,
887 2375 918 2403 et
941 2379 1036 2402 manu
1060 2367 1156 2411 regia.

559 2427 610 2460 16.
628 2424 801 2459 Baroncelli
821 2429 926 2457 autem
954 2427 985 2456 et
1007 2421 1103 2456 ceteri
1120 2430 1254 2464 exequu-

516 2486 601 2514 tores
614 2479 707 2514 Urbis
719 2478 840 2524 possint
863 2477 902 2511 ad
919 2475 1160 2521 exequutionem
1185 2485 1255 2518 pro-

516 2534 628 2568 cedere
652 2539 761 2567 contra
790 2531 1022 2566 committentes
1051 2528 1177 2562 fraudes
1192 2555 1199 2568 ,
1224 2533 1254 2561 et

516 2588 630 2627 facere,
647 2592 680 2620 ut
695 2587 792 2626 aiunt,
809 2585 1013 2625 inventiones,
1026 2593 1063 2616 co
1081 2582 1175 2616 modo
1191 2592 1254 2625 quo

517 2639 756 2674 extraordinarii
789 2644 817 2672 et
843 2638 893 2671 alii
930 2637 1037 2671 curiae
1063 2635 1254 2680 Capitolinae

518 2700 548 2729 et
582 2698 839 2728 conservatorum
872 2696 1082 2737 exequutores
1117 2689 1254 2731 faciunt,

1081 285 1258 309 n1'111An11'31
1283 285 1435 309 nummu!

1274 331 1447 365 dummodo
1466 332 1497 365 in
1515 331 1624 365 fraude
1641 332 1854 376 deprehensos
1873 330 1912 363 ad
1929 329 2014 375 ipsos

1275 391 1513 419 conservatores
1539 385 1681 418 deserant
1705 390 1735 417 et
1757 384 1910 417 deducant
1927 410 1934 424 ,
1964 383 2015 416 ha-

1276 439 1432 483 beantque
1456 443 1577 483 partem
1603 448 1776 482 poenarum
1794 436 1952 470 hiusmodi
1973 435 2016 469 in-

1276 492 1468 532 ventionum,
1493 491 1585 525 sicuti
1610 496 1638 524 et
1664 490 1738 524 dicti
1763 488 2014 524 extraordinarii.

1322 545 1371 578 17.
1397 545 1459 578 Nec
1483 544 1638 589 quispiam
1670 553 1780 577 eorum
1804 542 1857 587 qui
1881 553 2017 587 exequu-

1277 599 1394 632 tionem
1420 609 1482 632 non
1509 598 1634 638 fecerit,
1658 597 1716 630 sub
1745 601 1908 641 praetextu
1931 595 2015 640 quod

1277 654 1356 686 sacta
1380 652 1473 685 suerit
1499 651 1669 695 exequutio
1700 650 1740 684 ab
1763 660 1800 684 eo
1823 654 2016 693 exequutore

1277 717 1294 739 a
1318 717 1381 751 quo
1406 705 1475 739 sieri
1499 715 1562 739 non
1593 709 1716 749 poterat
1750 704 1798 737 vel
1831 703 1862 736 in
1891 702 1961 736 loco
1985 702 2016 735 in

1277 771 1340 805 quo
1364 765 1468 793 certus
1485 763 1660 803 exequutor
1683 757 1850 802 deputatus
1872 761 1950 796 erat,
1966 755 2019 788 ali-

1278 812 1351 857 quid
1376 822 1508 857 prorsus
1523 822 1541 844 a
1556 810 1709 856 partibus,
1726 814 1835 843 contra
1857 818 1936 853 quas
1951 817 2019 842 exe-

1278 865 1388 910 quutio
1412 865 1491 898 sacta
1516 864 1631 905 suerit,
1656 863 1714 897 sub
1740 863 1842 908 poena
1865 861 1939 895 surti
1962 871 2018 894 au-

1279 918 1349 951 deat
1373 918 1509 961 exigere.

1324 970 1375 1004 18.
1401 971 1486 1014 Capti
1511 980 1583 1003 eum
1602 968 1749 1002 mandato
1773 967 1812 1000 de
1835 965 2019 1000 deducendo

1279 1023 1318 1057 ad
1342 1023 1551 1068 praesentiam
1571 1032 1635 1056 non
1659 1024 1872 1060 cai-ceremur,
1900 1029 1957 1053 nec
1980 1018 2019 1052 ad

1280 1086 1434 1116 carceres,
1457 1075 1517 1108 nisi
1541 1075 1579 1108 de
1603 1084 1753 1119 expresso
1777 1072 1888 1107 ordine
1908 1070 2020 1105 iudicis

1280 1129 1363 1162 illius
1386 1129 1440 1173 qui
1464 1128 1645 1162 mandatum
1669 1126 1830 1167 relaxavit,
1854 1124 2020 1165 ducantur,

1280 1182 1373 1216 etiam
1397 1182 1482 1226 quod
1502 1181 1599 1226 ipsius
1616 1180 1727 1214 iudicis
1744 1177 1923 1224 praesentia
1938 1187 2021 1211 com-

1281 1237 1373 1271 mode
1397 1237 1514 1270 hahere
1537 1245 1601 1270 non
1625 1235 1732 1279 possit.

1325 1291 1377 1326 219.
1403 1291 1576 1325 Baroncelli
1593 1300 1656 1324 non
1677 1289 1803 1333 exigant
1819 1299 1836 1321 a
1853 1285 2022 1321 carceratis

1281 1349 1449 1394 quiequam
1481 1347 1601 1380 ratione
1629 1353 1838 1389 expensarum
1863 1342 1895 1375 in
1919 1340 2023 1386 explo-

1282 1399 1458 1436 ratoribus⁴
1484 1401 1646 1434 saetarum.

1326 1455 1378 1489 20.
1404 1454 1578 1489 Baroneelli
1596 1452 1693 1487 etalii
1717 1456 1926 1496 exequutores
1949 1460 2024 1496 qua-

1282 1518 1491 1552 rumcumque
1511 1507 1672 1541 curiarum
1688 1503 1945 1539 extraordinariis
1960 1513 2024 1537 ma-

1283 1562 1413 1603 ioribus,
1423 1562 1454 1595 in
1465 1560 1677 1606 spectantibus
1691 1559 1729 1592 ad
1746 1568 1857 1592 eorum
1873 1557 2023 1599 officium,

1283 1617 1411 1651 obedire
1436 1620 1610 1649 teneantur.

1327 1670 1380 1703 ⁶211.
1404 1669 1600 1713 Quicumque
1623 1668 1655 1700 in
1678 1665 1861 1712 praemissis
1891 1675 1927 1698 ac
1955 1664 2024 1698 aliis

1284 1724 1343 1757 sibi
1356 1723 1458 1757 vetitis
1475 1728 1528 1756 aut
1546 1721 1698 1755 ordinatis
1713 1718 1953 1760 contravenerit,
1965 1728 2024 1763 pro

1284 1777 1379 1811 modo
1396 1786 1552 1817 excessus,
1566 1775 1660 1808 etiam
1673 1773 1891 1818 corporalibus
1903 1772 2024 1817 poenis,

1285 1842 1321 1865 ac
1345 1831 1439 1864 etiam
1463 1829 1647 1875 privationis
1663 1828 1768 1869 officii,
1785 1826 1959 1872 superioris
1975 1825 2023 1859 sui

1285 1885 1416 1919 arbitrio
1440 1885 1607 1929 plectatur,
1624 1883 1800 1927 damnaque
1820 1887 1850 1914 et
1873 1881 2025 1914 interesse

1285 1939 1427 1985 partibus
1439 1938 1571 1972 relicere
1585 1942 1725 1980 cogatur,
1738 1946 1797 1980 pro
1813 1934 1928 1979 quibus
1940 1933 2025 1967 dam-

1286 1993 1334 2026 nis
1361 1998 1391 2026 et
1420 1992 1572 2025 interesse
1597 1990 1727 2035 quilibet
1750 1988 1951 2022 baroncellus
1975 1998 2026 2020 cu-

1286 2048 1472 2091 iuscumque
1497 2045 1603 2079 curiae
1623 2055 1681 2089 pro
1706 2043 1754 2077 sui
1779 2040 2025 2087 exequutoribus

1286 2106 1316 2134 ct
1338 2099 1504 2133 birruariis
1531 2098 1709 2142 obbligatus
1732 2097 1780 2130 sit.

1584 2171 1599 2213 ς
1621 2170 1726 2204 xxm.

1319 2244 1365 2278 De
1389 2242 1567 2277 carceribus
1583 2241 1812 2281 enumeratis,
1838 2243 1868 2273 et
1891 2248 2003 2272 eorum

1396 2296 1621 2331 visitatoribus
1640 2299 1670 2328 et
1693 2294 1878 2328 custodibus
1889 2291 1910 2325 ἵ.

1331 2370 1360 2402 Ἰ.
1385 2369 1533 2403 Carceres
1557 2367 1663 2401 curiae
1685 2364 1893 2404 Sabellorum,
1916 2362 2026 2396 Turris

1325 2477 1334 2504 1
1364 2475 1418 2504 Nisi
1437 2475 1471 2503 sit
1495 2473 1638 2510 legendum
1661 2469 1904 2506 emplorationibus
1922 2470 1959 2504 (n.
1974 2469 2024 2505 τ.).

1322 2521 1340 2548 2
1358 2520 1430 2548 Taxa
1449 2519 1591 2547 custodum
1611 2520 1652 2544 est
1670 2516 1696 2542 in
1719 2515 1808 2542 const.
1825 2522 1883 2550 seq.
1899 2515 1912 2548 5
1926 2514 1975 2547 12;
1991 2513 2025 2541 ad

1288 2566 1357 2593 haec
1370 2564 1431 2592 vide
1446 2563 1527 2591 etiam
1542 2561 1620 2589 Pauli
1635 2559 1670 2587 111
1686 2559 1776 2587 Const.
1793 2565 1846 2586 an
1862 2558 1889 2586 in
1905 2562 1969 2586 tom.
1987 2563 2025 2592 vi,

1287 2618 1348 2646 pag.
1360 2609 1429 2641 384;
1446 2607 1484 2635 Pii
1498 2606 1531 2634 1v
1547 2605 1593 2633 cit.
1608 2605 1771 2632 Const.Lxx1
1785 2602 1800 2638 ξ,
1817 2603 1887 2630 ¹5iu
1902 2606 1967 2630 tom.
1978 2607 2025 2637 vn,

1287 2662 1348 2691 pag.
1370 2653 1436 2686 21&
1457 2656 1484 2680 et
1502 2650 1628 2686 Gregorii
1647 2649 1704 2676 xtlt
1725 2649 1816 2676 Const.
1839 2654 1892 2682 xu,
1913 2646 1928 2683 5
1948 2647 1976 2682 5,
1995 2646 2026 2673 in

1288 2702 1352 2726 tom.
1364 2704 1422 2733 vui,
1443 2703 1504 2733 pag.
1522 2695 1572 2723 ¹06
1600 2694 1640 2730 (a.
1652 2699 1678 2720 τ.
1694 2701 1726 2721 ex
1741 2691 1883 2728 Cherub.).
