2293 3231
82 272 131 298 An.
151 271 180 298 C.
197 270 260 298 ¹62¹

108 437 227 459 ctausutae.

163 2359 277 2386 nerogaiio

59 2399 62 2403 ‹
93 2386 256 2407 contrariorum,

881 267 1057 292 GREGORIUS
1082 267 1124 292 XV
1147 266 1195 290 Pr.

278 320 405 356 statem,
427 314 611 349 auctoritate
637 318 667 349 et
695 320 802 349 tenore
825 315 1016 359 praemissis,

279 368 490 403 concedimus.

323 421 338 465 ἓ
362 420 391 456 6.
409 421 617 455 Decernentes
634 426 815 465 praesentes
832 427 955 454 nostras
972 421 1019 453 lit-

280 480 362 508 teras
378 474 435 508 sub
453 474 702 519 quibuscumque
720 475 869 508 similium
894 475 942 508 vel
960 474 1018 507 dis-

281 528 431 562 similium
455 529 628 572 gratiarum
652 528 917 569 revocationibus,
936 528 1017 560 limi-

281 581 460 622 tationibus,
470 582 738 626 suspensionibus,
751 581 1018 625 derogationibus,

281 634 555 679 dispositionibus,
576 635 708 679 aliisque
733 635 909 675 contrariis,
926 634 1019 667 etiam

281 698 339 731 per
360 697 417 722 nos
443 693 473 722 et
492 698 690 722 successores
713 693 838 722 nostros
863 688 1020 721 Romanos

282 740 466 782 Pontifices,
491 741 548 774 sub
572 741 822 786 quibuscumque
851 740 1020 774 verborum

282 795 546 839 expressionibus,
560 806 595 828 ac
609 806 681 829 cum
695 795 858 839 quibusvis
875 794 1022 828 clausulis

282 854 312 881 et
340 848 494 890 decretis,
520 849 551 881 in
575 849 768 882 contrarium
797 859 854 892 pro
880 853 1022 892 tempore

283 901 370 934 sactis
382 906 413 935 et
424 901 583 942 faciendis,
596 902 773 935 nullatenus
788 900 1021 945 comprehendi,

283 955 337 987 scd
354 965 477 999 semper
494 955 532 987 ab
558 955 619 988 illis
637 955 747 998 excipi,
766 960 796 988 et
812 955 934 998 quoties
952 955 1022 987 illae

283 1008 481 1049 emanabunt,
502 1009 593 1042 toties
610 1008 642 1040 in
657 1008 826 1052 pristinum
851 1014 881 1041 et
902 1007 1023 1040 validis·

283 1062 398 1094 simum
415 1067 528 1094 statum
546 1062 715 1103 restitutas,
733 1062 885 1105 repositas
911 1067 939 1094 et
956 1061 1022 1105 ple-

283 1114 370 1147 narie
394 1114 610 1157 reintegratas,
628 1124 664 1146 ac
689 1114 727 1146 de
746 1124 828 1147 novo
854 1114 946 1146 etiam
965 1114 1022 1146 sub

284 1177 482 1210 quacumque
498 1166 668 1210 posteriori
687 1167 768 1208 data,
785 1177 842 1210 per
859 1167 1023 1209 religiosos

283 1226 314 1253 et
337 1220 489 1253 moniales
512 1220 689 1264 praedictos
715 1231 774 1264 pro
799 1225 942 1264 tempore
964 1221 1025 1253 exi-

284 1278 398 1306 stentes
422 1273 682 1317 quandocumque
706 1272 859 1316 eligenda,
877 1283 1024 1306 concessa

285 1336 352 1359 esse
369 1331 399 1359 et
415 1327 492 1367 fore,
511 1337 646 1369 suosque
663 1327 820 1370 plenarios
838 1332 868 1359 et
884 1326 1024 1370 integros

285 1379 414 1413 effectus
444 1379 550 1413 sortiri
574 1385 604 1412 et
628 1379 785 1420 obtinere,
808 1380 955 1424 ipsosque
980 1391 1026 1414 re-

285 1433 415 1476 ligiosos
441 1438 473 1466 et
496 1433 646 1466 moniales
666 1433 801 1477 desuper
824 1444 842 1466 a
865 1444 1024 1478 quoquam

285 1486 396 1530 quovis
421 1486 562 1530 quaesito
587 1486 693 1519 colore
711 1486 758 1519 vel
776 1486 903 1529 ingenio
927 1487 1025 1519 mole-

285 1539 361 1572 stari
385 1540 563 1573 nullatenus
583 1550 686 1583 posse,
702 1550 760 1573 nec
782 1550 845 1572 non
862 1550 1026 1583 quoscum-

286 1603 348 1637 que
383 1593 622 1637 quomodolibet
657 1593 835 1626 clausuram
869 1593 1025 1626 dictarum

287 1646 470 1679 monialium
495 1646 613 1680 violare
636 1650 881 1690 praesumentes,
906 1657 1026 1680 excom-

287 1699 507 1733 municationis
530 1710 665 1743 poenam
689 1710 726 1732 eo
751 1700 819 1743 ipso
844 1700 1024 1740 incurrisse,

287 1753 394 1797 sicque
417 1763 474 1797 per
497 1763 714 1797 quoscumque
741 1754 859 1787 iudices
883 1758 912 1788 et
939 1765 1025 1787 com-

288 1806 448 1840 missarios
471 1806 649 1840 ordinarios
673 1807 720 1840 vel
745 1807 914 1850 delegatos,
932 1807 1024 1840 etiam

288 1861 396 1904 quavis
420 1861 604 1894 auctoritate
625 1860 800 1903 fungentes,
816 1870 873 1893 nec
893 1871 957 1893 non
974 1869 1026 1905 pa-

288 1914 355 1947 latii
377 1914 541 1959 apostolici
565 1914 735 1955 auditores,
752 1924 787 1947 ac
809 1914 838 1947 S.
857 1915 891 1947 R.
912 1915 945 1947 E.
963 1924 1027 1947 car-

289 1966 429 2010 dinales,
454 1967 548 2000 etiam
573 1967 611 2000 de
634 1967 731 2000 latere
755 1968 875 2010 legatos
895 1972 925 2000 et
949 1967 1027 2001 rice-

289 2020 408 2063 legatos
432 2021 577 2064 (sublata
607 2020 670 2061 eis,
695 2025 725 2054 et
756 2031 867 2054 eorum
899 2021 1025 2054 cuilibet

289 2073 398 2116 quavis
429 2073 519 2106 aliter
550 2073 708 2107 iudicandi
739 2078 769 2106 et
799 2074 1026 2123 interpretandi

289 2125 435 2159 facultate
451 2130 481 2159 et
496 2126 693 2170 auctoritate)
708 2126 840 2160 iudicari
856 2133 886 2160 et
903 2127 1026 2160 definiri

290 2177 416 2219 debere,
429 2188 465 2211 ac
481 2178 607 2211 irritum
623 2182 653 2213 et
669 2179 759 2212 inane
773 2179 925 2223 quidquid
938 2191 1028 2213 secus

291 2242 386 2276 super
403 2232 452 2265 his
476 2242 493 2264 a
516 2242 685 2276 quoquam,
704 2232 814 2276 quavis
834 2233 1027 2274 auctoritate,

291 2285 426 2318 scienter
435 2285 483 2317 vel
496 2284 690 2328 ignoranter,
700 2285 865 2328 contigerit
875 2286 1027 2320 attentari.

336 2339 351 2382 5
376 2339 405 2372 7.
433 2339 502 2372 Non
529 2337 727 2371 obstantibus
755 2337 1030 2372 constitutionibus

291 2397 322 2425 et
345 2391 595 2425 ordinationibus
619 2391 808 2435 apostolicis,
825 2402 861 2425 ac
878 2393 1029 2426 Ordinum

292 2445 527 2489 praedictorum
544 2445 652 2488 (etiam
665 2445 853 2486 iuramento,
868 2446 1032 2479 confirma-

292 2498 377 2532 tione
401 2498 583 2542 apostolica‚
601 2498 649 2531 vel
673 2498 782 2542 quavis
805 2497 953 2532 firmitate
970 2500 1030 2532 alia

296 2551 465 2596 roboratis)
479 2552 602 2586 statutis
619 2556 649 2584 et
666 2552 1030 2596 consuetudinibus‚pri-

294 2605 414 2649 vilegiis
433 2616 569 2650 quoque,
586 2605 714 2639 indultis
733 2609 763 2640 et
778 2605 890 2639 litteris
909 2610 1032 2650 aposto—

294 2658 372 2700 licis,
381 2658 452 2701 illis,
461 2669 635 2704 eorumque
654 2659 870 2703 superioribus
884 2666 914 2693 et
927 2670 1032 2704 perso-

1696 255 1759 287 643
1805 265 1853 292 An.
1874 265 1903 292 c.
1923 266 1985 292 1621

1051 315 1109 355 nis,
1126 314 1183 346 snb
1198 313 1447 357 quibuscumque
1461 310 1622 345 tenoribus
1633 316 1661 344 et
1673 311 1791 352 formis,

1052 378 1087 401 ac
1109 379 1180 401 cnm
1205 366 1367 411 quibusvis
1385 366 1532 399 clausulis
1553 369 1583 399 et
1600 365 1743 407 decretis,
1761 366 1792 397 in

1053 421 1246 455 contrarium
1260 421 1364 454 forsan
1379 418 1616 465 quomodolibet
1626 419 1792 458 concessis,

1053 474 1262 515 confirmatis,
1282 479 1312 506 et
1333 473 1496 506 innovatis.
1511 472 1628 511 Quibus
1647 472 1793 505 omnibus

1054 533 1083 561 et
1096 528 1237 571 singulis,
1254 527 1377 560 etiamsi
1390 526 1428 560 de
1442 526 1512 567 illis,
1527 536 1701 570 eorumque
1722 526 1794 559 totis

1055 581 1214 616 tenoribus
1241 581 1401 625 specialis,
1427 579 1572 624 specifica
1592 585 1622 613 et
1647 590 1794 624 expressa

1054 634 1171 668 mentio
1189 635 1219 667 in
1235 633 1451 678 praesentibus
1468 633 1607 667 facienda
1626 633 1715 674 soret,
1733 632 1794 665 illis

1054 687 1129 721 alias
1146 688 1177 720 in
1197 698 1254 721 suo
1272 687 1387 720 robore
1411 686 1635 731 permansuris,
1653 686 1711 719 hac
1727 685 1794 719 vice

1055 741 1215 775 dumtaxat
1239 740 1416 785 specialiter
1440 746 1470 773 et
1494 750 1641 784 expresse
1665 739 1795 782 deroga-

1056 804 1135 835 mus,
1156 794 1331 837 ceterisque
1351 793 1517 827 contrariis
1533 792 1794 837 quibuscumque.

1100 847 1115 890 ξ
1150 845 1179 879 8.
1215 847 1366 879 Volumus
1400 851 1523 887 autem,
1556 850 1586 878 et
1625 844 1795 889 apostolica

1056 901 1240 934 auctoritate
1265 900 1479 940 decernimus,
1503 900 1587 943 quod
1613 899 1795 932 earumdem

1056 954 1270 997 praesentium
1284 954 1498 997 transumptis,
1516 953 1609 986 etiam
1624 952 1795 997 impressis,

1058 1018 1153 1040 manu
1169 1008 1283 1040 notarii
1301 1007 1418 1051 publici
1436 1006 1630 1050 subscriptis,
1647 1011 1677 1039 et
1693 1006 1796 1049 sigillo

1058 1071 1211 1104 personae
1232 1061 1262 1093 in
1282 1061 1434 1103 dignitate
1451 1060 1662 1093 ecclesiastica
1682 1059 1797 1093 consti-

1059 1119 1141 1147 tutae
1167 1114 1305 1155 munitis,
1326 1114 1435 1147 eadem
1452 1125 1583 1158 prorsus
1603 1113 1681 1147 fides
1701 1114 1733 1146 in
1751 1113 1797 1145 iu-

1058 1166 1140 1200 dicio
1169 1171 1198 1201 et
1222 1172 1309 1200 extra
1340 1167 1543 1208 adhibeatur,
1567 1177 1647 1210 quae
1680 1166 1797 1200 eisdem

1058 1220 1275 1263 praesentibus
1299 1220 1514 1261 adhiberetur,
1540 1220 1566 1253 si
1590 1221 1692 1254 forent
1716 1219 1799 1252 exhi-

1059 1273 1141 1306 bitae
1166 1273 1213 1306 vel
1239 1278 1392 1306 ostensae.

1103 1327 1214 1360 Datum
1246 1327 1383 1367 Romae,
1411 1327 1494 1371 apud
1519 1327 1548 1359 S.
1570 1327 1716 1367 Petrum,
1741 1327 1800 1360 sub

1059 1381 1176 1413 annulo
1192 1380 1359 1414 Piscatoris
1370 1380 1420 1413 die
1434 1390 1464 1413 v1
1478 1380 1655 1414 decembris
1668 1390 1799 1419 itincxxi,

1060 1434 1259 1477 pontificatus
1283 1435 1382 1468 nostri
1407 1445 1489 1468 anno
1514 1445 1532 1468 1.

1096 1487 1156 1515 Dat.
1173 1488 1216 1515 die
1231 1488 1247 1515 6
1262 1488 1416 1516 decembris
1438 1488 1516 1522 1621,
1537 1488 1632 1524 pontif.
1650 1496 1693 1516 an.
1710 1495 1728 1515 1.

1850 857 1994 883 Transnmptis

1811 883 1880 904 danda
1898 885 1956 905 tides.

1061 1665 1233 1709 Deputcttio
1256 1667 1357 1699 unius
1383 1667 1508 1700 notarii
1535 1666 1579 1699 ad
1608 1677 1799 1700 conservan-

1104 1715 1183 1747 dum
1209 1726 1374 1758 processus
1403 1716 1439 1749 in
1468 1715 1615 1759 partibus
1646 1717 1800 1759 s'ormmos

1103 1774 1199 1807 super
1223 1764 1441 1808 qualitatibus
1470 1765 1761 1810 promovendorum
1781 1776 1801 1797 α

1104 1823 1229 1846 summo
1242 1813 1400 1855 Pontifice
1424 1818 1453 1846 et
1477 1813 1519 1846 ad
1542 1814 1725 1847 Romanam
1744 1814 1801 1848 Cu-

1104 1863 1192 1895 riam
1218 1863 1436 1903 transmissos,
1466 1873 1540 1895 cum
1564 1863 1797 1896 emolumento-

1104 1921 1179 1944 rum
1203 1910 1453 1954 assiymttione¹.

1263 1977 1422 2012 Gregorius
1443 1978 1522 2013 Papa
1541 1978 1597 2014 XV,

1202 2022 1239 2049 ad
1257 2025 1396 2056 pertuam
1415 2023 1461 2050 rei
1475 2023 1656 2051 memoriam.

1105 2074 1240 2115 Pridem,
1265 2085 1337 2108 eum
1358 2075 1389 2107 in
1407 2075 1579 2108 formandis
1596 2080 1627 2109 et
1646 2075 1800 2109 instruen-
1835 2084 1966 2113 Prooemium
1979 2085 1999 2105 et

1061 2128 1108 2161 dis
1135 2128 1356 2172 processibus,
1385 2128 1439 2171 qui
1471 2139 1567 2173 super
1598 2114 2000 2183 qualitatibusfiiliifii'mmitre}i

1061 2181 1350 2226 promovendorum
1378 2193 1436 2226 per
1466 2183 1641 2216 Romanum
1672 2183 1800 2217 Pontiti-
1814 2166 2002 2216 fissffri'ri'iiibrissf-

1062 2235 1150 2268 cibus
1173 2246 1232 2279 pro
1257 2241 1399 2279 tempore
1423 2236 1607 2269 existentem
1631 2236 1670 2269 ad
1698 2237 1797 2269 eccle-

1063 2289 1180 2322 siarum
1193 2289 1431 2330 cathedralium,
1444 2294 1608 2333 pastorum
1625 2290 1736 2323 solatio
1753 2289 1803 2323 de-

1063 2340 1252 2381 stitutarum,
1273 2351 1308 2374 ac
1326 2341 1591 2374 monasteriorum
1604 2341 1803 2375 consistoria-

1064 2393 1141 2426 lium
1157 2404 1217 2438 pro
1233 2399 1377 2438 tempore
1392 2394 1568 2428 vacantium
1585 2395 1749 2438 regimina,
1767 2400 1818 2428 ac·

1065 2447 1268 2480 ecclesiarum
1293 2453 1323 2480 et
1339 2447 1602 2481 monasteriorum
1622 2448 1803 2482 huiusmodi

1065 2504 1156 2540 statu,
1180 2499 1231 2533 hic
1256 2500 1287 2532 in
1311 2500 1399 2533 curia
1422 2511 1530 2534 coram
1547 2500 1576 2534 S.
1597 2501 1631 2534 R.
1652 2501 1685 2534 E.
1704 2501 1804 2534 cardi-

1064 2552 1187 2587 nalibus
1212 2553 1341 2586 formari
1361 2558 1391 2586 et
1410 2553 1530 2586 institui
1550 2560 1801 2595 consueverunt,

1064 2607 1169 2639 nullus
1186 2611 1290 2640 certus
1307 2612 1436 2640 eatenus
1455 2607 1621 2651 deputatus
1638 2618 1693 2641 seu
1709 2608 1802 2642 desti-

1102 2671 1113 2697 1
1130 2669 1197 2697 Vide
1212 2678 1293 2706 supra
1307 2678 1367 2706 pag.
1383 2670 1434 2698 656
1450 2670 1530 2698 huius
1545 2671 1608 2698 tomi
1626 2671 1661 2706 (n.
1673 2671 1720 2705 τ.).
1811 2668 1815 2669 ’
