2293 3231
264 281 314 308 An.
330 279 360 307 C.
383 279 444 306 1621

306 979 408 998 Nuntium
423 978 449 996 ⁴¹)

267 1010 353 1029 negocio
367 1004 415 1024 sulci
426 1010 449 1023 a·

267 1035 348 1051 rturum
394 1037 448 1051 coin·

266 1058 357 1079 intendat.

293 1457 368 1478 Libros
378 1458 451 1476 contra

268 1485 382 1510 puritatem
417 1488 451 1502 ra-

268 1511 360 1531 tholicae
370 1509 418 1529 ndei
432 1509 450 1529 in

267 1537 340 1557 Galliis
372 1535 450 1561 publici

267 1563 318 1584 iuris
328 1563 395 1583 sactus
404 1567 450 1583 esse

267 1591 330 1611 dolel.

494 269 558 304 (352

782 324 882 356 xttx.

464 415 644 448 Ludoricns
670 413 871 446 Francorum
899 420 955 442 νοω
985 408 1201 446 admonetur,

509 474 542 501 ut
567 467 698 500 «tonnis
729 468 899 504 occurrat,
932 473 1016 508 quae
1043 460 1205 494 catholica

507 521 653 553 (loclrina
670 519 800 563 patitur
817 527 855 550 ex
870 516 975 557 libris,
997 515 1057 559 qui
1074 514 1110 547 in
1132 512 1208 548 Gal-

509 573 631 606 liarum
657 581 754 615 reyno
778 570 960 614 vulqantur
977 567 994 600 ¹.

464 670 644 699 charissimo
661 669 691 697 in
706 669 822 697 Christo
842 668 904 696 filio
929 670 1033 696 nostro
1048 665 1206 699 Ludovico,

560 715 738 742 Francorum
753 712 818 748 regi
839 711 1108 743 christianissimo.

668 766 829 801 Gregorius
846 766 926 800 Papa
940 765 995 792 XV.

552 829 733 857 charissime
751 829 784 855 in
803 827 920 855 christo
938 827 981 855 fili
1004 829 1118 859 noster,

500 875 633 902 salutem
653 877 685 902 et
704 873 902 908 apostoticam
921 871 1171 900 benedictionem.

509 965 524 1007 ,ξ
547 963 721 1012 ifleddet
746 962 900 996 maiestati
925 967 995 994 tuae
1015 961 1071 993 has
1091 960 1210 994 litteras

465 1016 660 1050 venerandus
679 1018 775 1049 frater
791 1015 937 1050 Octavius
953 1014 1210 1058 archiepiscopus

464 1070 635 1110 Tarsensis,
660 1069 794 1103 nuncius
811 1074 928 1108 noster,
941 1079 977 1101 ac
993 1068 1084 1101 simul
1101 1072 1210 1100 nostro

465 1123 592 1157 nominc
605 1123 644 1156 de
657 1123 790 1166 negocio
808 1128 910 1156 tecum
924 1127 1005 1165 aget,
1022 1120 1106 1165 quod
1120 1119 1210 1153 nobis

466 1186 611 1219 magnae,
634 1181 667 1209 ut
692 1180 833 1220 oportet,
858 1185 953 1208 curae
977 1179 1038 1215 est,
1062 1184 1119 1207 nec
1144 1182 1210 1205 ma-

466 1230 566 1263 iestati
591 1235 661 1263 tuae
687 1229 818 1262 minoris
851 1228 932 1269 erit,
963 1233 998 1260 ut
1030 1237 1088 1260 nos
1124 1231 1210 1260 certo

465 1293 593 1327 sperare
619 1283 706 1315 iubet
728 1282 908 1325 singularis,
932 1291 967 1314 ac
992 1284 1057 1314 loto
1077 1280 1154 1314 orbe
1179 1280 1211 1312 il-

465 1336 573 1368 lustris
590 1335 720 1369 lionoris
736 1335 790 1368 Dei
807 1345 842 1368 ac
856 1334 928 1367 fidei
942 1333 1113 1367 catholicae
1127 1333 1211 1366 zelus

466 1393 547 1421 tuus.

511 1442 526 1486 g
550 1442 579 1474 τὶ.
605 1441 717 1485 Agitur
741 1441 823 1474 enim
849 1441 887 1473 de
912 1440 1053 1473 sincerae
1070 1439 1142 1472 fidei
1160 1448 1211 1471 ca-

467 1495 601 1529 tholicae
621 1495 782 1529 doctrinae
801 1495 831 1527 in
850 1495 908 1527 isto
926 1493 1149 1527 florentissimo
1166 1502 1211 1524 re-

466 1559 529 1592 gno
561 1555 613 1582 tuo
649 1548 829 1581 defensioue
859 1547 1010 1580 adversus
1040 1545 1211 1579 diabolicas

467 1601 594 1634 insidias
626 1601 873 1639 nonnullorum,
906 1599 958 1642 qui
991 1598 1117 1642 scriptis
1141 1608 1209 1630 eam

467 1655 631 1698 inquinare
655 1659 685 1687 et
709 1659 850 1686 evertere
876 1657 1040 1692 conantur,
1065 1651 1141 1684 nihil
1166 1652 1210 1683 fa-

466 1709 594 1750 cientes,
611 1708 695 1752 quod
714 1707 933 1740 ministrorum
950 1711 1079 1739 tuorum
1095 1714 1211 1738 nomen

466 1767 601 1804 gerunt,
626 1761 768 1806 quinimo
793 1761 850 1794 sub
880 1759 932 1793 tali
962 1759 1088 1792 nomine
1114 1758 1211 1791 libros

1054 271 1232 297 BULLARtmi
1256 270 1410 295 nomnen

1236 319 1294 352 sub
1325 319 1442 352 annulo
1475 317 1660 358 piscatoris,
1684 317 1734 350 die
1765 325 1797 350 iv
1827 315 1977 350 februarii

1239 381 1379 410 uncxxu,
1403 370 1604 415 pontificatus
1619 370 1719 403 nostri
1735 379 1818 403 anno
1835 379 1854 402 1.

1276 433 1333 460 Dat.
1356 434 1399 460 die
1419 433 1449 459 21
1473 432 1602 460 februarii
1618 430 1702 465 1621,
1718 431 1815 466 pontif.
1830 439 1901 460 anno
1916 438 1932 458 ι.

1596 575 1628 608 L.

1243 655 1456 699 Confirmatio
1479 654 1614 688 unionis
1633 654 1899 698 Conqreqalionis
1915 654 1982 697 sra-

1287 713 1374 742 lrum
1394 708 1671 743 De'scalceatorum
1696 707 1832 742 Ordinis
1851 707 1980 741 Eremi-

1287 767 1391 797 tarnm
1411 763 1442 797 S.
1460 762 1653 807 Auyuslim',
1677 762 1824 805 iureque
1849 760 1984 795 Siciliae

1285 821 1382 850 antea
1411 820 1557 857 erectae,
1586 814 1838 860 Conqreqationi
1864 813 1986 848 Italiae

1286 869 1430 904 eiusdem
1449 869 1594 904 Ordinis.

1457 949 1614 985 Gregorius
1624 949 1704 984 Papa
1712 949 1757 976 XV
1764 970 1772 983 ‚

1432 1001 1539 1022 servus
1559 1001 1715 1022 servorum
1735 993 1798 1028 Dei,

1363 1050 1399 1076 ad
1421 1052 1597 1084 perpetuam
1618 1048 1664 1076 rei
1686 1048 1865 1076 memoriam.

1289 1119 1456 1152 Pastoralis
1471 1119 1565 1153 officii
1581 1118 1673 1152 nobis
1689 1118 1825 1162 (meritis
1841 1117 1913 1151 licet
1932 1117 1987 1150 im-

1244 1172 1387 1216 paribus)
1411 1172 1549 1216 desuper
1568 1171 1728 1205 commissi
1745 1181 1821 1204 cura
1840 1171 1986 1215 postulat,

1244 1231 1277 1258 ut
1301 1226 1339 1258 ad
1364 1236 1409 1267 ea,
1427 1236 1484 1269 per
1505 1235 1585 1269 quae
1601 1225 1741 1258 fidelium
1762 1224 1986 1268 quorumlibet,

1244 1279 1429 1323 praesertim
1453 1279 1686 1322 religiosorum,
1711 1288 1822 1312 eorum
1841 1278 1986 1319 maxime,

1244 1343 1323 1376 quos
1355 1342 1416 1365 una
1448 1332 1561 1375 religio
1593 1337 1623 1365 et
1652 1341 1750 1364 unum
1785 1331 1989 1375 professionis

1246 1386 1403 1419 vinculum
1424 1385 1560 1418 invicem
1578 1384 1745 1428 copulavit,
1765 1384 1863 1428 quieti
1880 1394 1990 1417 consu-

1245 1439 1329 1478 litur,
1355 1438 1393 1471 ad
1419 1438 1489 1478 hoc,
1514 1442 1548 1470 ut
1571 1437 1657 1470 nulla
1681 1447 1735 1470 eos
1758 1436 1912 1470 dissensio
1929 1436 1990 1470 dis-

1244 1497 1347 1532 secet,
1373 1492 1495 1524 nullave
1520 1491 1697 1524 immutatio
1724 1490 1910 1535 perturbet,
1934 1489 1989 1523 sed

1244 1545 1302 1589 ipsi
1316 1547 1423 1578 mutua
1434 1545 1585 1578 charitate
1599 1544 1757 1578 coniuncti
1768 1543 1880 1577 ceteris
1889 1553 1990 1577 exem-

1244 1600 1296 1643 plo
1318 1599 1504 1643 proficiant,
1536 1599 1672 1632 libenter
1702 1597 1921 1637 intendamus;
1952 1607 1988 1630 ac

1245 1664 1290 1693 ea,
1314 1663 1394 1697 quae
1410 1657 1578 1696 propterea
1602 1651 1733 1695 provide
1750 1650 1875 1684 decreta
1892 1650 1988 1684 fuisse

1245 1706 1468 1750 comperimus,
1487 1710 1519 1738 ut
1537 1705 1630 1737 firma
1646 1709 1800 1749 perpetuo
1816 1709 1846 1737 et
1869 1703 1988 1737 illibata

1244 1759 1422 1803 persistant,
1446 1769 1517 1791 cum
1541 1768 1559 1790 a
1582 1757 1674 1790 nobis
1699 1756 1831 1801 petitur,
1855 1761 1984 1801 aposto-

1245 1813 1305 1846 lico
1331 1813 1503 1846 munimine
1523 1812 1720 1846 roboremus.

1992 265 2042 293 An.
2057 265 2087 294 C.
2107 264 2172 294 1⁶21

2027 1123 2168 1146 Prooemium.

466 1817 648 1859 pestilentes
664 1816 694 1848 in
709 1815 871 1860 publicum
888 1814 981 1847 edere
995 1818 1209 1858 praesumunt.

468 1869 498 1901 ld
523 1869 607 1913 quod
632 1879 694 1903 non
719 1868 898 1901 dubitamus
921 1869 998 1907 fore,
1023 1866 1097 1911 quin
1118 1866 1212 1899 maie-

467 1924 553 1956 statis
571 1929 640 1956 tuae
660 1923 836 1967 piissimum
857 1921 995 1954 animum
1013 1920 1152 1963 graviter
1167 1920 1212 1953 of-

467 1977 580 2018 fendat,
604 1988 640 2010 ac
665 1976 846 2009 huiusmodi
871 1975 1019 2019 gravibus
1041 1979 1070 2007 et
1091 1973 1212 2018 pericu-

1289 1868 1304 1910 g'
1328 1867 1356 1899 l.
1381 1866 1458 1900 Cum
1483 1866 1587 1909 itaque
1601 1892 1608 1906 ‚
1633 1865 1714 1898 sicut
1737 1864 1875 1898 exhibita
1897 1863 1988 1897 nobis
2003 1869 2188 1918 8Ξῇἰίξῖξῦἳὲὶὲ

1245 1929 1345 1963 nuper
1368 1930 1427 1963 pro
1452 1924 1540 1963 parte
1564 1918 1750 1951 dilectorum
1775 1917 1913 1951 filiorum
1937 1927 1988 1949 re·
2003 1922 2080 1944 Pauttu
2094 1923 2155 1950 Papa
2171 1922 2186 1944 V

1245 1973 1431 2016 ligiosorum
1447 1971 1706 2015 Congregationis
1722 1971 1855 2004 fratrum
1876 1970 1989 2003 Discal-
2002 1950 2187 1998 ξξιῗιοιωΐεῗῗεοιιιῗ

2003 2002 2084 2024 Mariae
2105 2002 2132 2024 do
2146 2002 2187 2025 Ca-

2003 2031 2054 2050 tena
2079 2029 2188 2052 Panormi-

292 2147 361 2167 tano»
368 2148 412 2167 teu<
421 2152 452 2167 re·

269 2181 313 2198 uem
341 2175 453 2196 tinuatur,

270 2201 327 2221 lum-e
343 2202 402 2221 matis
419 2207 453 2221 uc-

270 2230 336 2247 rufat.

468 2030 542 2064 losis
566 2030 657 2063 malis
681 2029 878 2073 providentia
903 2034 933 2061 et
954 2027 1138 2061 auctoritate
1155 2028 1211 2059 sua

468 2090 622 2118 occurrat.

513 2140 528 2182 ξ
552 2138 581 2171 3.
606 2137 694 2177 Quod
720 2142 752 2169 ut
772 2141 920 2180 praestet,
937 2145 999 2168 non
1017 2134 1102 2178 quod
1131 2143 1211 2177 opus

469 2203 536 2225 esse
561 2192 763 2231 arbim-emur,
787 2189 842 2223 sed
859 2200 919 2234 pro
938 2188 1037 2222 nostri
1051 2187 1145 2220 officii
1162 2187 1213 2220 de-

470 2246 545 2286 bito,
560 2246 752 2278 maiestatem
764 2249 847 2277 tuam
860 2243 891 2275 in
901 2242 1034 2276 Domino
1046 2242 1212 2274 hortamur

470 2305 497 2332 et
516 2309 676 2341 rogamus.
695 2297 890 2341 Obsequium
909 2301 993 2329 certe
1010 2295 1074 2328 Deo
1098 2293 1211 2336 gratis-

470 2353 584 2385 simum
616 2351 746 2391 reddet,
778 2361 814 2384 ac
841 2350 932 2383 nobis
962 2348 1082 2393 gratius
1110 2348 1212 2381 faeere

470 2406 546 2439 nihil
571 2405 695 2450 poterit.
721 2406 828 2439 Cetera
852 2415 870 2437 a
893 2403 1009 2437 nuncio
1026 2407 1211 2446 cognoscet,

470 2459 518 2491 cui
551 2459 693 2492 camdem
729 2458 822 2491 tidem
862 2457 980 2490 habere
1015 2456 1209 2489 maiestatem

471 2516 554 2545 tuam
579 2512 742 2556 cupimus,
767 2521 862 2555 quam
887 2510 978 2544 nobis
1001 2510 1140 2543 haberet.

515 2566 623 2598 Datum
646 2566 772 2605 Romae,
796 2564 878 2609 apud
904 2569 1047 2598 sanctum
1073 2564 1211 2604 Petrum,

509 2681 519 2708 1
543 2680 579 2708 Ex
600 2680 706 2716 Regest.
727 2681 753 2708 iu
772 2681 873 2709 secret.
895 2680 969 2708 Brev.

1245 2031 1406 2059 ceatorum
1431 2025 1536 2058 ltaliae
1561 2029 1834 2068 nuncupatorum,
1863 2022 1988 2057 Ordinis

1246 2080 1377 2113 fratrum
1404 2079 1614 2113 Eremitarum
1639 2078 1667 2112 S.
1686 2077 1862 2121 Augustini,
1878 2077 1988 2122 petitio

1245 2133 1445 2172 continebat,
1470 2132 1556 2177 quod
1572 2131 1660 2166 cum'
1678 2131 1753 2164 alias
1776 2130 1918 2164 nonnulli
1942 2140 1989 2164 re-

1246 2186 1348 2229 ligiosi
1373 2185 1499 2219 Ordinis
1523 2186 1656 2218 fratrum
1677 2184 1888 2218 Eremitarum
1909 2183 1989 2217 eius-

1245 2240 1316 2273 dem
1331 2239 1428 2273 sancti
1442 2238 1607 2282 Augustini
1620 2237 1878 2272 reformationem
1895 2240 1926 2271 et
1936 2236 1989 2270 ob-

1246 2294 1454 2327 servationem
1470 2293 1660 2336 regularem,
1681 2291 1719 2325 ad
1744 2291 1872 2334 regulae
1891 2290 1988 2334 ipsius

1246 2347 1343 2381 sancti
1372 2346 1538 2390 Augustini
1570 2355 1692 2379 necnon
1724 2344 1925 2378 decretorum
1950 2343 1989 2376 fe-

1246 2400 1314 2446 licis
1338 2399 1568 2434 recordationis
1597 2397 1766 2432 Clementis
1796 2406 1898 2441 papae
1923 2396 1988 2429 vul

1246 2452 1500 2497 praedecessoris
1524 2451 1625 2486 nostri
1648 2460 1743 2494 super
1763 2448 1989 2483 reformatione

1245 2507 1320 2541 dicti
1333 2506 1457 2542 Ordinis
1471 2505 1628 2539 editorum
1642 2503 1885 2548 praescriptum,
1898 2502 1930 2535 in
1943 2513 1989 2536 re-

1245 2571 1309 2605 gno
1326 2560 1448 2595 Siciliae
1465 2559 1664 2593 introducere
1680 2556 1888 2598 intenderent,
1904 2566 1990 2590 reco-

1282 2679 1291 2704 1
1312 2675 1462 2704 Particulae
1471 2674 1547 2710 quod
1557 2682 1623 2702 cum
1633 2673 1722 2709 aptius
1732 2672 1886 2701 delerentur
1897 2671 1986 2709 (nm).

2003 2057 2083 2078 18118111.
