2293 3231
100 265 149 312 Ap.
171 261 280 291 &162¹

165 1977 291 2005 Collegium.

109 2003 214 2028 abbatam.
231 2010 292 2031 prae-

108 2030 225 2056 uiuentem.
249 2038 291 2052 mo-

108 2057 187 2078 nachos
203 2060 224 2078 et
239 2058 292 2079 alias

102 2088 211 2109 personas
231 2091 244 2105 a
262 2086 293 2105 iu-

905 259 1085 286 annuemus
1105 259 1148 285 XV
1172 260 1218 283 1²1³.

297 314 401 343 torum
417 311 562 342 monetae
575 308 701 342 circiter
719 308 927 350 ascendentia,
941 319 1034 352 quam

295 360 442 406 deinceps
465 371 522 406 per
545 372 761 406 quoscumque
786 362 864 396 alios
887 362 962 396 dicti
983 362 1036 396 Or-

295 415 377 448 dinis
400 414 528 448 abbates
552 420 582 448 et
606 419 778 449 conventus
802 426 838 449 ac
862 416 940 449 alios
957 416 1037 450 cliri-

296 468 454 509 stisidelcs,
475 479 676 513 quocumque
701 468 829 509 intuitu,
855 469 949 502 etiam
980 480 1036 513 per

296 522 378 555 viam
402 522 589 563 testamenti,
607 522 842 563 codicillorum,
861 522 1036 556 donationis

296 574 389 608 etiam
421 574 502 608 inter
535 574 620 609 vivos
645 581 675 608 et
699 577 793 609 causa
829 576 956 616 mortis,
982 587 1037 609 seu

296 628 522 672 cuiuscumque
546 629 675 662 alterius
699 629 923 674 dispositionis,
947 640 983 663 ac
1007 640 1038 662 e-

297 681 372 714 tiam
395 680 428 714 in
451 681 702 726 eleemosynam,
730 683 777 716 vel
803 683 878 716 alias
899 683 1038 727 quando-

297 745 432 779 cumque
463 741 494 769 et
526 729 798 780 qualitercumque
833 737 1036 781 reliquenda,

297 787 487 831 elargienda,
504 788 649 822 donanda
665 794 695 822 et
709 789 877 833 eroganda,
894 800 930 823 ex
943 800 1037 831 nunc,

296 848 392 885 prout
411 852 449 876 ex
474 847 557 883 tunc,
571 849 601 876 et
615 854 630 876 e
647 848 767 885 contra,
781 849 948 888 postquam
969 844 1039 876 reli-

298 900 357 936 cta,
371 895 513 939 elargita,
530 896 645 930 donata
660 902 691 930 et
706 903 836 940 erogata
849 897 966 930 suerint
983 896 1038 940 (ita

297 948 382 993 quod
412 949 504 984 liceat
533 960 592 993 pro
623 955 766 994 tempore
796 950 939 984 existenti
964 950 1037 984 dicti

298 1001 426 1047 hospitii
446 1013 502 1036 seu
521 1003 645 1045 collegii
670 1003 773 1036 abbati
790 1003 992 1047 praesidenti,
1009 1009 1037 1037 et

298 1055 336 1087 ab
361 1066 398 1089 eo
423 1056 588 1100 deputatis,
614 1057 741 1091 illorum
766 1057 909 1090 omnium
929 1068 1040 1101 corpo-

299 1109 396 1142 ralem
429 1110 663 1154 possessionem
695 1121 753 1154 per
778 1121 827 1152 se,
852 1111 900 1144 vel
924 1111 1038 1151 alium,

298 1172 352 1196 seu
375 1162 473 1204 alios,
496 1163 623 1196 nomine
644 1162 719 1196 dicti
744 1163 871 1207 hospitii
895 1175 951 1197 seu
975 1165 1038 1197 col—

299 1215 382 1260 legii,
395 1217 527 1261 propria
540 1216 735 1257 auctoritate,
748 1217 850 1250 libere
866 1217 1041 1261 apprehen-

298 1269 372 1304 dere
399 1275 430 1303 et
457 1275 609 1314 perpetuo
646 1271 803 1311 retinere,
837 1272 1040 1315 fructusque,

300 1324 378 1365 iura,
403 1323 607 1358 obventiones
631 1329 660 1357 et
686 1325 897 1358 emolumenta
929 1325 1041 1359 exinde

300 1377 524 1421 provenientia,
548 1388 606 1411 nec
631 1388 694 1411 non
718 1378 893 1412 oblationes
913 1384 944 1412 ct
964 1379 1042 1412 clee-

300 1441 446 1476 mosynas
459 1431 561 1464 eidem
587 1431 721 1475 collegio
738 1442 794 1464 seu
810 1432 947 1476 hospitio
965 1433 1042 1466 elar-

301 1484 413 1527 gienda
436 1485 610 1529 percipere,
627 1485 788 1528 colligere,
804 1485 918 1526 levare,
932 1496 1041 1519 arren-

302 1538 376 1572 dare
401 1544 431 1572 et
455 1539 576 1579 locare,
601 1549 637 1572 ac
669 1539 700 1571 in
733 1538 807 1572 dicti
833 1539 962 1583 hospitii
987 1550 1042 1573 seu

302 1592 425 1636 collegii
450 1598 481 1626 et
505 1593 733 1627 monachorum
763 1593 793 1626 in
817 1603 854 1626 eo
880 1604 938 1637 pro
963 1599 1041 1626 tem-

301 1656 378 1689 pore
413 1645 593 1690 degentium
631 1657 704 1680 usus
740 1652 771 1679 et
806 1647 971 1680 utilitatem
1007 1657 1042 1681 ac

302 1699 501 1733 necessitates
526 1705 726 1740 convertere,
752 1700 859 1733 vicarii
880 1700 972 1734 Urbis
989 1700 1043 1733 hu-

304 1753 437 1787 iusmodi
462 1754 510 1787 vel
534 1753 671 1787 cuiusvis
696 1753 823 1786 alterius
852 1753 977 1786 licentia
994 1753 1043 1786 de-

303 1817 397 1851 super
420 1807 550 1841 min-ime
576 1807 739 1851 requisita,
756 1806 838 1840 dieta
859 1807 1042 1841 auctoritate

304 1860 396 1893 etiam
412 1866 567 1905 perpetuo
584 1860 780 1905 applicamus
804 1866 834 1894 et
858 1861 1042 1905 appropria-

305 1924 384 1947 mus.

351 1968 366 2011 ξ
389 1967 418 2001 9.
443 1967 505 2001 Nec
525 1978 588 2001 non
604 1967 773 2012 hospitium
792 1979 846 2002 seu
864 1969 1043 2013 collegium,

307 2031 343 2054 ac
367 2020 433 2054 eius
457 2020 611 2063 abbatem,
636 2022 885 2066 praesidentem,
909 2034 1044 2068 praepo-

309 2074 402 2109 situm
425 2080 455 2108 et
479 2075 659 2116 monachos,
683 2076 822 2120 aliasque
846 2087 997 2121 personas
1014 2083 1043 2110 et

1069 307 1269 342 curatoribus
1298 304 1499 349 generalibus
1529 302 1810 347 congregationum

1069 361 1142 394 dicti
1167 359 1292 394 Ordinis
1309 358 1339 392 in
1359 358 1442 392 Urbe
1459 357 1597 402 praefata
1613 355 1810 400 degentibus,

1069 415 1122 458 qui
1148 415 1174 448 si
1199 414 1275 458 quid
1298 413 1496 448 correctione
1519 416 1571 445 aut
1588 410 1810 445 reformatione

1069 467 1199 511 dignum
1224 466 1416 508 invenerint,
1441 465 1580 500 ciusdem
1605 464 1732 509 hospitii
1757 473 1811 498 seu

1070 521 1195 564 collegii
1220 521 1390 565 protectori
1420 530 1479 564 pro
1503 525 1646 563 tempore
1669 517 1811 552 existenti

1070 574 1307 618 quamprimum
1319 573 1466 613 reserant,
1480 583 1536 617 per
1550 578 1678 606 turnum
1693 570 1811 604 visitari

1070 627 1214 669 debeat),

1116 681 1130 724 ξ
1154 680 1205 714 10.
1231 682 1358 715 Necnon
1376 692 1394 714 a
1417 681 1638 725 praestatione,
1656 677 1813 714 contribu-

1072 734 1154 768 tione
1179 739 1210 767 et
1234 734 1388 768 solutione
1405 734 1600 768 decimarum
1617 739 1647 767 et
1663 743 1813 778 quorum-

1071 797 1207 831 cumque
1226 787 1362 821 aliorum
1379 798 1512 821 onerum
1533 787 1766 821 ordinariorum
1783 791 1813 820 et

1072 831 1396 875 extraordinariorum
1421 852 1457 875 ex
1487 851 1686 886 quacumque
1719 842 1814 874 causa

1072 894 1294 938 impositorum
1319 899 1349 927 et
1373 895 1658 938 imponendorum,
1689 894 1813 938 penitus

1072 952 1102 980 et
1126 948 1256 981 omnino
1281 948 1448 981 eximimus
1473 953 1502 981 et
1526 948 1707 981 liberamus.

1117 1002 1132 1044 ξ
1160 1001 1206 1034 11.
1234 1001 1270 1034 Et
1290 1001 1348 1034 sub
1373 1001 1455 1034 beati
1486 1001 1569 1034 Petri
1593 1000 1754 1045 Apostoli,
1779 1010 1813 1034 ac

1072 1056 1198 1093 nostra,
1223 1059 1251 1088 et
1284 1054 1373 1088 Sedis
1403 1054 1600 1098 Apostolicae
1619 1054 1815 1098 protectione
1854 1095 1860 1105 .

1073 1108 1245 1141 inviolabili
1277 1109 1516 1142 conservatione
1545 1108 1756 1151 suscipimus,
1781 1118 1815 1140 ac
1840 1100 1869 1114 ’““’

1073 1162 1263 1196 correctioni
1280 1168 1309 1195 et
1332 1162 1532 1196 omnimodae
1557 1162 1766 1196 iurisdictioni
1786 1162 1816 1194 in

1073 1215 1289 1259 spiritualibus
1319 1221 1349 1249 et
1382 1216 1608 1260 temporalibus
1641 1215 1715 1249 dicti
1747 1216 1816 1248 Ale-

1074 1269 1184 1302 xandri
1210 1269 1350 1313 episcopi
1382 1269 1551 1302 cardinalis
1575 1274 1605 1302 et
1629 1269 1818 1313 protectoris

1074 1334 1132 1367 pro
1157 1328 1299 1368 tempore
1330 1322 1491 1356 existentis
1516 1323 1590 1366 (qui
1616 1322 1711 1355 etiam
1735 1322 1820 1355 illius

1075 1376 1230 1416 defensor,
1245 1381 1458 1417 conservator,
1477 1386 1513 1408 ae
1529 1375 1623 1409 iudex
1640 1375 1820 1409 ordinarius

1075 1430 1196 1471 existat,
1214 1434 1244 1464 et
1263 1441 1371 1463 coram
1391 1441 1465 1474 quo,
1491 1440 1546 1463 seu
1568 1429 1708 1473 praelato
1724 1429 1762 1462 ab
1783 1439 1820 1461 eo

1076 1483 1107 1515 in
1127 1484 1412 1527 viccprotectorem
1440 1483 1618 1527 deputa-ndo
1648 1483 1819 1522 dumtaxat,

1077 1547 1185 1570 omnes
1215 1543 1243 1571 et
1279 1537 1423 1580 singulae
1452 1537 1544 1576 lites,
1568 1537 1767 1581 quaestiones
1791 1541 1821 1568 et

1077 1591 1239 1624 molestiae
1263 1590 1372 1623 civiles
1395 1596 1424 1623 et
1449 1590 1628 1623 criminales
1653 1601 1688 1623 ac
1706 1590 1819 1624 mixtae

1077 1655 1171 1688 super
1195 1644 1325 1688 hospitii
1351 1655 1405 1677 seu
1426 1644 1551 1687 collegii
1569 1643 1750 1677 huiusmodi
1765 1643 1820 1677 bo-

1077 1700 1135 1740 nis,
1160 1699 1264 1739 rebus,
1283 1698 1415 1739 iuribus,
1437 1698 1613 1731 actionibus
1630 1701 1659 1732 et
1675 1697 1820 1742 personis

1079 1752 1261 1793 movendae,
1287 1762 1358 1785 cum
1384 1751 1530 1784 omnibus
1555 1761 1664 1785 earum
1684 1750 1821 1785 inciden—

1079 1806 1170 1847 tibus,
1196 1804 1466 1849 dependentibus,
1491 1804 1743 1848 emergentibus,
1767 1815 1821 1837 an-

1078 1859 1166 1892 nexis
1191 1863 1220 1893 et
1244 1858 1409 1899 connexis,
1434 1862 1564 1902 totoque
1582 1857 1710 1900 negotio
1733 1857 1840 1901 prin-'

1079 1913 1183 1957 cipali,
1208 1913 1359 1957 privative
1375 1912 1479 1956 quoad
1496 1922 1607 1945 omnes
1623 1912 1703 1945 alios
1719 1911 1818 1945 dictae

1081 1966 1172 1999 Urbis
1189 1965 1309 1999 iudices
1324 1965 1512 2006 ordinarios,
1527 1975 1703 2010 eorumque
1720 1965 1821 1998 tribu-

1080 2021 1171 2061 nalia,
1198 2020 1345 2063 cognosci
1364 2025 1393 2053 et
1409 2019 1511 2053 decidi
1528 2019 1675 2064 debeant.)
1693 2019 1822 2053 submit-

1080 2075 1175 2107 timus
1200 2080 1229 2107 et
1249 2073 1442 2107 subiicimus.

1700 245 1767 278 541
1820 255 1870 281 An.
1889 255 1918 282 c.
1938 254 1999 282 1624

1859 690 1973 715 Collegium
1989 691 2012 710 ti-

1827 717 1889 738 berat
1906 723 1918 737 a
1935 719 2012 737 contn-

1827 744 1914 765 hunone
1927 746 1947 764 et
1958 744 2012 764 sclu-

1828 772 1885 791 tione
1921 770 2013 791 declina-

1828 803 1880 821 rum.
1915 797 2013 818 aliorum-

1829 830 1869 851 que
1885 829 1979 845 onerum.

1892 1011 1936 1033 Sub
1951 1011 2014 1033 Sutiffi

1830 1039 1960 1069 apostolicae
1968 1043 2014 1067 pro-

1831 1068 1922 1095 tectione
1949 1070 2014 1085 susei-

108 2110 237 2141 risdictione.
247 2117 294 2133 eor-

109 2140 223 2162 recltone,
251 2141 291 2160 etc.

1125 2130 1140 2172 ξ
1164 2129 1214 2162 12.
1241 2129 1417 2162 statuentes
1447 2132 1477 2160 et
1506 2128 1705 2168 ordinantes,
1738 2127 1822 2171 quod
1865 2129 2022 2175 mmmm-

1080 2182 1155 2215 dicti
1179 2181 1308 2226 hospitii
1342 2192 1397 2215 seu
1429 2181 1553 2224 collegii
1583 2181 1679 2214 abbas
1703 2177 1879 2224 praesi-{ffi}
1895 2173 2023 2228 ζ’,ῗξζᾚυῗζ

1080 2236 1156 2269 dens
1181 2246 1198 2268 a
1222 2235 1385 2269 monachis
1409 2235 1440 2268 in
1466 2246 1504 2268 eo
1528 2246 1588 2279 pro
1612 2241 1753 2278 tempore
1772 2234 1823 2267 de·
1837 2225 2022 2281 JJ,.}¹Z}³1}¹²02‘1¹1'{5{}‘‚

1080 2289 1236 2333 gentibus,
1262 2300 1299 2322 ex
1323 2299 1433 2323 eorum
1458 2288 1590 2331 gremio,
1613 2299 1668 2321 seu
1693 2298 1730 2321 ex
1747 2298 1823 2331 quo·
1837 2279 2022 2335 2.‡l?„³1,'⁰5¹:2³.,¹22i

1081 2353 1217 2387 cumque
1240 2342 1302 2376 alio
1319 2341 1460 2375 eiusdem
1476 2341 1602 2375 Ordinis
1618 2341 1821 2382 monasteriO,
1836 2331 2022 2386 ῗξῗιῖἶῗᾶἓὲωωῖῗι

1082 2397 1113 2429 in
1138 2401 1339 2440 perpetuum,
1357 2395 1487 2428 servatis
1505 2394 1542 2427 de
1559 2394 1628 2428 iure
1652 2394 1822 2434 servandis,

1081 2449 1172 2492 eligi,
1197 2449 1327 2492 eiusque
1351 2448 1490 2481 officium
1509 2448 1547 2480 ad
1572 2447 1823 2492 quinquennium

310 2502 466 2544 gularium
491 2503 522 2536 in
546 2503 629 2537 dicta
660 2503 743 2536 Urbe
767 2503 984 2544 existentium,
1011 2513 1047 2536 ac
1081 2508 1202 2536 tantum
1222 2502 1354 2542 durare;
1369 2512 1415 2542 ac,
1435 2501 1596 2545 perpetuis
1617 2501 1732 2534 suturis
1748 2505 1825 2534 tem-

311 2555 435 2590 Ordinis
447 2557 774 2601 seiiCongregationis
786 2557 977 2592 Cassinensis
994 2557 1048 2591 hu-
1081 2556 1231 2601 poribus,
1256 2555 1404 2589 omnibus
1427 2560 1457 2588 et
1483 2554 1613 2598 singulis
1641 2554 1824 2599 privilegiis,

312 2610 445 2644 iusmodi
470 2612 669 2655 superiorum
686 2612 742 2655 (ita
761 2617 866 2645 tamen
885 2611 969 2656 quod
988 2603 1065 2644 sin·¹
1082 2610 1192 2653 gratiis
1209 2615 1239 2642 et
1260 2608 1397 2649 indultis,
1417 2608 1531 2652 quibus
1549 2608 1683 2652 praefati
1698 2608 1824 2642 Ordinis

314 2663 395 2706 gulis
418 2665 507 2698 annis
531 2665 570 2698 ab
599 2674 662 2698 uno
692 2675 747 2699 seu
768 2664 892 2699 duobus
917 2674 954 2699 cx
975 2674 1033 2710 pro
1083 2669 1111 2698 et
1135 2663 1423 2707 Congregationum
1449 2673 1484 2696 ac
1508 2662 1695 2706 praesertim
1725 2662 1835 2699 Cassi-⁴

110 2163 182 2184 viem
200 2164 262 2186 Urbis
273 2169 294 2186 Μ
307 2127 400 2170 bona,
414 2133 476 2161 tam
489 2128 628 2169 mobilia,
641 2139 734 2172 quam
747 2129 931 2170 immobilia,
945 2130 1046 2162 cuius-

109 2191 294 2223 superiqrumnon-
308 2192 444 2225 cumque
457 2181 614 2225 qualitatis
631 2187 661 2215 et
676 2182 855 2226 quantitatis
872 2183 1045 2224 existentia,

109 2219 294 2268 lissgsssslss'ffisffnliss
309 2245 344 2268 ac
367 2235 499 2269 ubilibet
522 2235 732 2276 consistentia,
757 2235 796 2268 ab
820 2236 907 2269 omni
923 2236 1046 2269 iurisdi-

308 2288 421 2329 ctione,
445 2289 659 2330 correctione,
683 2289 872 2329 visitatione,
895 2289 1045 2330 dominio,

308 2342 528 2386 superioritate
553 2348 582 2375 et
606 2346 758 2386 potestate
781 2341 912 2386 praefati
935 2343 1046 2383 nostri,

308 2400 338 2428 et
360 2406 419 2440 pro
443 2400 585 2440 tempore
610 2395 770 2430 existentis
787 2395 819 2429 in
835 2395 947 2429 eadem
963 2396 1046 2430 Urbe

310 2448 438 2490 vicarii,
462 2449 501 2482 ad
526 2449 624 2482 instar
650 2449 785 2483 aliorum
814 2449 959 2482 locorum
990 2459 1046 2482 re-
