2293 3231
296 285 344 311 An.
366 284 395 311 c.
415 282 482 312 ¹0¹2
528 272 571 307 84

495 331 754 376 interpositarum
780 331 910 363 reiicerc
939 329 987 361 vel
1018 328 1256 398 committere‚¹

497 386 579 418 idem
605 389 792 429 procurator
816 383 975 428 appellare
992 392 1054 415 non
1072 381 1238 426 probibea-

496 446 563 480 tur;
581 451 700 479 verum,
715 438 817 483 quoad
836 438 959 470 illarum
974 436 1175 469 reiectionem
1190 436 1237 468 wl

496 493 761 529 conunissionmu,
783 502 842 535 pro
860 501 1026 523 causarum
1048 490 1095 523 vel
1122 499 1235 533 perso-

495 557 607 579 narum
633 546 791 589 qualitate,
807 545 968 587 signatura
985 543 1051 588 ipsa
1068 553 1236 576 occurren-

495 600 579 633 tibus
596 599 719 632 vasibus
732 598 911 631 huiusmodi
930 597 1098 642 providere
1112 597 1238 642 poterit;

496 654 527 687 in
552 654 640 687 cuius
669 652 901 686 commissionis
933 651 1095 695 signatura
1126 651 1240 684 citetur

496 708 595 752 prius,
621 713 788 750 antequam
814 706 966 749 signetur,
984 716 1058 750 pars
1076 716 1155 749 quae
1172 715 1240 738 scn-

495 759 624 795 tcntiai'n
656 761 883 794 absolutoriam
915 761 1060 801 obtinuit,
1087 765 1118 792 et
1149 760 1241 793 aliter

496 815 657 859 signatura
687 814 804 847 nullius
835 813 896 847 sit⁴
928 814 1069 851 roboris,
1097 814 1145 846 vel
1178 824 1242 847 mo-

496 869 601 903 menti.

541 923 593 956 stt.
619 923 672 960 Et.
695 933 766 956 cum
784 923 922 956 officium
940 922 1157 967 procuratoris
1174 921 1240 955 sisci

497 977 601 1021 quoad
617 988 728 1010 causas
743 977 923 1010 criminales
938 976 1156 1021 principaliter
1172 985 1244 1009 con—

498 1031 584 1064 sistat
603 1031 634 1063 in
652 1031 899 1074 prosequutionc
915 1030 1061 1074 publicae
1077 1029 1242 1069 xindictae,

497 1094 560 1118 non
585 1095 618 1117 sc.
644 1085 829 1118 intromittat
851 1095 910 1128 pro
928 1083 1108 1117 obtinendis
1132 1083 1243 1116 inhibi-

499 1138 636 1172 tionibus
661 1138 699 1170 de
724 1137 962 1182 supersedendo
987 1137 1019 1170 in
1043 1137 1146 1170 causis
1171 1136 1243 1170 cix-i-

498 1191 598 1233 libus,
623 1195 652 1226 ct
678 1192 867 1236 praesertim
893 1201 1079 1231 usurarum,
1103 1191 1163 1224 nisi
1189 1191 1242 1224 ubi

499 1245 537 1278 de
553 1246 621 1279 iure
639 1246 677 1278 ad
694 1246 761 1279 cius
780 1245 961 1279 instantiam
978 1245 1114 1278 inhiberi
1131 1249 1241 1289 potest.

544 1299 596 1332 12.
622 1299 685 1332 Nec
701 1299 728 1332 ci
747 1299 961 1333 concedantur
976 1299 1098 1332 litterae
1113 1298 1151 1331 ad
1169 1310 1243 1343 par-

500 1358 546 1385 tes
570 1363 630 1396 pro
655 1353 818 1398 capiendis
843 1353 971 1394 inditiis,
988 1353 1048 1386 nisi
1065 1353 1138 1386 dato
1154 1353 1244 1398 prius

501 1406 606 1450 aliquo
631 1407 735 1447 sumo,
761 1407 894 1441 arbitrio
919 1407 1031 1440 iudicis
1056 1417 1073 1439 a
1098 1418 1160 1450 quo
1186 1408 1245 1440 im-

500 1465 682 1504 petrantur-3
708 1466 737 1494 et
764 1466 836 1493 tunc
862 1471 924 1494 non
943 1460 1181 1494 committantur
1205 1461 1246 1494 al—

500 1514 570 1553 teri,
589 1525 682 1558 quam
701 1515 761 1548 loci
778 1514 956 1556 Ordinario,
973 1515 1021 1548 vel
1037 1515 1104 1548 cius
1118 1515 1246 1557 vicario,

500 1569 559 1601 nisi
599 1569 788 1603 subsistente
826 1569 984 1613 probabili
1018 1571 1112 1602 eausa
1145 1570 1247 1614 suspi-

501 1633 610 1656 cionis.

546 1676 598 1711 13.
624 1677 687 1710 Nec
712 1677 805 1711 etiam
830 1677 995 1711 dilationes
1018 1688 1081 1711 non
1109 1688 1249 1711 neccssa-

502 1731 578 1772 riae,
590 1741 649 1764 nec
666 1731 774 1765 debito
790 1731 979 1775 longiores?
999 1732 1180 1772 Quinimmo
1197 1743 1250 1776 po-

504 1784 565 1817 tius
589 1784 735 1820 studeant
751 1785 870 1819 iudices
885 1785 1122 1830 quamprimum
1140 1796 1250 1820 causas

504 1838 662 1883 expedire.

549 1891 600 1924 Μ.
625 1891 819 1926 Procurator
836 1893 995 1937 praefatus
1008 1903 1071 1926 non
1085 1898 1194 1928 tractet
1211 1893 1250 1927 de

505 1946 734 1990 compositione
759 1957 831 1980 cum
857 1947 932 1991 ipsis
956 1947 1028 1987 reis,
1053 1947 1106 1980 sed
1124 1947 1250 1992 expedi-

505 1999 580 2033 tioni
599 2010 765 2033 causarum
782 2000 957 2041 incumbat3
973 2006 1000 2033 et
1015 2001 1068 2034 ubi
1084 2011 1156 2034 rcus
1169 2012 1252 2035 com-

506 2053 695 2098 positionem
712 2054 780 2086 sicri
801 2054 937 2099 petierit,
951 2064 1013 2088 non
1031 2054 1082 2087 [iat
1102 2055 1160 2087 nisi
1178 2066 1250 2088 cum

506 2107 683 2140 interventu
708 2107 836 2149 iudicis,
862 2112 889 2142 et
922 2108 1018 2152 ipsius
1043 2108 1109 2142 fisci
1135 2120 1251 2153 procu-

507 2161 629 2195 ratoris.

551 2214 602 2248 ¹15.
627 2214 684 2255 Qui
705 2215 798 2249 etiarn
816 2226 879 2249 non
896 2222 1108 2260 prosequatur
1125 2228 1251 2250 causam

507 2269 726 2313 appellationis
750 2280 767 2302 a
792 2270 943 2304 sententia
962 2275 1072 2304 contra
1089 2281 1160 2303 eum
1178 2271 1252 2312 lata,

507 2322 560 2355 ubi
586 2322 663 2355 adsit
691 2323 856 2367 instigator
881 2327 1019 2357 secretus
1043 2324 1090 2356 rel
1115 2329 1252 2368 apertus,

507 2375 565 2409 nisi
590 2377 661 2411 data
682 2377 770 2421 prius
786 2388 844 2422 per
864 2377 1010 2411 cumdem
1036 2378 1252 2421 instigatorem

508 2430 652 2464 cautione
669 2430 708 2464 de
729 2431 899 2465 reficiendo
917 2442 1068 2476 expensas
1088 2438 1149 2465 tam
1167 2433 1253 2477 prio-

508 2483 552 2516 ris
576 2494 670 2528 quam
696 2485 857 2519 ulterioris
880 2485 1044 2520 instantiae
1062 2485 1092 2519 in
1108 2490 1252 2521 eventum

509 2537 773 2572 succumbentiae.

545 2666 558 2693 ‘l
572 2665 690 2702 Utraque
701 2665 764 2693 edit.
778 2665 858 2694 Μαίη.
871 2670 898 2694 et
906 2665 1024 2694 Cherub.
1037 2665 1154 2695 hahetsi
1163 2666 1251 2702 (asin).

545 2710 562 2737 ⁶2
581 2710 758 2747 Subintellige
777 2711 972 2740 concedantur
991 2716 1028 2747 (n.
1045 2712 1093 2747 τ.).

1078 279 1257 304 nuh-mum
1282 279 1435 304 nomst'n

1314 328 1366 362 rto.
1392 327 1459 360 Non
1491 326 1637 360 audiatur
1667 327 1761 361 tiscus
1788 326 2012 372 protestando,

1271 390 1396 413 causam
1414 390 1494 424 quae
1509 380 1613 423 agitur
1630 380 1710 415 inter
1726 381 1864 425 privatos
1880 390 1943 414 non
1959 391 2013 413 cx-

1271 434 1371 478 pediri
1396 434 1454 466 nisi
1480 434 1547 478 ipso
1571 434 1664 468 citato
1686 434 1744 467 sub
1759 440 1923 478 praetextu
1935 434 2014 467 intc-

1273 498 1356 521 resse
1375 488 1482 532 ipsius,
1497 488 1555 521 nisi
1567 488 1605 521 de
1619 488 1673 522 illo
1687 489 1900 529 incontinenti,
1919 498 2016 533 quan-

1273 548 1337 575 tum
1359 542 1453 575 iudici
1471 542 1614 575 sufficere
1631 541 1798 584 ridebitur,
1810 542 1962 576 docuerit.

1320 595 1369 630 17.
1395 597 1430 630 Et
1455 607 1526 630 eum
1551 596 1588 629 sit
1614 595 1681 629 fisci
1713 601 1743 629 et
1774 606 1917 630 camerae
1944 606 2019 640 apo-

1273 652 1400 686 stolicae
1424 656 1614 696 procurator
1629 651 1795 694 generalis,
1809 654 1836 685 et
1850 654 2019 695 propterca

1273 706 1312 739 ad
1337 717 1409 740 eum
1435 710 1550 750 spectet
1580 708 1803 749 procuratores
1826 704 1950 738 fiscales
1972 703 2018 738 uti

1273 761 1341 793 eius
1357 760 1541 794 substitutos
1558 759 1589 792 in
1611 758 1704 792 terris
1720 762 1844 792 sanctae
1860 758 2018 792 Romanae

1273 814 1430 847 Ecclesiae
1455 813 1627 858 deputare,
1651 812 1722 845 illos
1745 811 1839 855 legati
1863 811 1957 846 etiam
1981 811 2020 844 de

1275 868 1372 901 latere
1389 878 1462 900 cum
1485 867 1599 899 litteris
1615 866 1793 910 patentibus
1808 865 1882 899 dieti
1906 875 2021 909 procu-

1275 922 1390 955 ratoris
1413 921 1528 955 fiscalis
1551 921 1588 954 ad
1606 931 1717 954 eorum
1735 920 1838 954 officia
1855 919 2020 954 admittere

1276 981 1451 1015 teneantur,
1465 979 1493 1010 et
1508 975 1618 1009 saciant
1632 975 1763 1008 admitti.
1780 973 1837 1014 Qui
1851 973 2020 1015 substituti,

1276 1029 1334 1062 snb
1351 1031 1452 1073 poena
1470 1028 1655 1074 privationis
1669 1038 1780 1061 eorum
1795 1027 1889 1061 officii
1903 1037 1938 1061 ac
1951 1026 2021 1060 aliis

1275 1083 1407 1117 arbitrio
1431 1086 1538 1117 nostro
1559 1081 1768 1127 imponendis,
1786 1081 1888 1126 ipsum
1905 1091 2020 1126 procu-

1277 1141 1415 1183 ratorem
1446 1137 1628 1180 generalem
1658 1136 1696 1169 de
1730 1135 1876 1169 omnibus
1909 1135 2022 1168 fiscum

1276 1191 1550 1231 concernentibus,
1563 1196 1591 1224 et
1606 1190 1793 1235 pracsertim
1809 1189 1847 1223 de
1861 1188 2023 1222 sententiis

1278 1251 1339 1278 tam
1371 1244 1575 1278 absolutoriis
1605 1255 1700 1288 quam
1735 1242 2022 1284 condemnatoriis,

1278 1299 1445 1334 certiorem
1470 1299 1572 1332 facere
1597 1298 1739 1332 debeant.

1326 1353 1374 1386 18.
1400 1351 1509 1387 Caveat
1534 1358 1638 1386 autem
1657 1352 1740 1385 idem
1764 1356 1954 1397 procurator
1972 1361 2025 1395 ge-

1278 1407 1405 1447 neralis,
1431 1417 1469 1439 ne
1494 1417 1511 1439 a
1534 1406 1626 1441 dictis
1649 1406 1717 1439 cius
1741 1405 1935 1447 substitutis,
1959 1405 2024 1438 sive

1278 1470 1336 1505 pro
1354 1461 1575 1495 substitutione
1589 1460 1739 1501 facienda,
1753 1460 1818 1493 sive
1835 1459 1946 1504 quavis
1963 1459 2025 1492 alia

1279 1515 1400 1547 ratione
1420 1515 1465 1547 rcl
1484 1516 1590 1555 causa,
1616 1514 1787 1558 quicquam
1804 1513 1946 1558 recipiat,
1970 1511 2024 1546 sed

1279 1568 1385 1601 onmia
1409 1569 1622 1601 emolumenta
1646 1568 1765 1601 eisdem
1791 1567 1968 1601 substitutis
1991 1566 2026 1600 ti-

1279 1622 1355 1655 bere
1375 1627 1406 1655 et
1422 1622 1542 1665 integre
1558 1621 1702 1655 dimittat.

1325 1676 1376 1709 ⁴19.
1400 1676 1589 1719 l'igesimam
1607 1681 1711 1709 antem
1729 1674 1812 1709 dicto
1829 1674 1896 1708 sisci
1914 1685 2027 1719 procu-

1281 1730 1389 1771 ratori,
1400 1735 1427 1763 et
1440 1730 1643 1763 centesimam
1657 1728 1850 1764 substitutis¹
1866 1729 1974 1773 ipsius,
1987 1727 2026 1762 dc

1281 1783 1572 1828 compositionibus,
1597 1783 1884 1824 confiscationibus,
1901 1788 1931 1817 et
1954 1793 2027 1828 poe-

1282 1838 1330 1871 nis
1354 1848 1465 1871 eorum
1489 1839 1586 1882 opera
1612 1841 1641 1871 et
1666 1837 1843 1872 interventu
1861 1837 1923 1870 iam
1940 1837 2027 1870 inca-

1283 1892 1428 1931 meratis‚
1452 1891 1530 1926 idest
1561 1891 1642 1924 saeta
1672 1891 1732 1924 iam
1762 1891 2026 1932 ineamerafione,

1283 1950 1311 1980 ct
1336 1955 1398 1979 non
1423 1946 1520 1989 prius,
1539 1945 1647 1978 deberi
1668 1955 1702 1979 ac
1727 1946 1865 1990 persolvi
1881 1946 2028 1979 volumus

1283 2005 1311 2032 ct
1329 1999 1535 2032 declaramus.

1327 2053 1379 2087 020.
1403 2053 1438 2086 Et
1457 2053 1593 2097 amplius
1609 2052 1702 2086 iidem
1721 2052 1878 2087 substituti
1895 2052 2028 2094 fiscales,

1284 2119 1355 2141 cum
1365 2107 1403 2141 ad
1415 2107 1633 2141 reformandos
1644 2117 1811 2151 processus
1819 2106 2030 2141 extraUrbem

1285 2162 1472 2203 mittuntur,
1497 2162 1579 2196 ultra
1609 2161 1710 2194 victus
1734 2166 1764 2194 ct
1788 2171 1946 2206 equorum
1970 2161 2030 2194 im-

1285 2226 1435 2260 pensam,
1460 2216 1579 2260 possint
1614 2215 1707 2248 etiam
1739 2214 1843 2248 debita
1875 2219 1904 2249 et
1928 2218 2031 2248 taxata

1285 2268 1395 2302 viatica
1418 2268 1570 2312 recipere.

1330 2323 1381 2356 21.
1407 2323 1442 2355 Et
1468 2322 1535 2355 sisci
1561 2327 1750 2366 procurator·
1773 2326 1892 2365 septem
1917 2319 2031 2354 substi—

1287 2383 1369 2411 tutos
1392 2377 1510 2410 habere
1534 2376 1655 2416 debeat,
1679 2375 1794 2420 quibus
1821 2374 1954 2418 singulis
1978 2385 2030 2408 ca-

1287 2441 1373 2464 mera
1398 2435 1485 2464 scuta
1511 2430 1652 2475 quinque
1676 2433 1839 2462 menstrua
1861 2428 2030 2473 persolvat,

1286 2485 1430 2519 videlicet
1450 2489 1588 2529 quatuor
1603 2483 1788 2517 substitutos
1804 2493 1863 2527 pro
1879 2481 2030 2516 tribunali

1286 2539 1518 2584 gubernatoris,
1537 2537 1616 2572 duos
1636 2547 1694 2581 pro
1712 2536 1860 2571 tribunali
1877 2535 2031 2570 auditoris

1286 2603 1440 2634 camerac,
1453 2596 1483 2627 ct
1498 2601 1597 2625 unum
1618 2600 1677 2635 pro
1694 2589 1843 2623 tribunali
1865 2589 1984 2623 vicarii.

1323 2711 1331 2737 t
1347 2710 1446 2738 Omnes
1455 2708 1531 2738 editt.
1545 2716 1659 2738 erronee
1668 2708 1761 2745 legunt
1775 2707 1924 2737 substituti
1935 2706 2030 2744 (11:1¹.)-

2025 277 2076 305 An.
2090 276 2119 305 C.
2142 275 2211 306 ¹6¹2
