2293 3231
113 275 163 303 Αιι.
179 275 209 304 C.
230 275 298 306 1613

133 440 172 462 Hic
182 440 231 462 idco
241 440 295 462 Pon·

112 467 162 490 tifex
177 467 296 494 Congu-ega-

111 494 189 516 tinnem
202 494 296 516 Oratorii

110 521 160 542 lesu
167 519 244 541 Christi
254 520 295 542 Do-

110 547 160 568 mini
167 546 238 568 Nostri
245 552 296 568 nuu-

110 573 230 599 cupandam
256 578 295 600 pro

110 599 152 626 piis
173 600 295 621 sacerdoti-

65 638 68 639 ν
110 627 149 647 bus
162 626 253 648 instituit
261 642 267 652 ,

946 277 1066 302 PAULUS
1089 278 1109 301 V
1134 277 1181 301 1³9.

310 325 501 368 apostolieae
524 325 687 368 potestatis
713 324 908 368 providentia
941 334 1049 358 consu-

310 377 374 410 lerc
398 376 611 420 dignaremur.

354 430 370 473 g
393 429 422 462 2.
447 430 510 463 Nos
535 430 632 473 igitur
659 430 792 475 <quibus
817 441 891 463 cura
916 435 945 464 et
969 430 1050 464 solli-

310 482 416 515 citudo
440 482 528 516 cordi
557 482 670 516 insidet
690 483 784 516 fidem
809 488 839 516 et
863 482 1048 526 religionem

309 534 495 569 catholicam
526 545 704 579 propagare
716 534 736 576 ¹,
760 535 919 580 divinique
949 535 1050 568 cultus

309 591 513 630 augmentum
530 593 561 622 et
575 593 610 621 ut
627 588 846 621 christifideles
863 587 977 630 singuli
994 598 1050 631 per

308 641 390 674 viam
415 642 522 676 salutis
542 642 574 675 in
597 642 657 676 hoc
681 642 786 676 seculo
810 641 988 685 gradientes
1012 640 1050 673 ad

309 694 451 728 caelestia
474 705 571 738 regna
587 695 752 739 pervenire
776 700 958 728 mereantur
978 705 1051 738 pro-

308 758 431 788 curare,
445 748 632 792 praesertim
645 748 699 781 ubi
713 747 941 782 catholicorum
962 747 1050 791 prin-

309 801 416 844 cipum
440 807 511 834 vota
535 801 566 834 id
591 811 760 845 exposcere
792 811 828 834 ac
858 801 889 833 in
916 800 1050 834 Domino

309 854 477 887 salubriter
498 855 710 898 conspicimus
726 854 900 898 expedire),
911 853 1051 887 conside-

309 912 414 941 rantes
425 908 607 942 huiusmodi
629 908 856 942 institutionem
874 907 1051 952 specialiter

308 961 497 1002 sacerdotes,
514 966 567 994 aut
582 971 735 1005 personas
759 961 798 994 ad
822 960 1050 994 sacerdotalem

308 1018 423 1048 statum
447 1015 631 1058 aspirantes,
655 1015 704 1047 vel
728 1015 838 1047 saltem
863 1025 974 1048 eorum
991 1014 1050 1046 mi-

307 1066 438 1100 nisterio
462 1067 655 1100 necessarias
669 1093 677 1108 ‚
702 1077 737 1100 ac
765 1067 868 1100 lesum
892 1066 1048 1101 Christum

306 1119 474 1153 Dominum
499 1125 642 1153 nostrum
667 1119 870 1153 sacerdotalis
889 1119 1050 1163 dignitatis

307 1172 523 1206 immediatum
547 1172 759 1206 institutorem
785 1178 915 1216 tangere
940 1178 969 1205 et
998 1182 1049 1205 re-

306 1226 438 1270 spicere,
458 1236 595 1273 aequum
619 1225 754 1260 maxime
779 1232 809 1259 et
833 1226 948 1259 rationi
973 1235 1048 1259 con-

306 1285 490 1313 sentaneum
515 1279 706 1320 iudicamus,
731 1286 765 1313 ut
789 1280 843 1324 qui
867 1279 1048 1313 huiusmodi

306 1333 482 1366 institutum
499 1333 735 1376 aggrediuntur,
748 1334 831 1367 ultra
847 1343 1048 1367 communem

305 1386 446 1420 fidelium
470 1387 679 1428 devotionem,
705 1387 834 1431 speciali
857 1393 888 1420 ct
912 1387 1048 1431 particu-

305 1440 364 1474 lari
384 1441 542 1474 devotioni
567 1441 636 1474 Iesu
659 1441 774 1475 Christi
798 1441 923 1474 Domini
947 1441 1046 1474 nostri

304 1494 501 1535 addicantur,
520 1495 574 1539 qui
590 1500 636 1528 est
657 1494 809 1528 Sacerdos
833 1495 866 1527 in
882 1500 1045 1528 aeternum

304 1548 477 1581 secundum
501 1547 645 1581 ordinem
668 1548 906 1589 Melchisedech,
932 1554 962 1581 et
978 1549 1046 1582 fons

304 1602 472 1635 sacerdotii
485 1602 516 1635 in
530 1602 671 1636 Ecclesia
683 1602 868 1636 Christiana.
886 1603 965 1636 Hinc
978 1603 1045 1647 (pio

304 1660 335 1688 et
353 1655 472 1688 salubri
496 1647 597 1688 dfetae
613 1655 728 1688 Mariae
741 1656 871 1698 reginae
889 1655 1045 1689 desiderio

303 1707 516 1741 favorabiliter
532 1717 681 1750 annuere,
694 1718 729 1741 ac
742 1708 845 1752 ipsum
862 1719 940 1752 opus
957 1708 1044 1752 pium

303 1760 444 1794 muneris
476 1760 565 1794 Sedis
599 1761 798 1806 Apostolicae
831 1761 1045 1795 consolatione

303 1813 482 1854 confovere,
505 1823 564 1847 nec
587 1824 651 1848 non
675 1814 895 1848 christifideles
920 1814 958 1847 ad
982 1814 1044 1858 pia,

302 1867 464 1901 meritoria
489 1872 520 1900 et
543 1867 693 1900 salutaria
724 1878 824 1912 opera
847 1868 1022 1901 exercenda
1036 1896 1044 1909 ,

302 1921 450 1954 ecclesias
473 1931 601 1965 quoque
626 1927 655 1954 et
680 1931 769 1954 sacra
788 1921 843 1954 Dei
860 1922 977 1965 templa
993 1922 1045 1955 de-

301 1974 436 2008 votionis
457 1976 552 2008 causa
583 1974 736 2007 visitanda
750 1974 771 2016 ²,
796 1974 932 2007 aeternis
951 1985 1043 2019 prae-

301 2027 373 2060 miis
403 2037 439 2059 ac
470 2027 687 2071 spiritualibus
711 2028 895 2061 muneribus
919 2032 949 2061 et
973 2038 1044 2072 pcc-

301 2084 445 2113 catorum
481 2079 668 2113 remissione
706 2080 838 2113 invitare
881 2081 1042 2121 volente-53

301 2143 424 2166 necnon
448 2133 619 2166 Henricum
647 2133 830 2178 episcopum
860 2139 889 2167 et
916 2135 1042 2167 Petrum

301 2185 500 2230 praedictos,
525 2196 561 2219 ac
586 2196 696 2220 eorum
721 2187 912 2230 quemlibet,
938 2198 955 2220 a
979 2188 1043 2230 qui-

299 2239 407 2272 busvis
442 2238 798 2279 excommunicationis,
826 2240 1042 2283 suspensionis

301 2297 333 2326 et
349 2292 517 2333 interdicti,
535 2292 665 2335 aliisque
683 2292 901 2326 ecclesiasticis
918 2299 1042 2326 senten-

301 2345 363 2386 tiis,
388 2345 531 2379 censuris
557 2350 585 2379 et
610 2345 732 2389 poenis,
751 2356 766 2378 a
784 2345 852 2378 iure
869 2346 917 2378 vel
934 2346 971 2379 ab
988 2346 1042 2380 ho-

301 2391 386 2432 mine
401 2426 408 2440 ,
437 2399 548 2444 quavis
572 2399 736 2432 occasione
763 2400 809 2432 vel
835 2401 927 2432 eausa
951 2400 1040 2440 latis,

301 2452 326 2485 si
343 2452 457 2495 quibus
476 2452 714 2496 quomodolibet
730 2451 871 2485 innodati
895 2452 1041 2493 existunt,

300 2505 340 2538 ad
362 2505 508 2538 effectum
531 2505 743 2549 praesentium
761 2505 920 2539 dumtaxat
935 2516 1042 2539 conse-

337 2587 348 2611 1
366 2584 460 2620 Aptius
474 2585 620 2621 legendum
635 2585 772 2613 videretur
788 2587 993 2621 propagatum,
1015 2591 1041 2614 et

300 2629 379 2664 paulo
393 2633 454 2664 post
464 2631 645 2664 procurandi
661 2631 696 2666 (n.
713 2631 762 2665 τ.).

345 2673 440 2702 aedit.
461 2674 540 2703 Main.
557 2675 622 2712 legit
635 2676 773 2706 visitandi
787 2682 823 2712 ta.
845 2678 891 2711 T.).

1727 265 1791 300 -207
1838 274 1928 302 Aac.
1953 273 2019 302 1613

1080 324 1239 368 quendum
1254 351 1262 364 ,
1286 325 1399 357 haruin
1434 324 1513 356 serie
1545 323 1742 356 absolventes
1757 349 1764 363 ,
1792 329 1822 355 et

1080 377 1239 410 absolutos
1263 377 1330 410 sore
1355 382 1541 417 censentes),
1559 375 1737 409 huiusmodi
1754 386 1824 419 sup-

1082 430 1304 474 plicationibus
1331 430 1469 464 inclinati
1493 430 1590 473 (dicto
1615 430 1716 469 Petro,
1740 429 1824 472 apud

1082 494 1139 518 nos
1163 485 1201 517 de
1225 484 1388 527 religionis
1420 484 1508 523 zelo,
1534 484 1613 517 vitae
1638 494 1673 516 ae
1698 493 1823 516 morum

1082 537 1255 577 honestate,
1276 537 1404 581 aliisque
1430 537 1595 580 probitatis
1619 542 1649 570 et
1673 536 1823 568 virtutum

1082 589 1203 622 meritis
1239 590 1455 633 multipliciter
1487 590 1731 627 commendato,
1766 599 1823 622 no-

1083 648 1179 675 stram
1204 646 1231 676 et
1257 643 1356 675 dictae
1381 643 1469 676 Sedis
1492 643 1743 676 benedictionem
1767 642 1823 675 im-

1082 697 1282 740 pertientes),
1308 696 1346 728 ad
1371 696 1496 729 laudem
1521 702 1551 729 et
1575 696 1709 739 gloriam
1725 696 1823 729 omni—

1083 750 1221 793 potentis
1236 749 1292 782 Dei
1312 749 1412 782 Patris
1428 755 1456 782 et
1485 750 1662 782 animarum
1680 749 1822 789 salutem,

1082 811 1176 835 unam
1201 802 1258 835 sub
1293 803 1420 835 nomine
1454 802 1588 836 Oratorii
1618 803 1686 835 Iesu
1710 801 1824 836 Christi

1082 855 1206 889 Domini
1222 856 1321 888 nostri
1331 855 1615 898 Congregationem
1630 856 1662 888 in
1670 856 1824 889 honorem

1084 909 1263 943 orationum
1287 920 1364 953 quas
1388 909 1421 942 in
1445 909 1555 942 diebus
1572 909 1675 942 carnis
1696 919 1769 942 suae
1783 909 1826 941 su-

1083 962 1127 995 dit
1152 964 1199 1005 (ut
1223 962 1243 995 ii
1269 963 1322 1006 qui
1346 962 1629 1006 Congregationem
1654 963 1752 1007 ipsam
1781 962 1826 994 in-

1084 1015 1268 1058 gredientur
1292 1016 1437 1049 eumdem
1458 1016 1560 1049 lesum
1584 1016 1742 1050 Christum
1767 1026 1826 1059 pro

1082 1069 1173 1103 nobis
1186 1069 1218 1102 in
1231 1069 1372 1103 oratione
1390 1070 1528 1113 positum
1541 1075 1572 1103 et
1585 1075 1825 1113 pernoctantem

1082 1129 1296 1159 revereantur,
1308 1128 1399 1166 atque
1413 1122 1508 1156 etiam
1526 1122 1656 1156 instituti
1680 1122 1719 1155 ad
1741 1123 1826 1166 quod

1083 1176 1183 1209 vocati
1200 1181 1271 1208 sunt
1285 1181 1473 1209 moneantur
1482 1175 1501 1216 ¹,
1511 1181 1541 1208 et
1550 1175 1738 1219 praesertim
1747 1185 1825 1208 sem—

1082 1240 1140 1273 per
1163 1230 1244 1262 hane
1268 1230 1472 1273 praecipuam
1508 1228 1655 1262 omnibus
1687 1238 1826 1262 commu-

1081 1292 1153 1315 nem
1179 1288 1208 1316 et
1233 1283 1318 1316 omni
1344 1287 1486 1326 tempore
1511 1288 1739 1325 congruentem
1756 1282 1825 1315 offi-

1081 1336 1121 1369 eii
1142 1346 1253 1369 eorum
1270 1342 1403 1380 partem,
1417 1346 1496 1379 quae
1511 1336 1542 1368 in
1559 1336 1754 1370 orationibus
1767 1346 1826 1379 pro

1080 1390 1199 1433 populo
1224 1399 1259 1422 ac
1275 1389 1306 1422 in
1325 1389 1380 1423 Dei
1393 1389 1538 1422 laudibus
1551 1389 1748 1422 celebrandis
1759 1399 1828 1422 ver-

1080 1448 1165 1475 satur
1178 1442 1199 1484 ⁴³,
1229 1443 1385 1486 habeant)
1416 1443 1586 1487 apostolica
1619 1442 1812 1482 auctoritate,

1079 1501 1188 1529 tenore
1213 1496 1437 1540 praesentium,
1454 1496 1520 1529 sine
1541 1495 1673 1529 alieuius
1697 1495 1823 1539 praeiu-

1080 1548 1172 1589 dicio,
1203 1553 1357 1593 perpetuo
1382 1549 1533 1592 erigimus
1557 1554 1588 1582 et
1611 1548 1821 1581 instituimus:

1124 1603 1139 1646 ἕξ
1170 1602 1201 1636 3.
1232 1603 1418 1646 Dictumque
1454 1603 1581 1636 Petrum
1609 1602 1821 1635 institutorem
1893 1612 2021 1639 metumque

1079 1655 1110 1688 in
1142 1656 1357 1699 praepositum
1391 1656 1571 1699 generalem
1589 1655 1600 1671 ³
1627 1654 1720 1688 huius
1752 1654 1821 1698 pio·
1836 1639 2021 1692 {it‘ssssfflfiiffif

1836 1695 1885 1713 ctae
1901 1692 2021 1718 Congreget-

1078 1719 1150 1742 rum
1168 1710 1366 1743 sacerdotum
1379 1709 1456 1743 nulli
1482 1715 1571 1742 antea
1588 1708 1734 1751 religioni
1748 1714 1820 1742 voto
1835 1719 2021 1772 {igvgcijdmfflgrgffi

1079 1763 1212 1796 solemni
1238 1763 1437 1796 addictorum
1471 1764 1607 1806 (necnon
1631 1768 1660 1795 et
1685 1761 1820 1796 aliorum
1835 1772 1919 1793 insimui
1936 1773 2021 1798 religio·

1835 1805 1857 1819 se
1884 1800 1956 1820 vivant
1965 1815 1969 1822 .
1985 1804 2021 1819 eo·

1079 1816 1118 1848 ad
1141 1816 1374 1860 presbyteratus
1398 1816 1541 1849 ordinem
1564 1815 1746 1859 promoveri
1770 1826 2022 1877 cu-rcffiffisiiggtriffi-

1072 1869 1241 1914 vpienfirun,
1259 1875 1289 1902 et
1312 1869 1508 1913 reliquorum
1532 1869 1570 1902 ad
1593 1868 1760 1902 familiaria
1777 1869 1820 1902 of·
1835 1881 1878 1899 tum
1895 1878 2020 1904 perfectioni

1834 1907 1903 1926 status
1919 1905 2020 1926 sacerdo-

1078 1922 1149 1956 ficia
1172 1923 1437 1966 necessariorum)
1459 1922 1717 1966 Congregationis
1743 1922 1819 1956 Ora·
1835 1932 2021 1979 ffi'cifimbgffifflm

1079 1976 1150 2009 torii
1167 1976 1235 2009 Iesu
1252 1976 1364 2009 Christi
1382 1976 1505 2009 Domini
1524 1976 1622 2009 nostri
1639 1986 1820 2020 nuncupan-

1077 2029 1134 2062 dae
1158 2029 1349 2069 huiusmodi,
1367 2030 1419 2073 qui
1443 2029 1535 2062 simul
1560 2034 1589 2062 ct
1616 2029 1647 2061 in
1670 2029 1821 2063 societate

1078 2083 1224 2126 religiose
1246 2083 1362 2123 virere,
1386 2089 1416 2116 et
1439 2083 1625 2116 humilitatis
1649 2083 1773 2127 spiritu,
1791 2088 1822 2116 et

1077 2136 1147 2180 piae
1161 2136 1241 2169 vitae
1255 2136 1366 2169 studiis
1374 2136 1534 2170 Altissimo
1544 2137 1726 2169 famulatum
1738 2137 1821 2169 exhi-

1076 2189 1151 2222 bere
1169 2195 1197 2222 et
1215 2189 1399 2233 impendere
1417 2190 1571 2233 studeant,
1582 2201 1719 2235 quorum
1736 2190 1820 2234 prin-

1076 2242 1176 2286 cipale
1202 2253 1236 2276 ac
1262 2243 1467 2287 praecipuum
1492 2243 1666 2277 institutum
1690 2243 1726 2276 sit
1752 2254 1820 2287 per-

1112 2325 1122 2349 1
1142 2323 1290 2358 Perper-am
1305 2324 1414 2350 omnino
1429 2323 1494 2350 edit.
1510 2323 1590 2350 Main.
1604 2324 1668 2359 legit
1683 2331 1819 2351 movean-

1075 2369 1124 2393 tur
1137 2368 1175 2400 (n.
1192 2368 1240 2400 τ.).

1109 2413 1126 2438 2
1140 2411 1335 2440 Turbatissime
1356 2412 1444 2440 adhuc
1468 2412 1563 2440 eadem
1585 2413 1649 2440 edit.
1666 2413 1732 2448 legit
1752 2422 1816 2442 ver-

1074 2459 1179 2483 santur
1193 2456 1232 2491 (R.
1249 2457 1297 2490 Τ.).

1109 2500 1125 2527 3
1140 2500 1317 2535 Subintellige
1333 2501 1505 2535 deputamus
1524 2505 1550 2529 el
1571 2503 1749 2530 assumimus
1760 2525 1768 2537 ‚
1790 2507 1818 2530 ut

1074 2544 1196 2579 sequitur
1210 2548 1303 2580 postea
1317 2545 1343 2571 in
1360 2545 1412 2572 fine
1427 2544 1440 2579 ξ
1455 2546 1482 2578 4;
1499 2553 1559 2572 nam
1575 2554 1607 2573 eo
1623 2554 1709 2582 usque
1723 2555 1818 2575 sensus

1075 2592 1164 2616 manet
1179 2596 1334 2624 suspensus-
1348 2589 1429 2616 Porro
1446 2597 1570 2623 erronee,
1583 2594 1610 2617 ut
1623 2594 1699 2625 puto,
1712 2596 1818 2620 ceterae

1074 2633 1151 2660 editt.
1168 2633 1274 2669 legunt:
1290 2634 1455 2669 Metumque
1476 2635 1593 2662 Petrum
1613 2636 1642 2662 in
1665 2636 1817 2665 instituto-

1076 2686 1136 2705 rem
1150 2678 1342 2713 praepositum
1358 2680 1521 2713 yeneralem
1538 2680 1575 2715 (a.
1593 2681 1642 2714 τ.).

1801 2822 1853 2870 θ
