2293 3231
266 274 318 302 An.
333 273 363 300 C.
385 273 447 301 162¹

340 335 451 356 ctam-nae

267 366 446 389 praemunt-ue

511 325 526 365 ,ξ
551 321 602 354 16.
624 322 666 353 Ac
691 320 896 352 decernentes
919 318 1079 362 praedicta
1104 318 1229 362 onmia¹

467 381 497 408 et
517 374 649 417 singula,
668 378 914 417 praesentesque
931 372 1059 411 litteras,
1077 375 1106 405 et
1123 375 1212 404 testa·
1227 367 1229 378 '

467 431 589 466 menta,
613 426 814 465 donationes,
839 425 1018 465 codicillos,
1042 424 1208 457 fideicom-

468 480 570 518 missa,
596 479 706 522 legata,
731 478 955 518 ordinationes,
980 477 1230 531 derogatione&

467 532 686 578 dispositiones
711 537 740 565 et
764 532 823 564 alia
843 542 1072 576 quaecumque,
1090 541 1211 565 necnon
1228 564 1229 569 ,

467 596 546 630 quae.
579 586 610 618 in
639 586 821 630 praemissis
846 587 924 618 l'acta
950 591 1018 618 sunt
1035 613 1042 625 ,
1067 591 1119 618 aut
1143 575 1231 627 fieri}

468 639 656 682 contigerit,
679 643 740 673 tam
768 639 875 682 vigore
899 639 1092 683 praesentis,
1118 630 1232 695 quami

468 694 561 727 etiam
586 695 720 727 aliarum
745 695 985 728 concessionum
1010 694 1100 728 vobis
1125 695 1232 740 sacta-l

470 758 552 787 rum,
569 758 605 780 ac
629 747 777 792 deinceps
801 748 831 780 in
857 758 973 791 genere
997 753 1027 780 et
1052 749 1082 780 in
1108 747 1233 791 specie}

468 800 693 841 faciendarum,
714 812 785 834 cum
812 801 882 834 inde
902 801 1042 845 sequutis
1059 804 1087 834 et
1105 791 1233 845 sequti-'5

469 854 548 886 turis
565 854 672 896 (etiam
694 854 720 887 si
740 864 794 887 vos
816 853 913 888 inlra¹
932 854 1051 887 curiam
1069 858 1123 886 aut
1139 850 1233 908 qua-i

469 917 605 951 cumque
630 907 690 939 alia
714 907 822 940 mundi
847 912 936 951 parte
961 913 1048 940 extra
1068 906 1234 940 ecclesiast

471 965 501 992 ct
524 960 689 1001 beneficia,
714 961 912 1004 personalem
939 960 1140 993 residentiam
1166 943 1234 1011 νβ’-ξ

470 1013 638 1057 quirentia,
663 1014 936 1057 qualitercumque
956 1014 1142 1058 qualismata,
1160 1024 1216 1057 per
1232 1017 1234 1047 Ξ

471 1077 527 1100 vos
551 1077 634 1100 nunc
659 1072 689 1099 et
713 1078 771 1111 pro
797 1073 940 1111 {empore
965 1067 1101 1107 obtenta,
1122 1063 1235 1105 etiam}

472 1130 532 1164 pro
558 1122 660 1153 vestra
681 1120 750 1153 sola
774 1121 931 1154 voluntate
957 1126 986 1153 et
1010 1121 1096 1153 nulla
1122 1120 1218 1153 subsi-

473 1178 574 1206 stente
599 1175 692 1206 eausa
718 1173 891 1207 residentes
907 1174 946 1206 ab
963 1174 1109 1207 humanis
1126 1174 1216 1207 dcce-

473 1226 549 1259 dere
563 1226 746 1270 contigerit)
760 1227 817 1259 sub
832 1227 944 1260 litteris
961 1227 1059 1260 felicis
1077 1227 1218 1260 recorda-

474 1279 568 1313 tionis
584 1279 629 1312 Pii
650 1279 750 1323 Papae
767 1280 803 1312 IV
815 1280 826 1296 ²
844 1280 1097 1324 praedecessoris
1119 1280 1218 1313 nostri
1234 1299 1237 1333 Ι

474 1338 585 1366 contra
609 1343 827 1377 quoscumque
851 1334 1038 1378 episcopos,
1063 1334 1237 1378 arcliiepi-³

475 1397 587 1431 scopos
616 1392 646 1420 et
674 1387 752 1421 alios
785 1389 953 1431 praelatos,
981 1398 1103 1421 necnon
1131 1399 1221 1431 paro-

474 1440 624 1473 chialium
646 1441 848 1473 ecclesiarum
870 1447 1019 1481 rectores,
1037 1445 1220 1484 ceterosque

474 1493 664 1526 residentiae.
678 1494 836 1537 personali
851 1494 1030 1538 praedictae
1044 1494 1220 1535 adstrictos,
1236 1500 1238 1523 l

475 1551 564 1579 extra
588 1547 672 1579 illam
698 1547 998 1591 quomodocumque
1023 1548 1239 1593 decedentes}

474 1599 610 1644 septimo
634 1599 782 1633 kalendas
806 1600 998 1642 decembris,
1022 1595 1239 1645 potititicatus{

475 1653 524 1686 sui
558 1663 640 1686 anno
665 1663 703 1692 v,
735 1659 787 1686 aut
818 1654 880 1688 alio
912 1655 1027 1688 veriori
1060 1660 1221 1699 tempore,

477 1706 654 1750 emanatis³‚
673 1712 703 1740 et
719 1707 777 1740 sub
795 1708 1045 1753 quibuscumque
1066 1709 1134 1742 aliis
1151 1719 1223 1742 con-

477 1760 701 1801 stitutionibus,
726 1766 777 1793 aut
804 1762 1070 1804 revocationibus,
1097 1773 1224 1807 suspen-

478 1813 630 1853 sionibus,
654 1813 904 1855 imitationibus,
926 1815 1222 1857 modificationibus,

477 1867 622 1908 decretis,
647 1867 914 1902 declarationibus
938 1869 1129 1913 apostolicis,
1150 1880 1222 1903 can-

479 1918 624 1952 cellariae
644 1919 835 1962 apostolicae
859 1920 989 1962 regulis,
1006 1931 1043 1954 ex
1061 1920 1224 1964 quibusvis

480 1971 593 2011 causis,
609 1976 899 2016 quantumcumque
916 1973 1071 2013 maximis,
1089 1973 1224 2017 urgenti-

480 2024 539 2057 bus
555 2030 586 2057 et
602 2024 908 2067 inexcogitabilibus,
925 2026 1017 2060 etiam
1035 2026 1067 2059 in
1084 2026 1223 2060 savorem

481 2077 554 2110 fidei
579 2083 607 2110 et
632 2077 729 2110 divini
750 2078 852 2112 cultus
868 2085 1085 2122 augmentum,
1103 2090 1138 2113 ac
1154 2090 1225 2113 con-

481 2129 699 2171 sistorialiber,
719 2130 812 2164 etiam
837 2141 855 2163 a
878 2131 969 2164 nobis
993 2137 1021 2165 et
1042 2131 1120 2166 Sede
1139 2143 1226 2177 prae-

482 2183 542 2215 fata
566 2183 717 2216 hactenus
754 2184 800 2216 vel
837 2194 920 2217 nunc
944 2190 974 2218 et
998 2196 1057 2229 pro
1081 2191 1224 2230 tempore

482 2236 571 2270 factis
587 2242 617 2270 et
633 2236 734 2277 editis,
759 2237 888 2271 minime
912 2239 1149 2282 comprehendi.
1170 2240 1224 2273 sed

483 2300 608 2334 semper
632 2290 671 2323 ab
695 2291 757 2324 illis
781 2296 920 2335 excepta,
940 2297 969 2324 ct
994 2293 1117 2336 quoties
1140 2304 1225 2325 ema-

482 2350 572 2377 natac
597 2345 723 2385 suerint,
741 2345 832 2378 toties
856 2345 887 2377 in
911 2345 1077 2389 pristinum
1102 2352 1132 2379 ct
1156 2347 1228 2379 vali-

483 2397 648 2431 dissimum
666 2403 781 2432 statum
796 2399 839 2442 (et
855 2399 947 2432 ctiam
965 2399 1022 2432 sul)
1038 2399 1107 2432 data
1125 2405 1228 2444 poste-

522 2498 532 2522 t
557 2495 610 2522 Nisi
630 2496 773 2531 legendum
794 2496 827 2523 sit
846 2499 930 2525 extra
950 2498 986 2532 (n,
1003 2500 1048 2529 ·r.).

520 2539 537 2566 ⁶2
552 2539 673 2567 Erronee
687 2540 752 2568 edit.
764 2540 847 2567 Main.
861 2541 925 2575 legit
935 2541 986 2569 Pii
997 2542 1095 2577 Papae
1113 2542 1166 2576 ΙῙῙ,
1183 2542 1228 2578 qui

486 2593 586 2620 paucos
606 2589 708 2613 tantum
724 2585 782 2613 dies
796 2586 918 2622 regnavit
932 2587 971 2621 (n.
988 2589 1035 2616 τ.).

521 2631 539 2657 3
553 2630 668 2659 Litterae
688 2631 840 2659 huiusmodi
853 2632 890 2659 Pii
903 2632 990 2668 Papae
1004 2632 1034 2659 lv
1057 2632 1183 2668 leguntur
1202 2633 1229 2660 in
1244 2627 1247 2650 ¹

488 2675 631 2709 Butlario,
652 2680 718 2704 tom.
735 2683 783 2712 vn,
798 2684 859 2712 pag.
877 2676 928 2704 332
942 2680 980 2712 (a.
996 2683 1045 2710 τ.).

1057 268 1237 294 ΒῐῖἱιΑῐὶῐῑἮ
1260 268 1416 293 Romaim

1243 317 1331 357 riori,
1341 316 1434 350 etiam
1449 326 1520 349 curn
1535 316 1802 358 derogationibus,
1813 320 1843 349 et
1855 315 1984 359 regulis,

1243 370 1337 404 etiarn
1351 369 1623 413 derogatoriarum
1637 369 1987 412 de1·ogatoriis,irritan-

1244 424 1390 468 tibusque
1411 429 1441 456 et
1461 423 1529 456 aliis
1549 423 1683 456 decretis
1699 433 1756 467 per
1770 433 1826 456 vos
1841 422 1985 466 eligenda

1244 477 1441 522 apponendis
1465 482 1495 510 et
1516 476 1667 509 latissime
1695 476 1924 520 specificandis)
1942 487 1988 509 re-

1245 531 1368 576 posita,
1395 531 1537 564 restituta
1562 536 1592 564 et
1616 530 1757 574 plenarie
1781 530 1987 574 reintegrata,

1246 594 1281 617 ac
1297 583 1335 616 de
1351 594 1432 617 novo
1449 594 1608 623 concessa,
1626 583 1790 628 validaque
1806 589 1837 617 et
1852 583 1990 616 efficacia

1247 638 1323 678 sore,
1336 647 1458 670 necnon
1475 638 1628 681 perpetua
1646 636 1794 670 firmitate
1807 636 1990 676 subsistere,

1247 701 1383 734 suosque
1408 690 1567 734 plenarios
1591 696 1620 723 et
1645 700 1754 724 omnes
1778 689 1919 730 effectus,
1934 688 1991 733 qui

1247 743 1285 776 de
1317 744 1384 776 iure
1399 770 1406 784 ‚
1432 743 1510 788 stylo
1525 771 1532 784 ,
1557 743 1805 790 consuetudine,
1829 747 1884 776 aut
1915 742 1991 775 alias

1247 797 1545 841 quomodocumque
1562 797 1667 831 sortiri
1683 802 1842 841 poterunt,
1859 801 1912 829 aut
1929 795 1990 829 vim

1250 851 1324 892 veri,
1349 851 1500 894 legitimi,
1526 851 1637 891 iurati,
1662 849 1820 894 stipulati,
1845 849 1939 882 validi
1963 854 1993 882 et

1248 904 1384 937 efficacis
1407 909 1589 937 contractus
1613 904 1695 937 inter
1718 914 1774 936 vos
1798 914 1834 936 ex
1859 905 1932 944 una,
1957 911 1993 935 ac

1249 967 1306 989 nos
1332 962 1362 989 et
1386 967 1544 990 cameram
1564 957 1743 1000 praedictos
1759 966 1795 989 ex
1812 956 1910 988 altera
1927 965 1996 1000 par-

1250 1011 1333 1044 tibus
1353 1011 1480 1050 habere,
1501 1021 1557 1042 nee
1578 1010 1670 1044 etiam
1688 1020 1745 1054 per
1761 1008 1993 1054 promotionem

1250 1064 1288 1096 ad
1319 1065 1484 1098 ecclesiam
1517 1064 1731 1097 cathedralem
1754 1064 1849 1096 etiam
1877 1068 1995 1096 metro-

1251 1118 1443 1161 politanam,
1468 1124 1518 1150 aut
1547 1118 1782 1152 translationem
1797 1144 1804 1157 ‚
1829 1117 1878 1150 vel
1902 1117 1995 1150 aliam

1252 1176 1349 1204 status
1378 1177 1407 1203 et
1435 1182 1591 1215 personae
1623 1176 1744 1204 vestrae
1769 1169 1995 1211 titulationem,

1251 1235 1307 1257 nec
1324 1235 1381 1267 per
1397 1224 1515 1257 similes
1531 1225 1579 1257 vel
1595 1223 1764 1257 dissimiles
1777 1223 1893 1267 gratias
1906 1223 1996 1257 vobis

1252 1288 1416 1311 concessas
1443 1283 1473 1310 et
1502 1277 1717 1311 concedendas
1746 1277 1917 1318 confundi,
1941 1275 1997 1310 sed

1253 1331 1327 1375 ipsis
1352 1331 1541 1364 cumulative
1559 1331 1589 1363 in
1606 1331 1753 1364 omnibus
1768 1336 1799 1363 et
1814 1341 1871 1374 per
1890 1330 1998 1364 omnia

1253 1384 1308 1423 uti,
1329 1389 1359 1416 et
1383 1383 1407 1416 si
1433 1384 1508 1428 quid
1534 1383 1565 1416 in
1589 1385 1651 1416 una
1669 1394 1705 1416 cx
1723 1383 1922 1416 facultatibus
1938 1382 1998 1416 hu-

1254 1437 1389 1470 iusmodi
1413 1437 1572 1476 defecerit,
1587 1448 1645 1481 per
1668 1437 1762 1470 aliam
1787 1437 1928 1482 suppleri
1947 1437 1999 1471 de-

1253 1491 1344 1529 bere:
1371 1502 1427 1525 nec
1452 1491 1618 1533 haeredes,
1644 1491 1828 1535 legatarios,
1853 1502 1889 1525 ac
1912 1492 1998 1533 loca,

1254 1544 1292 1577 ad
1317 1556 1397 1589 quos
1422 1556 1476 1578 scu
1501 1556 1580 1589 quae
1603 1545 1697 1586 bona,
1713 1545 1782 1578 iura
1807 1551 1836 1578 et
1859 1545 1999 1579 actiones

1255 1598 1440 1639 devenient,
1465 1599 1513 1631 vel
1537 1599 1653 1642 quibus
1683 1599 1922 1643 relinquentur,
1946 1601 2000 1632 aut

1256 1656 1467 1696 exequutores
1497 1652 1676 1696 praedictos
1705 1651 1744 1685 ad
1774 1651 1920 1692 tertiam,
1944 1661 2001 1685 seu

1255 1705 1348 1738 aliam
1362 1715 1472 1739 eorum
1490 1710 1612 1750 partem
1627 1711 1734 1749 (quarn
1752 1705 1846 1738 etiam
1863 1715 1900 1738 ex
1917 1714 2000 1738 nunc

1257 1759 1355 1800 vobis,
1379 1769 1415 1792 ac
1439 1759 1527 1799 locis,
1551 1759 1743 1792 haeredibus
1765 1758 1940 1802 legatariis,
1964 1768 2001 1792 ac

1256 1814 1427 1848 donatariis
1445 1814 1593 1858 praefatis
1610 1814 1782 1847 liberaliter
1798 1813 2002 1848 concedimus

1257 1873 1287 1901 et
1310 1867 1478 1911 donamus)
1503 1877 1668 1908 camerae,
1694 1868 1742 1900 vel
1766 1867 1924 1908 fabricae,
1947 1872 2002 1900 aut

1257 1919 1418 1953 beneficiis
1442 1920 1601 1964 praefatis,
1618 1920 1711 1954 etiam
1727 1930 1785 1964 pro
1802 1919 2002 1964 expeditione

1257 1979 1368 2007 contra
1393 1974 1542 2007 infedeles
1565 1979 1595 2007 et
1620 1973 1784 2017 quibusvis
1810 1973 1879 2006 aliis
1902 1983 2002 2018 quan-

1259 2027 1403 2060 tumlibet
1426 2027 1486 2071 piis
1510 2027 1620 2061 usibus
1644 2027 1843 2067 solvendum,
1868 2037 1905 2060 ac
1928 2037 2002 2060 cum

1259 2081 1295 2114 iis
1309 2080 1445 2125 desuper
1455 2080 1720 2125 componendum,
1731 2080 1778 2113 vel
1791 2090 1846 2114 vos
1857 2079 1896 2113 ad
1908 2080 2002 2114 aliam

1258 2134 1481 2178 particularem
1499 2134 1667 2173 licentiam,
1685 2133 1750 2167 sive
1766 2132 1932 2174 indultum,
1948 2137 2002 2166 aut

1259 2187 1510 2220 informationem
1520 2187 1733 2231 praesentium
1743 2197 1760 2219 a
1770 2186 1870 2228 nobis,
1880 2186 1928 2220 vel
1936 2196 2004 2220 suc-

1259 2241 1438 2274 cessoribus
1451 2241 1566 2275 nostris
1577 2241 1725 2274 Romanis
1738 2239 1942 2273 Pontificibus
1952 2249 2004 2284 pe·

1259 2294 1405 2335 tendum,
1430 2299 1484 2326 aut
1508 2293 1756 2337 impetrandum,
1781 2292 1828 2327 vel
1853 2292 1946 2326 etiam
1970 2292 2003 2325 in

1260 2347 1320 2379 alia
1341 2346 1436 2379 simili
1452 2346 1563 2389 gratia,
1580 2346 1644 2379 sive
1667 2346 1735 2379 eius
1752 2345 2002 2386 confirmatione,

1261 2400 1348 2433 vobis
1380 2398 1694 2444 quomodocumque¹
1718 2398 1940 2440 concedenda,
1964 2398 2003 2432 de

1262 2454 1419 2497 praesenti
1444 2453 1636 2486 mentionem
1660 2452 1797 2496 aliquam
1829 2451 2004 2486 faciendam

1262 2507 1392 2540 minime
1423 2506 1539 2546 teneri,
1563 2515 1620 2539 nec
1650 2505 1688 2538 ad
1719 2505 1750 2538 id
1778 2505 1841 2539 ulla
1863 2515 2003 2550 unquam

1262 2560 1445 2594 necessitate
1469 2559 1540 2603 cogi
1564 2569 1670 2604 posse,

1299 2634 1310 2659 1
1327 2631 1462 2659 Inutitlter
1477 2630 1542 2658 edit.
1561 2629 1642 2658 Main.
1663 2629 1707 2658 hic
1726 2630 1824 2667 repetit
1842 2637 1906 2659 voce
1924 2631 2003 2660 vobi·

1261 2679 1303 2711 (a.
1324 2676 1372 2710 an).

1997 266 2049 294 An.
2064 265 2094 295 C.
2114 265 2180 295 1621
