2293 3231
309 292 361 319 An.
373 291 400 318 C.
425 291 491 320 ¹623

310 1789 434 1810 Reservatio
444 1794 494 1809 non·

310 1818 412 1838 nullarum
431 1816 494 1837 facul-

310 1845 383 1864 tatum.

538 282 600 317 788

508 340 679 379 catholicis,
701 345 730 372 et
755 339 785 371 in
809 338 1032 371 communione
1048 337 1077 370 S.
1097 338 1130 369 R.
1153 337 1185 369 E.
1203 336 1266 383 xvi-1

508 394 673 433 ventibus,
705 391 878 425 dummodo
908 391 969 423 sint
1004 390 1043 423 ab
1074 387 1266 423 ordinariist

507 446 683 490 approbati,
709 445 804 488 quod,
822 444 860 476 ad
881 444 963 476 hunc
989 443 1134 476 ellectum
1161 442 1250 474 dum-

508 507 599 540 taxat,
613 499 864 532 christifidelium
883 497 1064 531 huiusmodi
1083 496 1250 530 confessio-

507 553 598 585 nibus
622 552 789 595 diligenter
813 550 937 590 auditis,
959 550 1029 582 illos
1045 549 1084 582 ab
1101 549 1250 582 omnibus

507 604 850 643 excommunicationis,
871 603 1086 647 suspensionis
1103 608 1133 635 et
1158 603 1251 636 inter-

506 658 590 699 dicti,
604 658 736 701 aliisque
752 657 972 690 ecclesiasticis
989 656 1162 697 sententiis,
1181 667 1251 690 cen-

506 712 588 745 suris
601 717 630 745 et
644 712 790 755 poenis,a
804 712 871 744 iure
889 711 936 743 vel
953 710 992 743 ab
1004 710 1130 743 homine
1141 711 1250 754 quavis

506 768 598 799 causa
616 765 685 798 latis
700 765 746 798 vel
765 764 1033 804 inflictis‚necnon
1047 764 1085 797 ab
1103 764 1250 797 omnibus

505 819 650 863 peccatis,
668 819 860 858 excessibus,
878 818 1065 851 criminibus
1081 824 1112 851 et
1129 818 1250 851 delictis

505 872 705 916 quantumvis
725 871 874 915 gravibus
894 877 924 904 et
944 871 1139 912 enormibus,
1155 871 1249 904 etiam

505 926 647 959 locorum
681 925 874 965 Ordinariis,
899 925 963 958 sive
994 925 1086 959 nobis
1118 930 1148 958 et
1179 925 1251 958 Sedi

504 979 713 1023 Apostolicae‚
734 979 827 1012 etiam
848 990 905 1023 per
922 979 1042 1012 litteras
1062 978 1112 1011 die
1129 978 1251 1012 Coenae

504 1033 628 1066 Domini
653 1033 715 1076 legi
739 1037 921 1074 consuetas,
945 1036 1038 1076 alque
1062 1032 1139 1065 alias
1162 1043 1252 1076 quas-

505 1097 641 1131 cumque
665 1087 882 1120 Romanorum
908 1086 1095 1120 Pontificum
1119 1086 1251 1130 praede-

505 1151 667 1174 cessorum
692 1145 877 1174 nostrorum
902 1139 1159 1174 constitutiones⁴
1179 1151 1253 1184 qua-

506 1205 578 1228 rum
603 1199 728 1228 tenores
752 1194 973 1238 praesentibus
1006 1204 1065 1238 pro
1094 1194 1252 1238 expressis

505 1247 615 1280 haberi
640 1247 800 1288 volumus,
825 1247 1123 1291 quomodocumque
1148 1258 1251 1280 reser-

507 1302 606 1344 vatis,
631 1301 663 1334 in
691 1302 762 1334 soro
785 1300 1013 1341 conscientiae,
1038 1305 1069 1333 et
1097 1301 1156 1334 hac
1184 1300 1252 1333 vice

506 1354 678 1395 dumtaxat,
703 1354 866 1387 absolvere
891 1359 922 1387 et
945 1354 1144 1394 libe1·are;et
1167 1354 1252 1387 insu-

506 1419 563 1452 per
588 1414 660 1442 vota
683 1418 900 1452 quaecumque
925 1408 1095 1451 (castitatis
1129 1413 1159 1441 et
1183 1408 1254 1441 reli-

507 1462 610 1505 gionis
636 1462 789 1506 exceptis)
814 1461 846 1494 in
873 1461 932 1494 alia
964 1461 1015 1505 pia
1046 1466 1077 1495 ct
1105 1461 1253 1494 salutaria

508 1526 606 1560 opera
630 1515 784 1559 (iniuncta
810 1520 914 1548 tamen
939 1515 984 1547 eis
1008 1519 1038 1548 et
1062 1526 1172 1548 eorum
1190 1515 1254 1548 cui-

507 1569 593 1609 libet,
611 1569 642 1601 in
662 1568 849 1612 supradictis
869 1568 1015 1601 omnibus
1031 1568 1164 1609 casibus,
1181 1579 1254 1612 poe-

508 1623 640 1656 nitentia
657 1622 796 1663 salutari‚
814 1627 845 1654 et
860 1622 930 1654 aliis
943 1622 1158 1666 iniungendis)
1171 1633 1254 1655 com-

509 1681 631 1709 mutare
656 1675 754 1708 libere
775 1680 806 1708 et
829 1675 912 1709 licite
937 1675 1068 1715 valeant,
1094 1675 1252 1708 licentiam

510 1734 540 1762 ct
550 1730 729 1763 facultatem
744 1729 915 1762 tribuimus
929 1734 959 1762 et
975 1729 1185 1773 impertimur.

555 1783 570 1826 ἓ
593 1782 623 1815 4.
648 1783 718 1816 Νοη
737 1782 929 1817 intendimus
953 1787 1058 1814 autem
1084 1793 1142 1826 per
1165 1793 1254 1826 prae-

510 1839 612 1870 sentes
633 1846 728 1880 super
745 1836 850 1879 aliqua
874 1835 1106 1878 irregularitate
1126 1836 1254 1880 publica

511 1891 557 1923 vel
583 1890 726 1931 occulta,
750 1892 844 1930 nota,
868 1890 1012 1930 defectu,
1036 1890 1252 1933 incapacitate,

510 1954 564 1977 seu
582 1943 776 1977 inhabilitate
794 1954 996 1988 quocumque
1016 1944 1111 1977 modo
1132 1949 1253 1977 contra—

510 1999 559 2030 cta
590 1998 792 2042 dispensare,
822 1998 871 2030 vel
901 1997 1039 2041 aliquam
1072 1998 1251 2031 facultatem

510 2050 650 2084 tribuere
675 2050 894 2094 dispensandi,
919 2061 975 2083 seu
999 2050 1201 2093 habilitandi‚
1224 2056 1254 2084 et

509 2104 542 2137 in
566 2105 735 2148 pristinum
760 2110 874 2137 statum
892 2104 1089 2146 restituendi,
1106 2104 1200 2138 etiam
1221 2105 1253 2137 in

510 2157 579 2190 foro
603 2157 831 2198 conscientiae;
855 2168 958 2202 neque
978 2158 1072 2190 etiam
1090 2157 1137 2198 iis,
1160 2157 1214 2202 qui
1235 2168 1253 2190 a

510 2210 610 2251 nobis,
635 2215 666 2243 et
690 2210 769 2243 Sede
793 2211 988 2254 Apostolica,
1012 2211 1060 2243 vel
1085 2210 1124 2243 ab
1148 2210 1252 2254 aliquo

510 2264 662 2306 praelato,
685 2274 741 2296 seu
764 2263 868 2297 iudice
891 2263 1103 2297 ecclesiastico
1120 2274 1249 2297 excom-

512 2315 671 2356 municati,
685 2316 838 2360 suspensi,
855 2316 903 2349 vel
920 2316 1088 2357 interdicti,
1106 2327 1161 2349 seu
1177 2317 1252 2349 alias

511 2368 543 2401 in
564 2370 732 2403 sententias
757 2375 787 2403 et
811 2380 958 2403 censuras
982 2370 1129 2403 incidisse
1154 2370 1254 2403 decla-

512 2422 571 2454 rati
588 2423 635 2455 vel
652 2423 778 2466 publice
791 2423 971 2456 denunciati
988 2423 1113 2464 suerint,
1131 2424 1179 2457 vel
1199 2424 1253 2467 qui

512 2474 553 2508 ob
567 2475 765 2509 violationem
779 2476 937 2510 interdicti
951 2476 1166 2518 ecclesiastici,
1179 2487 1255 2521 quo-

513 2527 559 2560 vis
582 2528 676 2562 modo
702 2529 832 2570 factam,
856 2529 888 2562 in
919 2530 1254 2563 excommunicationis

513 2582 561 2614 vel
577 2582 652 2616 alias
668 2593 817 2617 censuras
833 2583 1059 2617 ecclesiasticas
1075 2583 1252 2625 inciderint,

513 2635 574 2669 nisi
598 2635 678 2669 infra
701 2642 826 2681 tempus
850 2637 1069 2672 celebrationis
1093 2638 1186 2672 huius
1210 2637 1254 2672 iu-

552 2699 564 2724 1
581 2696 652 2726 Edit.
667 2697 747 2727 Malu.
761 2698 827 2735 tegit
837 2699 1090 2729 constitutionibus
1104 2700 1144 2736 (n.
1160 2699 1210 2736 iu).

1087 288 1264 313 BULLARlUM
1291 287 1444 311 ROMANUM

1283 335 1375 367 bilaei
1401 335 1619 373 satisfecerint,
1635 345 1671 367 ac
1691 334 1845 367 mandatis
1868 334 2026 368 Ecclesiae

1282 389 1454 432 paruerint,
1479 393 1531 422 aut
1558 399 1629 421 cum
1654 387 1796 431 partibus
1819 387 2027 421 concordave-

1282 442 1356 482 rint,
1384 442 1449 475 ullo
1473 441 1568 475 modo
1593 441 1760 484 suffragari
1784 451 1876 485 posse
1900 446 1952 474 aut
1975 440 2026 474 de-

1282 495 1368 528 bere.

1327 550 1342 592 ξ
1367 549 1396 582 5.
1417 548 1616 592 Quapropter
1632 553 1742 581 tenore
1763 547 1976 591 praesentium
1993 547 2026 580 in

1283 602 1397 634 virtute
1422 607 1548 635 sanctae
1565 601 1763 635 obedientiae
1779 601 1919 634 districte
1940 611 2028 645 prae-

1283 655 1418 699 cipimus
1435 659 1465 689 et
1482 654 1667 687 mandamus
1683 654 1832 687 omnibus
1848 659 1879 687 et
1894 653 2027 697 singulis

1284 708 1440 752 religiosis
1460 708 1650 752 praedictis,
1674 713 1767 751 atque
1791 707 1860 740 aliis
1885 707 1924 740 ad
1948 717 2028 751 quos

1283 766 1403 806 spectat
1419 762 1457 795 de
1474 761 1630 795 Ordinarii
1651 761 1711 795 loci
1735 761 1870 801 licentia,
1888 766 1921 793 ut
1935 771 2027 804 prae-

1283 817 1418 849 sentium
1444 816 1621 849 litterarum
1645 820 1843 859 transumpta
1865 825 1924 858 per
1948 814 2027 855 loca,

1284 870 1337 902 ubi
1362 880 1490 902 necesse
1508 869 1612 909 suerit,
1633 869 1794 913 publicent
1817 873 1846 902 et
1870 867 2027 912 publicari

1283 923 1484 967 permittant,
1509 927 1539 957 et
1569 923 1638 956 illas
1667 923 1821 967 publicari
1845 921 2028 955 curantibus

1283 978 1414 1018 faveant,
1435 988 1470 1010 ac
1490 977 1521 1009 in
1538 976 1671 1010 Domino
1687 976 1910 1019 suffragentur.

1329 1031 1344 1075 ξ
1368 1030 1397 1063 6.
1431 1031 1500 1064 Non
1531 1030 1728 1064 obstantibus
1755 1031 1864 1063 nostra
1895 1028 1934 1062 de
1963 1038 2028 1062 non

1284 1084 1494 1118 concedendis
1519 1083 1722 1127 indulgentiis
1745 1083 1784 1116 ad
1807 1083 1917 1123 instar,
1943 1082 2029 1115 aliis-

1284 1148 1345 1182 que
1355 1137 1633 1171 constitutionibus
1647 1142 1677 1170 et
1689 1135 1941 1170 ordinationibus
1956 1146 2030 1180 apo-

1285 1192 1413 1232 stolicis,
1430 1191 1618 1236 praesertim
1638 1191 1753 1235 quibus
1776 1190 1906 1224 facultas
1930 1190 2030 1224 absol-

1284 1245 1377 1279 vendi
1394 1245 1425 1278 in
1450 1245 1544 1278 certis
1562 1250 1637 1278 tunc
1656 1245 1814 1289 expressis
1838 1243 1963 1278 casibus
1986 1243 2029 1276 ita

1285 1301 1427 1333 Romano
1452 1299 1595 1333 Pontifici
1627 1310 1685 1343 pro
1717 1303 1861 1343 tempore
1885 1297 2030 1332 existenti

1285 1357 1476 1393 reservatur,
1498 1357 1533 1385 ut
1556 1363 1614 1385 nec
1638 1352 1732 1385 etiam
1756 1351 1874 1385 similes
1898 1351 1947 1384 vel
1970 1350 2031 1384 dis-

1286 1407 1404 1440 similes
1428 1406 1557 1439 iubilaei
1589 1405 1858 1449 indulgentiarum
1881 1410 1912 1438 et
1935 1404 2030 1438 facul-

1286 1465 1384 1492 tatum
1409 1460 1640 1500 concessiones,
1657 1459 1716 1492 nisi
1741 1459 1779 1492 de
1803 1458 1865 1492 illis
1882 1468 2030 1502 expressa

1286 1513 1404 1546 mentio
1418 1519 1449 1546 et
1468 1513 1612 1557 specialis
1625 1513 1789 1556 derogatio
1802 1512 1866 1553 fiat,
1882 1512 2029 1556 cuiquam

1286 1567 1454 1611 suffragari
1480 1573 1617 1611 queant,
1642 1567 1818 1611 ceterisque
1849 1567 1881 1600 in
1909 1571 2030 1599 contra-

1286 1621 1369 1654 rium
1394 1622 1579 1655 facientibus
1603 1632 1667 1655 non
1691 1621 1887 1655 obstantibus
1903 1619 2030 1664 quibus-

1286 1686 1433 1719 cumque.

1331 1729 1346 1772 ξ
1372 1729 1399 1762 7.
1426 1729 1576 1762 Volumus
1600 1734 1715 1770 autem,
1733 1734 1768 1762 ut
1787 1727 1961 1772 praemissa
1977 1726 2030 1760 ad-

1287 1782 1452 1826 implentes
1481 1783 1578 1816 semel
1611 1787 1731 1816 tantum
1760 1781 1943 1815 huiusmodi
1974 1781 2026 1814 ina

1286 1837 1481 1879 dulgentiam
1514 1841 1544 1871 et
1572 1842 1777 1881 peccatorum
1806 1836 2028 1870 remissionem

1286 1896 1541 1934 consequantur,
1566 1896 1662 1935 utque
1691 1891 1784 1924 etiam
1813 1891 2028 1935 praesentium

1286 1944 1503 1988 transumptis,
1518 1955 1613 1977 manu
1630 1945 1763 1977 alicuius
1779 1944 1893 1978 notarii
1908 1944 2028 1988 publici

1286 1998 1481 2042 subscriptiS,
1495 2003 1525 2031 et
1534 1998 1638 2041 sigillo
1657 2009 1811 2042 personae
1829 1999 1859 2031 in
1877 1998 2029 2042 dignitate

1285 2051 1497 2085 ecclesiastica
1528 2052 1716 2086 constitutae
1748 2052 1893 2094 munitis,
1918 2053 2028 2086 eadem

1285 2105 1404 2148 ubique
1428 2105 1507 2138 tides
1531 2105 1703 2146 habeatur,
1728 2116 1808 2149 quae
1832 2105 1910 2150 ipsis
1935 2116 2028 2150 prae-

1285 2158 1426 2191 sentibus
1449 2158 1628 2192 haberetur.

1330 2212 1442 2245 Datum
1456 2213 1583 2252 Romae,
1597 2211 1679 2256 apud
1696 2212 1725 2245 S.
1743 2212 1881 2255 Petrum,
1900 2212 1958 2246 sub
1971 2222 2026 2245 an-

1285 2265 1360 2298 nulo
1380 2264 1557 2306 PiscatoriS,
1571 2265 1621 2298 die
1645 2275 1677 2298 1v
1702 2264 1853 2299 februarii
1877 2275 2028 2307 uncxxni,

1285 2318 1488 2362 pontificatus
1508 2319 1609 2351 nostri
1629 2329 1712 2352 anno
1729 2328 1760 2351 11.

1322 2380 1381 2408 Dat.
1402 2380 1447 2408 die
1467 2381 1484 2407 4
1502 2380 1633 2408 februarii
1655 2380 1733 2414 1623,
1754 2381 1850 2416 pontif.
1871 2389 1917 2408 an.
1937 2387 1965 2408 11.

1641 2505 1686 2540 CI.

1287 2585 1597 2629 &maternitatem
1611 2585 1659 2619 Ss.
1676 2584 1845 2618 Benedicti
1857 2588 1886 2618 et
1899 2583 2028 2618 Schola-

1329 2639 1439 2680 sticae,
1466 2649 1486 2672 a
1509 2638 1617 2672 Paulo
1642 2637 1669 2671 V
1683 2641 1843 2677 erectam,
1867 2637 1965 2682 eriqit
1988 2638 2027 2671 in

1329 2691 1740 2736 archiconfraternitatem,
1766 2701 1840 2725 cum
1865 2690 2024 2735 facultate

2040 286 2090 312 An.
2101 285 2131 313 C.
2156 283 2223 314 ¹623

2080 564 2147 585 iussio
2163 569 2226 590 prac-

2041 594 2111 612 sentes
2156 590 2227 618 publi·
2236 612 2238 615 ,

2041 618 2111 639 candi.

2112 1044 2227 1074 Dei-ogerio

2043 1073 2206 1093 contrariorum.
