2293 3231
256 257 307 284 An.
325 255 353 283 c.
370 254 435 283 162¹
485 244 548 280 580

297 1651 416 1674 clausulae.

1036 248 1215 273 namnum
1240 247 1395 272 nomnen

457 297 1203 346 regisnominenobissuperlioeliumiliterpor—
1238 296 1354 329 iudices
1390 295 1567 329 ordinarios
1598 301 1626 328 et
1659 295 1843 338 delegatos,
1880 294 1975 327 etiam

458 356 551 389 rectis
560 354 709 393 inclinati,
717 353 755 386 de
765 352 933 385 attributae
943 350 1033 384 nobis
1043 361 1060 383 a
1069 350 1202 383 Domino

458 409 647 453 apostolicae
664 406 827 451 potcstatis
845 403 1052 449 plenitudine,
1079 413 1204 436 venera-

458 463 511 495 bili
532 461 620 495 sratri
638 460 766 495 Octavio
788 458 1028 502 archiepiscopo
1045 456 1203 497 Tarsensi,

458 519 565 549 nostro
582 518 611 548 et
631 513 828 558 Apostolieae
848 511 937 545 Sedis
954 511 985 544 in
1002 510 1086 544 dicto
1104 520 1203 553 reguo

458 569 584 610 nuncio,
608 579 645 603 ac
669 567 738 601 aliis
762 566 906 611 personis
926 564 1147 599 ecclesiasticis
1165 564 1203 597 ab

458 633 506 663 eo,
531 622 557 655 si
581 621 609 654 ci
634 620 804 661 videbitur,
829 631 866 653 ex
891 618 975 652 dicto
1000 618 1085 651 clero
1109 617 1205 661 depu-

460 675 571 715 tandis,
596 680 630 707 ut
653 673 761 708 omnia
784 679 815 706 et
839 672 962 715 singula
985 671 1084 712 bona,
1113 680 1204 715 quae,

460 736 493 763 ut
518 730 707 774 praefertur,
732 727 857 761 vendita
882 727 928 760 vet
955 727 1088 761 alienata
1112 736 1204 770 repe-

460 783 592 824 rientur,
616 781 743 815 residuo
770 781 841 815 iusti
861 780 954 825 pretii
971 791 1028 825 per
1045 785 1205 824 emptores

460 836 581 877 soluto,
606 846 661 869 sen
685 835 754 868 aliis
786 834 927 868 honestis
952 833 1206 873 conditionibus,

460 890 644 930 atl’rancare,
662 898 835 932 omnesque
858 887 1020 932 pecunias,
1038 898 1075 920 cx
1095 886 1206 920 affran-

462 943 583 977 catione
605 941 786 975 huiusmodi
805 941 1037 986 provenientes,
1053 950 1207 984 personae

462 1008 478 1030 a
503 998 586 1031 dicto
611 997 696 1030 clero
722 995 812 1039 regni
829 995 982 1039 praedicti
1001 993 1207 1038 deputandae,

462 1062 520 1096 per
544 1061 613 1085 eam
638 1051 670 1083 in
697 1049 872 1094 praesentis
889 1048 973 1089 belli,
990 1054 1019 1081 et
1036 1058 1099 1081 non
1119 1047 1207 1087 alios,

463 1115 538 1138 usus
548 1103 775 1138 convertendas
789 1108 817 1136 et
831 1102 1017 1145 erogandas,
1027 1101 1207 1144 consignari

464 1158 577 1199 facere,
601 1168 659 1191 nec
683 1167 746 1191 non
768 1156 986 1196 instrumenta,
1003 1166 1040 1188 ac
1056 1155 1161 1188 onmia
1178 1160 1208 1188 et

464 1211 587 1254 singula
600 1211 662 1244 alia
678 1210 709 1243 in
728 1208 922 1254 praemissis,
939 1214 969 1242 et
985 1208 1069 1242 circa
1083 1219 1118 1241 ea
1135 1219 1210 1252 quo-

465 1264 638 1298 modolibet
647 1263 823 1297 necessaria
839 1268 869 1295 et
881 1267 1062 1306 opportuna
1073 1262 1206 1306 (etiamsi

466 1318 539 1352 talia
563 1318 625 1351 sint
648 1318 695 1351 vel
721 1316 847 1357 suerint,
872 1327 952 1360 quae
979 1316 1080 1359 magis
1095 1317 1209 1360 specia-

467 1372 538 1413 lem,
563 1371 742 1416 specificam
759 1375 790 1404 et
815 1380 994 1414 expressam
1012 1370 1207 1413 requirerent

467 1425 673 1468 mentionem)
699 1424 817 1464 facere,
842 1434 954 1467 gerere
979 1428 1008 1456 et
1031 1423 1142 1466 exequi
1172 1423 1209 1455 li-

466 1478 542 1512 bere
566 1484 596 1511 et
620 1478 703 1512 licite
727 1478 849 1522 possint
883 1482 913 1509 et
937 1477 1075 1517 valeant,
1101 1482 1209 1510 tenore

467 1532 690 1576 praesentium,
716 1531 872 1564 licentiam
891 1536 922 1563 et
939 1531 1118 1564 facultatem
1138 1540 1209 1563 eon-

468 1585 609 1618 cedimus
633 1591 663 1618 et
684 1584 895 1628 impertimur.

513 1640 529 1683 ἓ
552 1639 582 1672 3.
608 1640 816 1672 Decernentes
833 1637 1077 1670 atl'rancationes
1102 1637 1210 1681 vigore

469 1692 680 1736 praesentium
705 1691 863 1724 faciendas
888 1701 976 1723 suam
1002 1690 1139 1723 debitam
1164 1700 1213 1723 ro-

471 1746 556 1779 boris
580 1745 762 1779 firmitatem
789 1744 951 1784 obtinere,
976 1754 1113 1788 suosque
1140 1744 1210 1788 ple—

470 1800 576 1833 narios
599 1800 729 1833 effectus
761 1799 890 1839 sortiri,
915 1803 945 1831 et.
969 1809 1026 1842 per
1050 1798 1213 1839 eeclesias,

472 1854 682 1894 monasteria,
710 1853 870 1897 prioratus
885 1879 892 1893 ‚
917 1857 947 1885 et
971 1853 1031 1885 alia
1061 1851 1215 1885 beneficia

472 1908 631 1951 praedicta
645 1907 836 1947 obtinentes,
847 1918 882 1940 ac
895 1907 973 1940 alios
987 1917 1214 1950 quoscumque,

471 1962 510 1996 ad
534 1973 614 2006 quos
638 1966 757 2006 spectat
777 1967 806 1995 et
826 1961 1033 2005 imposterum
1052 1960 1215 2005 spectabit,

472 2016 694 2050 inviolabiliter
719 2015 881 2049 observari
907 2015 1032 2056 debere,
1049 2025 1151 2059 neque
1171 2025 1217 2048 ar—

473 2069 701 2114 cliiepiseopOS‚
719 2069 894 2112 episcopos,
918 2068 1057 2109 abbates,
1082 2068 1217 2112 priores,

473 2123 612 2167 aliasque
636 2132 787 2167 personas
811 2122 978 2165 dignitates
998 2126 1028 2154 et
1044 2121 1104 2154 alia
1128 2120 1218 2154 bene-

475 2175 544 2208 ticia
570 2175 729 2220 praedicta
747 2174 934 2215 obtinentes,
951 2185 969 2207 a
994 2174 1175 2218 praemissis
1189 2179 1217 2207 et

475 2229 544 2262 aliis
560 2229 591 2262 in
609 2229 670 2261 vim
696 2229 909 2272 praesentium
935 2228 1084 2261 faciendis
1107 2229 1218 2272 quovis

476 2282 569 2315 etiam
601 2282 840 2316 enormissimae
866 2281 1013 2314 laesionis
1043 2286 1217 2325 praetextu,

475 2341 529 2369 aut
553 2346 588 2369 ex
621 2346 819 2379 quacumque
850 2335 911 2368 alia
935 2335 1028 2368 etiam
1048 2335 1218 2368 iustissima

475 2392 580 2431 causa,
599 2389 837 2435 quomodolibet
859 2389 1027 2433 appellare,
1052 2400 1107 2422 scu
1125 2389 1219 2422 recla—

478 2454 575 2485 mare,
591 2454 627 2477 ac
652 2444 713 2477 illis
737 2444 841 2488 aliqua
859 2443 1024 2487 privilegia
1048 2443 1142 2476 etiam
1162 2453 1219 2486 per

478 2497 589 2530 Sedem
613 2497 826 2541 Apostolicam
850 2496 1046 2540 quomolibet
1071 2506 1219 2530 concessa

478 2549 644 2593 suffragari
659 2549 666 2567 ¹
685 2561 787 2594 posse;
805 2550 913 2594 sicque
928 2560 985 2594 per
1002 2560 1218 2594 quoscumque

516 2622 526 2648 1
546 2621 707 2649 l'articulain
724 2630 779 2648 non
796 2621 928 2655 delemus,
945 2621 1045 2649 etenim
1067 2621 1119 2648 iam
1141 2628 1220 2656 prae-

481 2666 562 2695 cessit
572 2675 664 2702 neque
678 2667 716 2701 (n.
733 2666 781 2701 τ.).

1236 359 1402 382 causarum
1428 348 1534 392 palatii
1559 348 1724 392 apostolici
1751 347 1921 387 auditores,
1946 352 1978 380 et

1237 408 1361 436 sanctae
1379 403 1537 436 Romanae
1555 401 1710 435 Ecclesiae
1728 401 1903 435 cardinales
1915 402 1978 444 (su-

1237 455 1320 488 blata
1345 456 1400 496 eis,
1417 461 1447 489 et
1464 466 1574 489 eorum
1599 454 1738 495 cuilibet,
1755 454 1864 498 quavis
1888 454 1978 489 aliter

1238 509 1395 542 iudicandi
1420 514 1446 543 et
1475 508 1700 553 interpretandi
1719 508 1864 542 facultate
1881 513 1911 540 et
1927 518 1981 540 au-

1238 563 1395 606 ctoritate)
1421 562 1552 596 iudicari
1577 568 1607 595 et
1626 561 1754 595 disslniri
1778 561 1916 602 debere,
1944 570 1980 594 ac

1238 617 1362 650 irritum
1396 621 1427 649 et
1450 616 1542 649 inane
1576 615 1730 660 quidquid
1764 625 1855 648 secus
1886 624 1981 658 super

1239 671 1286 704 liis
1311 681 1328 703 a
1351 681 1522 714 quoquam,
1539 669 1647 714 quavis
1671 669 1867 710 auctoritate,
1884 668 1982 701 scien-

1239 729 1286 759 ter
1310 725 1357 758 vel
1383 724 1586 767 ignoranter,
1610 723 1779 767 contigerit
1802 723 1957 758 attentari.

1283 779 1298 822 ξ
1322 779 1352 812 4.
1386 779 1454 812 Non
1478 778 1676 812 obstantibus
1705 776 1981 811 constitutionibus

1240 838 1270 866 et
1294 832 1545 866 ordinationibus
1568 831 1759 876 apostolicis,
1783 842 1819 864 ac
1842 840 1982 875 praeser—

1241 887 1296 919 tim
1316 885 1507 930 Symmachi,
1524 885 1610 918 Pauli
1636 885 1672 926 ΙΙ,
1697 890 1727 918 ct
1751 884 1837 917 Pauli
1862 884 1899 917 lv
1920 884 1981 918 Ho-

1242 949 1407 973 manorum
1426 939 1612 972 Pontificum
1629 938 1908 983 praedecessorum
1928 948 1983 971 no-

1242 998 1380 1026 strorum
1394 993 1432 1026 de
1446 993 1541 1026 rebus
1554 992 1711 1026 Ecclesiae
1724 1003 1786 1025 non
1799 991 1982 1031 alienandis,

1242 1058 1278 1081 ae
1302 1047 1518 1089 ecelesiarum,
1544 1047 1832 1088 monasteriorum,
1856 1052 1887 1080 et
1911 1046 1984 1079 alio-

1242 1112 1313 1135 rum
1338 1112 1611 1145 quorumcumque
1631 1101 1858 1134 beneficiorum
1876 1099 1982 1144 (etiam

1243 1156 1440 1197 iuramento,
1465 1155 1704 1189 confirmatione
1727 1154 1910 1199 apostoliea,
1935 1154 1983 1187 vel

1243 1210 1351 1252 quavis
1368 1209 1516 1243 firmitate,
1540 1210 1601 1243 alisi
1623 1209 1795 1252 roboratis)
1813 1208 1935 1242 statutis
1955 1210 1985 1241 et

1242 1263 1542 1304 consuetmlinilms,
1566 1263 1740 1307 privilegiis
1770 1272 1918 1306 quoque,
1943 1261 1985 1294 in-

1242 1317 1338 1350 dultis
1362 1322 1392 1350 et
1418 1317 1530 1349 litteris
1555 1316 1747 1360 apostolicis,
1767 1315 1825 1349 sub
1853 1314 1986 1360 quibus-

1243 1380 1377 1413 cumque
1418 1370 1580 1403 tenoribus
1614 1374 1643 1402 et
1679 1369 1789 1402 formis
1809 1395 1818 1410 ,
1846 1379 1882 1402 ac
1912 1378 1985 1401 cum

1243 1424 1406 1467 quibusvis
1441 1424 1589 1457 clausulis
1619 1427 1650 1457 et
1680 1423 1836 1463 decretis,
1860 1423 1892 1455 in
1916 1432 1987 1456 con-

1245 1477 1374 1510 trariiun
1390 1478 1628 1521 quomodolibet
1642 1477 1809 1518 concessis,
1822 1476 1988 1510 confirma-

1245 1530 1282 1563 tis
1308 1536 1338 1563 et
1362 1531 1525 1565 innovatis.
1543 1531 1662 1570 Quibus
1686 1530 1844 1570 omnibus,
1864 1528 1987 1563 etiamsi

1246 1595 1304 1627 pro
1322 1585 1448 1618 illorum
1464 1585 1630 1618 sufficienti
1647 1585 1851 1628 derogatione
1864 1584 1902 1617 de
1916 1583 1986 1623 illis,

1246 1648 1420 1682 eorumque
1448 1639 1518 1673 totis
1544 1639 1705 1672 tenoribus
1729 1637 1894 1682 specialis,
1920 1647 1987 1681 spe-

1246 1693 1336 1726 citica
1360 1698 1390 1726 ct
1414 1703 1583 1737 expressa,
1608 1703 1671 1726 non
1695 1697 1801 1726 autem
1825 1702 1884 1736 per
1907 1691 1989 1724 elau-

1247 1746 1331 1778 sulas
1354 1747 1517 1789 generales
1535 1747 1616 1779 idem
1634 1746 1849 1790 importantes,
1869 1745 1988 1778 mentio

1248 1799 1390 1833 habenda
1406 1801 1496 1841 soret,
1519 1800 1645 1833 illorum
1665 1800 1807 1833 omnium
1830 1803 1860 1833 ct
1884 1799 1989 1841 singu-

1248 1853 1352 1886 lorum
1372 1859 1494 1887 tenores
1519 1853 1736 1897 praesentibus
1759 1863 1820 1896 pro
1843 1852 1934 1896 plene
1959 1857 1989 1885 et

1250 1907 1441 1940 sullicicnter
1453 1907 1610 1951 expressis
1630 1911 1660 1940 et
1680 1906 1807 1940 insertis
1827 1906 1989 1947 habentes,

1250 1960 1311 1993 illis
1327 1961 1403 1993 alias
1423 1961 1454 1993 in
1478 1972 1535 1994 suo
1556 1961 1671 1994 robore
1688 1959 1914 2004 permansuris,
1932 1960 1992 1993 hac

1252 2014 1317 2047 ricc
1341 2014 1502 2049 dumtaxat
1526 2014 1703 2059 specialiter
1727 2019 1757 2048 et
1781 2024 1928 2058 expresse
1952 2013 1992 2046 de

1252 2078 1425 2112 rogamus,
1458 2068 1634 2112 ceterisque
1667 2067 1833 2102 contrariis
1863 2067 1992 2111 quibus-

1251 2133 1395 2166 cumque.

1297 2176 1408 2209 Datum
1434 2176 1562 2216 Romae,
1586 2175 1670 2220 apud
1695 2176 1723 2209 S.
1750 2175 1877 2209 Mariam
1902 2174 1993 2208 Maio-

1252 2240 1330 2270 rem,
1346 2230 1404 2263 sub
1418 2231 1533 2263 annulo
1548 2229 1714 2263 piscatoris
1727 2229 1777 2262 die
1790 2239 1846 2262 xm
1860 2234 1993 2273 septem-

1252 2283 1317 2316 bris
1334 2293 1465 2324 Mbcxxt,
1485 2283 1685 2327 pontificatus
1702 2282 1801 2316 nostri
1819 2291 1901 2315 anno
1921 2291 1940 2314 1.

1289 2345 1349 2374 Dat.
1365 2346 1409 2373 die
1427 2346 1456 2373 ¹3
1471 2344 1636 2381 septembris
1653 2344 1731 2378 1621,
1748 2343 1843 2380 pontif.
1865 2351 1908 2371 an.
1926 2348 1944 2369 1.

1558 2517 1636 2551 XXV
1638 2517 1687 2550 tlt.

1253 2600 1409 2635 Familias
1433 2599 1605 2643 apostolico
1624 2599 1744 2631 nuncio
1759 2597 1848 2642 apud
1866 2598 1994 2633 Gallia-

1300 2665 1372 2688 rum
1396 2663 1502 2698 renem
1526 2652 1702 2698 colliqendi
1726 2651 1909 2686 subsidium
1932 2652 1990 2687 de-

1989 244 2040 272 Αιι.
2056 243 2086 272 C.
2103 242 2170 272 ⁴621

2046 785 2179 808 Obstat-tium

1995 814 2115 840 derogatio.
