2293 3231
36 315 45 319 ·
83 308 132 348 tin.
151 320 182 348 c.
201 319 268 349 1622

83 382 177 404 savorem
186 382 220 403 hic
231 382 266 403 tlo-

85 409 218 436 :ci-iptorum,

268 2331 355 2372 ‘riae
390 2332 566 2365 officiorum
583 2358 590 2372 ,
617 2342 652 2365 ac
676 2332 751 2364 alias
775 2331 1028 2374 quomodolibet.¹

888 323 1065 347 GnEGomUS
1085 324 1126 348 XV
1146 324 1194 347 PP.

280 367 565 409 iurisdictionibus,
590 369 764 412 ceterisque
788 370 877 402 bonis
903 371 1037 404 mobili-⁴

280 420 340 453 bus
363 426 394 454 et
417 421 645 465 immobilibus)
662 432 741 466 quae
762 419 864 455 tzffiien
882 433 945 456 non
962 424 1021 457 sint

280 474 386 508 altaris
419 475 466 507 vel
497 475 642 508 altarium
675 476 875 509 ecclesiarum
903 477 963 509 illis
991 482 1019 509 et

281 537 390 560 corum
405 527 533 561 cuilibet
546 539 603 572 pro
617 533 758 572 tempore
769 530 1019 570 commissarum,

281 589 336 612 seu
353 580 446 613 alicui
472 580 598 623 speciali
623 591 731 614 earum
751 581 879 615 servitio
897 583 944 615 vel
967 583 1021 614 mi—

280 632 409 666 nisterio
433 638 486 666 aut
509 634 584 666 alias
617 634 721 668 divino
751 635 847 667 cultui
878 636 925 668 vel
951 636 1020 668 usui

280 685 431 726 dedicata,
449 696 505 719 seu
528 687 566 719 ad
591 687 658 720 eius
682 698 774 720 usum
800 689 952 731 confecta)
978 699 1022 721 se-

280 749 342 782 que
366 740 580 781 moventibus,
605 741 830 785 cuiuscumque
853 741 1019 785 qualitatis,

280 793 471 836 quantitatis,
489 794 615 835 valoris,
633 795 759 839 speciei,
779 795 873 838 prelii
897 801 927 829 et
951 806 1021 829 con-

281 844 407 879 ditionis
431 846 642 888 existentibus,
663 858 698 881 ac
723 848 845 880 iuribus
869 854 900 881 et
923 848 1020 882 actio—

281 897 372 931 nibus
396 898 434 931 ad
459 909 512 932 eos
537 900 657 933 ratione
677 911 948 945 quarumcumspie
973 913 1022 934 ca-

282 950 490 993 thedralium,
515 953 609 985 etiam
634 954 966 997 metropolitamirum,
992 960 1022 987 et

281 1004 539 1047 patriarchalium
570 1006 773 1039 ecclesiarum
790 1034 798 1047 ,
822 1007 936 1050 quibus
959 1008 1017 1040 ha-

282 1061 390 1091 ctenus
414 1059 628 1102 praefuerunt,
647 1064 676 1091 et
701 1059 739 1091 ad
763 1070 911 1102 praesens
934 1070 1022 1103 prae-

281 1116 362 1151 sunt,
378 1121 501 1144 necnon
517 1111 555 1144 ad
575 1122 652 1155 quas
669 1123 722 1145 eos
746 1112 851 1145 forsan
875 1113 1021 1156 deinceps

282 1163 456 1205 transferri,
475 1169 505 1197 et
527 1164 642 1209 quibus
667 1175 720 1198 eos
743 1165 871 1208 praefici
889 1172 916 1197 et
934 1176 1023 1209 prae-

281 1226 348 1249 esse
373 1217 557 1260 contigerit,
586 1228 709 1251 necnon
733 1219 1020 1259 monasteriorum,

280 1269 488 1312 prioratuum,
501 1271 806 1314 praepositurarum,
822 1271 1021 1314 dignitatum,

281 1333 317 1355 ac
337 1323 472 1356 aliorum
496 1334 770 1368 quorumcumque
794 1324 1021 1358 beneficiorum

282 1376 579 1418 ecclesiasticorum,
596 1388 668 1410 cum
694 1379 769 1410 cura
793 1382 823 1410 et
843 1378 909 1410 sine
934 1380 1021 1419 cura,

282 1429 473 1463 secularium
497 1435 527 1463 et
550 1431 735 1474 quorumvis
752 1431 903 1464 Ordinum
928 1442 1022 1474 regu-

282 1482 407 1524 larium,
427 1494 506 1527 quae
532 1484 625 1516 etiam
651 1494 688 1516 ex
711 1484 874 1527 quibusvis
899 1495 1023 1517 conces-

283 1537 424 1569 sionibus
444 1542 474 1570 et
490 1537 778 1581 dispensationibus
795 1538 974 1581 apostolicis
992 1537 1023 1570 in

283 1589 420 1631 titulum,
444 1590 674 1630 commendam,
699 1590 1000 1623 administrationem
1016 1618 1023 1631 ,

283 1653 319 1675 ac
343 1642 418 1675 alias
442 1643 681 1686 quomodolibet
705 1643 918 1683 obtinuerunt,
943 1643 1024 1676 obti-

283 1699 358 1729 nent
382 1700 412 1728 et
435 1696 630 1736 obtinebunt,
655 1707 690 1728 ac
721 1696 900 1736 fructuum,
925 1695 1025 1728 reddi-

285 1753 372 1782 tuum
405 1755 435 1782 et
469 1755 680 1793 proventuum
717 1749 1024 1789 ecclesiasticorum,

284 1811 406 1834 necnon
421 1802 608 1845 pensionum
626 1812 812 1842 annuarum,
827 1812 923 1845 super
939 1801 1025 1833 simi-

285 1854 366 1887 libus
390 1855 553 1897 srnctibus,
567 1855 742 1887 redditibus
761 1859 791 1888 et
814 1854 1026 1898 proventibus,

286 1908 404 1940 eisdem
426 1908 624 1952 patriarchis,
642 1908 888 1951 archiepiscopis
912 1913 942 1940 et
966 1907 1028 1951 epi-

287 1961 390 2004 scopis
421 1972 456 1994 ac
484 1971 596 1994 eorum
630 1961 761 2003 singulis
794 1966 1025 1994 reservatorum

287 2016 318 2044 et
340 2013 571 2056 assignatorum
585 2040 593 2055 ,
615 2024 650 2046 ac
674 2017 903 2047 reservatarum
929 2018 959 2045 et
983 2023 1027 2045 as-

289 2065 501 2108 signatarum,
530 2066 793 2099 reservandorum
818 2071 848 2098 ct
871 2066 1028 2108 assignan-

288 2118 412 2159 dorum,
432 2119 756 2162 reservandarumque
777 2124 807 2152 ct
831 2119 1028 2162 assignanda-

289 2182 372 2213 rum‚
386 2182 464 2216 quos
484 2175 514 2206 et
531 2183 607 2216 quas
624 2173 834 2216 perceperint,
848 2173 1026 2216 percipiunt

289 2230 319 2258 ct
342 2226 517 2270 percipient
540 2226 742 2267 infuturum,
767 2236 889 2259 necnon
913 2227 1030 2259 emolu-

289 2283 467 2311 mentorum
498 2289 771 2322 quorumcumque
796 2280 954 2311 Romanae
979 2290 1030 2311 cu-

290 2385 504 2429 spectantibus
528 2390 558 2418 et
581 2385 819 2429 pertinentibus,
837 2395 958 2418 necnon
983 2396 1032 2418 eo-

290 2448 362 2471 rum
386 2443 416 2470 et
439 2438 605 2470 cuiuslibet
629 2448 739 2470 eorum
757 2437 910 2470 industria
933 2443 964 2470 et
987 2439 1031 2470 la-

291 2490 367 2524 bore
392 2490 629 2535 quomodolibet
647 2496 676 2523 et
700 2491 931 2534 undecumque,
947 2491 1031 2524 licite

291 2548 407 2585 tamen,
425 2543 584 2587 acquisitis
608 2548 636 2577 et
657 2543 867 2586 acquirendis,
885 2554 921 2576 ac
945 2545 1030 2585 alias,

293 2596 386 2629 etiam
411 2597 450 2631 de
467 2597 650 2630 muneribus
668 2601 696 2631 ct
714 2597 834 2637 officiis,
851 2608 930 2639 quac
948 2608 1032 2630 exer-

294 2654 445 2691 cuerunt,
473 2661 510 2684 ac
533 2661 587 2684 eos
612 2661 757 2684 exercere
782 2650 948 2693 contigerit
963 2678 970 2691 ,
1002 2656 1032 2683 et

333 2713 342 2738 1
361 2712 425 2741 Heic
439 2713 592 2742 addendum
605 2713 710 2742 videtur
726 2714 763 2741 αιί
778 2722 822 2742 eos
836 2714 876 2749 (n.
898 2714 946 2749 r.).

1055 371 1114 403 aliit
1137 371 1246 414 quavis
1271 371 1434 404 occasione
1458 372 1504 404 vel
1530 373 1623 405 causa
1643 383 1697 405 seu
1722 384 1794 407 con-

1055 423 1256 466 templatione
1284 424 1321 455 ad
1347 435 1400 456 eos
1431 425 1588 467 perventis
1612 430 1641 457 ct
1665 435 1793 469 pervcn-

1055 476 1142 516 turis,
1160 477 1253 509 etiam
1278 477 1302 509 si
1328 477 1358 509 in
1383 478 1513 520 pecunia
1539 478 1728 519 numeraria,
1757 489 1792 512 ac

1055 528 1227 566 iocalibus,
1252 530 1405 572 gemmis,
1433 530 1563 574 aliisque
1595 531 1792 575 pretiosiori-

1053 581 1111 614 bus
1135 583 1229 615 rebus
1249 583 1430 624 consistant,
1455 588 1516 617 tam
1543 585 1572 617 in
1597 584 1679 618 dicta
1705 585 1792 618 curia

1054 646 1146 678 quam
1164 641 1252 668 extra
1269 647 1337 670 eam
1354 637 1470 680 ubique
1486 637 1628 670 locorum
1647 643 1676 671 ct
1696 648 1793 682 penes

1054 688 1205 722 beneficia
1230 689 1297 732 ipsa
1324 690 1528 723 existentibus
1553 691 1703 734 (quorum
1728 702 1794 724 orn-

1054 742 1141 774 nium
1166 743 1351 786 qualitates,
1380 747 1408 777 et
1433 754 1524 777 veros
1556 744 1649 777 etiam
1674 755 1794 777 annuos

1054 795 1186 835 valores,
1204 796 1325 829 etiamsi
1349 796 1421 829 talia
1446 797 1556 837 forent,
1584 807 1663 840 quae
1688 798 1719 829 in
1743 808 1795 841 ge-

1054 849 1151 881 nerali
1177 849 1384 892 appellatione
1408 850 1565 883 bonorum
1585 856 1615 883 et
1643 851 1795 894 suppelle-

1055 901 1174 934 ctilium
1199 912 1263 935 non
1286 903 1437 943 venirent,
1463 903 1515 935 sed
1541 903 1728 946 specialibus
1752 903 1795 935 in-

1055 955 1199 997 digerent
1230 956 1389 988 vocabulis
1405 984 1412 996 ,
1436 957 1678 999 piacsentibus,
1709 967 1745 989 ac
1770 957 1793 989 si

1056 1008 1201 1051 specifice
1233 1014 1264 1041 et
1295 1009 1452 1052 sigillatim
1486 1010 1738 1053 exprimerentur
1766 1016 1796 1043 ct

1055 1061 1344 1104 denominarentur,
1359 1073 1417 1105 pro
1435 1063 1626 1095 sufficienter
1639 1064 1795 1107 expressis

1056 1119 1085 1146 ct
1109 1114 1274 1147 declaratis
1298 1115 1408 1148 haberi
1441 1116 1609 1159 volumus)
1635 1127 1734 1159 usque
1757 1116 1796 1148 ad

1056 1178 1211 1199 summam
1229 1168 1314 1200 mille
1327 1169 1512 1201 ducatorum
1526 1170 1594 1201 auri
1608 1169 1646 1202 de
1660 1172 1795 1208 camera,

1057 1225 1119 1252 tam
1142 1232 1201 1263 pro
1226 1221 1409 1254 decentibus
1434 1227 1462 1254 et
1487 1222 1626 1255 honestis
1646 1222 1796 1266 impensis

1056 1273 1262 1314 funebribus,
1288 1285 1381 1317 quam
1415 1274 1508 1306 etiam
1534 1286 1591 1318 pro
1615 1286 1797 1308 remunera-

1056 1326 1139 1359 tione
1164 1327 1313 1367 illorum,
1338 1327 1391 1370 qui
1417 1327 1477 1359 illis
1502 1328 1676 1361 viventibus
1701 1328 1799 1361 inser-

1056 1379 1179 1419 vierint,
1204 1380 1297 1412 etiam
1322 1381 1404 1412 ultra
1428 1380 1546 1413 servitii
1571 1381 1733 1423 meritum,
1762 1392 1797 1414 ac

1056 1432 1087 1464 in
1103 1433 1287 1465 eorumdem
1308 1433 1573 1476 patriarcl‘iarum,
1591 1434 1799 1477 archiepisco-

1057 1496 1193 1529 porum,
1219 1487 1439 1529 episcoporum
1465 1493 1494 1519 ct
1519 1498 1631 1520 eorum
1663 1487 1799 1530 singulo—

1057 1550 1127 1571 rum
1164 1539 1471 1581 consanguineorum
1507 1544 1537 1573 et
1567 1540 1729 1580 affinium,
1763 1552 1798 1573 ac

1058 1602 1332 1635 quorumcumque
1348 1593 1475 1636 piorum
1499 1593 1642 1626 locorum
1660 1594 1799 1627 favorem

1059 1650 1089 1677 et
1114 1656 1216 1685 usum,
1242 1650 1270 1678 ct
1296 1646 1373 1678 alias
1394 1657 1453 1689 pro
1478 1646 1609 1680 arbitrio
1634 1653 1663 1679 et
1694 1647 1800 1680 volun-

1060 1704 1120 1731 tate
1137 1710 1247 1732 eorum
1265 1704 1295 1731 et
1311 1700 1477 1734 cuiuslibet
1494 1711 1604 1733 eorum
1621 1699 1799 1743 (τὼεοίιιῑο1

1060 1753 1148 1796 prius
1173 1758 1275 1784 tamen
1292 1753 1330 1785 de
1347 1753 1493 1785 omnibus
1516 1753 1607 1786 honis
1631 1753 1799 1797 praedictis

1060 1816 1132 1837 aere
1155 1805 1268 1844 alieno,
1285 1810 1313 1837 et
1339 1805 1386 1845 iis,
1403 1816 1482 1849 quae
1506 1817 1563 1849 pro
1588 1806 1800 1839 restaurandis

1060 1858 1205 1891 domibus
1237 1868 1291 1890 seu
1321 1858 1471 1891 aedificiis
1502 1859 1743 1892 consistentibus
1769 1860 1801 1892 in

1060 1911 1137 1943 loc-is
1171 1911 1375 1943 ecclesiarum
1411 1912 1458 1944 vel
1493 1912 1718 1945 beneficiorum
1744 1923 1801 1956 per

1061 1964 1188 1996 eosdem
1204 1964 1409 2007 patriarchas,
1424 1965 1679 2009 archiepiscopos
1693 1971 1723 1998 et
1739 1966 1802 2009 epi—

1061 2027 1193 2060 scopos,
1218 2027 1254 2050 ac
1278 2028 1387 2050 eorum
1425 2017 1564 2059 singulos
1600 2018 1801 2052 obtentorum

1061 2070 1153 2112 culpa
1178 2074 1229 2102 aut
1254 2070 1445 2113 negligentia
1466 2071 1649 2103 eorumdem
1673 2072 1802 2114 patriar-

1062 2123 1212 2163 charum,
1239 2123 1552 2167 archiepiscoporum
1583 2129 1611 2156 et
1644 2124 1802 2168 episcopo-

1062 2186 1132 2208 rum
1165 2186 1201 2208 ac
1233 2187 1343 2208 eorum
1368 2177 1566 2219 singulorum
1591 2183 1642 2210 aut
1674 2177 1800 2210 illorum

1063 2233 1306 2270 procuratorum
1330 2229 1497 2261 destructis
1521 2230 1568 2262 vel
1593 2230 1801 2270 deterioratis,

1062 2291 1183 2314 necnon
1209 2282 1433 2325 recuperandis
1450 2283 1518 2315 aliis
1543 2283 1664 2315 iuribus
1681 2294 1803 2316 earnm-

1064 2334 1133 2366 dem
1159 2335 1363 2367 ecclesiarum
1389 2335 1434 2368 vcl
1452 2335 1677 2368 beneficiorum
1696 2336 1803 2380 deper-

1064 2386 1136 2419 ditis
1161 2398 1198 2420 ex
1215 2388 1305 2431 culpa
1323 2388 1371 2420 vel
1388 2388 1579 2430 negligentia
1605 2389 1802 2432 supradictis,

1065 2439 1179 2472 suerint
1203 2445 1389 2483 opportuna,
1407 2441 1558 2481 deductis,
1574 2447 1603 2474 et
1628 2442 1694 2474 sine
1718 2453 1804 2485 prae-

1065 2491 1180 2525 iudicio
1198 2492 1372 2525 litterarum
1389 2504 1444 2525 seu
1461 2494 1718 2528 constitutionum
1735 2506 1805 2539 apo-

1065 2545 1246 2578 stolicarum
1271 2557 1367 2590 super
1391 2547 1561 2580 residentia
1585 2548 1757 2589 editarum,
1775 2553 1805 2583 et

1064 2599 1182 2631 iurium
1207 2610 1350 2632 camerae
1374 2600 1563 2643 apostolicae
1587 2602 1691 2644 quoad
1718 2602 1801 2635 bona

1065 2652 1347 2696 iurisdictionalia)
1372 2654 1498 2695 testari,
1523 2665 1560 2688 ac
1594 2659 1802 2697 testamento,
1822 2674 1828 2677 ·

1103 2715 1112 2740 1
1132 2714 1203 2743 Edit.
1218 2715 1296 2742 Main.
1312 2715 1378 2750 legit
1392 2716 1529 2744 absolutis
1543 2717 1580 2751 (R.
1597 2717 1646 2751 r).

1694 316 1757 349 7⁶23
1803 326 1853 353 An.
1873 326 1902 354 c.
1924 327 1992 355 1622
