2293 3231
291 267 340 292 Λιι.
360 264 388 290 C.
409 265 475 292 lotz

309 913 379 939 Aquas
395 912 477 934 multas.

292 944 303 959 θ
319 941 370 962 loeis
385 940 413 960 ab
426 938 477 968 urbe

291 967 353 993 longe
380 967 476 987 distanti-

292 996 332 1016 hus
360 994 461 1014 collectas
473 1008 478 1016 ,

292 1028 370 1047 magno
394 1023 477 1047 sumptu

292 1049 320 1070 ad
336 1055 382 1069 eam
398 1054 439 1068 uno
455 1054 478 1067 a-

308 1076 415 1097 uaeductu
441 1074 477 1095 ad-

309 1103 342 1124 uei
359 1103 450 1124 curarit.

530 255 588 288 18ss

490 419 529 451 tri
547 418 735 462 affliellatur,
753 428 861 449 earum
879 426 937 449 usu
956 426 1035 459 pene
1053 415 1232 449 destitutam

489 482 568 509 esse,
593 482 628 503 ac
655 473 823 513 propterea
848 469 1012 513 complura
1038 468 1080 501 ibi
1103 468 1234 502 existen-

491 525 531 556 tia
557 524 690 566 templa,
715 522 856 555 virorum
887 527 915 555 et
949 521 1232 556 sanctimonialium

491 577 659 616 coenobia,
686 575 899 616 xenodochia,
924 579 954 609 et
977 575 1038 608 alia
1070 575 1123 619 pia
1154 575 1233 613 loca,

491 631 696 674 aedificiaque
722 629 868 672 insignia,
893 633 933 669 et,
958 629 1043 673 quod
1068 634 1159 672 caput
1178 634 1234 669 cst,

494 684 592 728 ipsius
613 682 768 726 Principis
784 683 999 726 apostolorum
1016 682 1188 718 basilicam„
1205 686 1234 715 et

492 737 622 770 Romani
648 736 808 770 l’ontiticis
833 736 939 768 sedem
971 741 998 768 et
1029 735 1234 775 domicilium,

491 801 645 833 aquarum
663 790 886 823 commoditate
901 800 1020 830 carere,
1035 788 1235 821 incommodo

492 844 564 877 huic
580 843 747 887 providere
763 843 974 875 necessarium
991 841 1145 875 duximus.

538 897 605 941 {3-
631 897 771 930 Seimitcs
801 896 904 939 itaque
936 895 1166 939 aquaeductum
1199 894 1234 926 il-

494 951 569 991 lum,
594 950 778 994 antiquitate
803 956 896 994 atquc
920 949 1028 993 operi>=
1050 947 1237 991 magnitudi-

493 1015 531 1037 ne
556 1004 817 1047 celeberrinuuu‚
844 1014 900 1047 per
933 1014 1026 1045 quem
1055 1002 1130 1034 olim
1156 1012 1236 1044 aqua

493 1059 640 1093 Sabatina
665 1064 692 1091 et
719 1057 886 1098 Alsietina,
912 1068 990 1100 quae
1015 1056 1108 1089 etiam
1136 1057 1238 1098 Augu-

493 1118 558 1146 stae
583 1124 600 1144 a
630 1114 760 1146 Caesare
792 1112 932 1154 Augusto
965 1110 1155 1154 imperatore
1184 1120 1237 1142 co-

495 1171 700 1209 gnomentum
726 1165 870 1209 smupsit,
897 1165 927 1197 in
951 1164 1095 1197 eamdem
1123 1164 1237 1196 [rbem

496 1220 545 1252 ria
571 1219 708 1257 Aurelia,
734 1219 772 1251 ad
797 1217 1009 1257 namnacbias,
1035 1217 1172 1260 aliasque
1189 1217 1239 1249 de-

496 1273 593 1314 licias,
611 1279 641 1306 ct
666 1273 882 1317 voluptuarios
908 1282 981 1304 usus
1005 1271 1169 1314 gentilirun
1191 1282 1239 1303 ro-

496 1337 662 1361 manorum
684 1327 841 1366 influebat,
858 1326 922 1358 sive
946 1326 1100 1358 barbarae
1125 1325 1238 1368 gentis,

496 1381 561 1414 sire
579 1380 732 1424 teulporis
756 1379 870 1412 iniuria
896 1379 1035 1411 dirutum
1058 1378 1100 1410 ita
1125 1378 1238 1414 iacere,

496 1440 529 1467 ut
554 1434 621 1467 eius
651 1433 782 1475 vestigia
814 1433 864 1465 rix
895 1432 1010 1465 alicubi
1036 1438 1238 1476 apparerent,

496 1487 657 1531 vigilantia
684 1486 833 1530 pastorali
859 1486 988 1529 dignum
1014 1496 1087 1518 sane
1116 1486 1239 1530 putavi-

497 1551 576 1581 mus,
594 1551 655 1573 non
673 1541 775 1573 solum
792 1540 936 1584 impuros
953 1550 987 1572 ac.
1005 1539 1240 1583 superstitiosos

498 1598 639 1628 veterum
676 1594 754 1626 ritus
795 1595 868 1626 vera
901 1592 1054 1635 religione
1086 1603 1239 1636 sacroque

497 1648 583 1680 cultu
603 1647 783 1687 emendare,
800 1657 910 1679 verum
930 1646 1025 1678 etiam
1042 1645 1175 1688 reliqua,
1192 1646 1239 1678 rel

497 1702 536 1735 ad
564 1701 804 1735 ostentationem
835 1705 863 1734 ct
895 1699 1077 1744 superbiam
1108 1699 1147 1732 ab
1179 1699 1240 1733 illis

497 1760 655 1796 extructa,
686 1756 732 1788 rel
765 1755 803 1788 ad
836 1754 943 1787 illicita
975 1753 1071 1786 animi
1103 1754 1240 1787 oblecta—

497 1814 602 1842 menta
620 1808 889 1851 relaxationesque
905 1807 1091 1850 excogitata,
1105 1817 1140 1839 ae
1158 1807 1242 1840 dein-

497 1862 535 1895 de
568 1862 694 1895 illorum
732 1867 911 1905 temporum
946 1861 1108 1894 cuiusdam
1147 1861 1239 1894 veluti

498 1915 760 1959 intemperantiae
789 1919 992 1947 monumenta
1012 1913 1148 1958 posteris
1172 1913 1242 1947 reli—

497 1973 563 2009 cta,
594 1968 624 2001 in
656 1968 820 2001 meliorem
852 1978 886 2000 ae
918 1966 1130 2000 necessarium
1161 1967 1240 2000 vitae

500 2032 601 2062 usum,
618 2027 769 2066 quantum
796 2021 827 2053 in
851 2020 942 2054 nobis
966 2026 1022 2060 est,
1040 2025 1239 2053 convertere:

498 2074 655 2118 simulque
681 2074 891 2116 intelligentes
915 2084 1011 2116 supra
1043 2074 1145 2105 laeum
1170 2073 1242 2106 Sab-

497 2128 650 2169 batinum,
671 2127 884 2171 Anguillariae
908 2131 936 2161 el
968 2127 1131 2160 ssracliiani
1160 2138 1240 2159 nune

498 2181 635 2222 dictum,
660 2181 698 2214 ad
732 2181 854 2214 radices
879 2180 1007 2213 collium
1033 2180 1136 2213 eidem
1160 2181 1239 2213 lacui

498 2235 529 2268 in
556 2234 639 2268 illius
671 2234 790 2266 ambitu
822 2234 1021 2266 dextrorsum
1046 2238 1241 2278 superastan-

499 2288 587 2327 tium,
605 2288 687 2322 ultra
712 2287 937 2330 Anguillariam
963 2293 991 2319 et
1016 2287 1240 2329 Tririuianum,

499 2342 652 2385 vigesimo
675 2347 786 2374 octavo
811 2342 850 2373 ab
876 2341 959 2374 [rbc
985 2341 1142 2382 milliario,
1159 2352 1242 2374 com-

499 2396 607 2439 plures
639 2405 792 2438 aquarum
823 2394 1008 2438 perennium
1037 2405 1095 2438 per
1119 2394 1240 2427 silicium

500 2459 593 2482 renas
617 2448 864 2488 scr-saturientium,
883 2448 950 2480 risu
967 2453 995 2480 et
1021 2453 1112 2490 gustu
1138 2448 1243 2480 iucun—

500 2502 701 2535 (lissimarum
716 2507 743 2535 et
759 2502 1050 2542 saluberrimarum,
1063 2503 1162 2534 sontes
1174 2512 1242 2535 exo-

501 2555 568 2595 riri,
593 2556 631 2588 de
655 2556 744 2599 aquis
769 2555 938 2599 praedictis
962 2555 1158 2597 colligendis,
1175 2565 1243 2588 cor—

502 2608 717 2652 rivandisque,
743 2619 777 2641 ae
810 2609 841 2640 in
866 2608 974 2648 Urbis,
999 2614 1026 2640 et
1059 2607 1241 2648 laniciilum,

503 2667 533 2695 et
558 2662 739 2694 Vaticanum
757 2662 930 2695 eminentes
947 2662 1043 2695 eolles
1060 2662 1243 2695 inducendis
1275 2672 1390 2700 αηςιμηι
1407 2677 1447 2706 (ιι,
1464 2671 1523 2705 w..

1069 263 1248 288 nt'LLAmrn
1273 263 1426 287 nonaxon

488 313 570 352 darn,
597 313 626 345 in
651 312 891 356 Ti·aust)lwri11;'i
915 318 1017 344 tamen
1038 310 1178 353 regione,
1196 322 1232 343 ae
1265 310 1473 353 cogitavimus
1490 337 1497 350 ,
1530 322 1590 354 pro
1621 317 1709 344 certo
1740 311 1918 350 babentes,
1950 311 2007 343 bas

489 365 611 398 civitate.
637 365 786 404 Leonina,
811 374 890 407 quae
916 364 1037 405 burgus
1062 362 1160 394 sancti
1181 362 1234 395 I‘e-
1265 374 1362 407 aquas
1386 373 1449 396 non
1473 364 1574 396 solum
1600 363 1720 407 regioni
1737 362 2007 408 Transtyberinae,

1266 422 1295 449 et
1321 416 1436 459 palatio
1460 421 1569 449 nostro
1593 416 1768 460 apostolico
1792 416 1824 448 in
1848 416 2006 457 Vaticano,

1266 480 1301 501 ac
1327 469 1404 502 locis
1429 469 1574 502 munibus
1598 469 1698 502 dictae
1722 468 1860 511 regionis
1883 472 1914 503 et
1937 468 2009 501 civi-

1269 523 1338 555 tatis
1370 522 1544 563 Leoninae,
1577 522 1632 556 sed
1661 522 1755 555 etiam
1783 522 1867 555 ultra
1897 525 2008 566 pontes

1268 576 1436 616 traductas,
1461 576 1491 609 in
1519 577 1610 620 plura
1635 575 1761 609 castella
1783 574 1918 616 divisas,
1943 574 2009 608 uni-

1269 639 1375 661 rer-sae
1408 631 1471 662 t'ere
1506 629 1602 667 t'rbi,
1627 634 1692 662 tum
1724 628 1909 673 publicum,
1940 634 2008 662 tum

1269 682 1425 726 privatum
1457 682 1659 716 commodum
1683 682 1841 722 allaturas,
1864 691 1922 715 nec
1946 691 2008 715 non

1270 736 1338 768 loca
1363 735 1626 779 'l'ranstyberina,
1652 735 1826 768 incolarum
1853 734 2010 778 paucitate

1270 799 1349 832 pene
1375 789 1488 822 alicubi
1513 789 1647 830 deserta,
1663 800 1722 822 usu
1739 794 1770 821 et
1785 787 2010 821 commoditate

1269 853 1378 875 earum
1403 842 1542 875 habitatu
1567 842 1791 886 frequentiora,
1815 845 1845 875 et
1868 842 2012 884 trequen-

1271 895 1385 929 tatione
1411 895 1607 936 iucundiora,
1632 906 1668 928 ae
1691 895 1816 928 saniora
1841 893 2010 927 reddenda.

1270 949 1303 981 ln
1328 949 1439 992 primis
1471 953 1574 983 autem
1607 948 1838 992 aquaeductum
1863 951 2011 988 veterem,

1270 1014 1305 1035 ac.
1339 1003 1422 1046 ipsas
1456 1014 1574 1046 aquas,
1607 1002 1662 1036 sed
1694 1002 1788 1046 longe
1819 1001 2012 1035 salubriores

1271 1067 1364 1099 quam
1388 1068 1468 1100 qnae
1500 1056 1637 1100 primum
1662 1056 1701 1089 ab
1725 1057 1878 1098 Augusto,
1902 1058 2012 1099 postea

1271 1122 1287 1143 a
1320 1110 1420 1142 t'elicis
1458 1109 1685 1143 rccordutionis
1713 1109 1851 1143 Adriano
1882 1108 1968 1152 Papa
2000 1107 2010 1140 l

1272 1163 1516 1208 praedecessore
1541 1167 1650 1197 nostro
1674 1163 1820 1196 reductae
1851 1167 1942 1203 sunt,
1965 1172 2014 1195 ea-

1272 1228 1405 1260 rumque
1435 1212 1644 1260 scaturigines
1672 1221 1703 1249 et
1733 1215 1919 1249 diverticula
1944 1225 2014 1259 per-

1272 1270 1419 1313 vestigari
1446 1269 1607 1309 iussimus;
1633 1269 1847 1312 certioresque
1877 1267 1950 1301 sacti
1973 1267 2013 1301 ab

1273 1323 1328 1363 iis,
1353 1323 1468 1366 quibus
1493 1334 1600 1355 curam
1631 1322 1710 1355 bane
1735 1321 2013 1362 demandavimus,

1273 1388 1369 1420 aquas
1402 1376 1581 1409 huiusmodi
1615 1376 1740 1419 colligi,
1765 1381 1795 1409 et
1827 1375 1866 1409 ad
1897 1375 2013 1409 Urbem

1273 1432 1432 1474 collesque
1458 1431 1615 1474 praet'atos
1636 1432 1713 1463 cura
1738 1430 1846 1464 solerti
1874 1429 2015 1463 adhibita

1273 1484 1386 1517 adduci
1403 1495 1512 1528 posse;
1530 1494 1587 1517 nos
1604 1494 1706 1527 neque
1722 1483 1896 1524 laboribus,
1911 1492 2014 1526 neque

1273 1537 1461 1582 smuptibus,
1486 1548 1546 1582 pro
1570 1533 1664 1570 liuius
1682 1537 1774 1570 Urbis
1795 1542 1826 1570 et
1849 1537 1880 1570 in
1904 1538 1942 1570 ea
1965 1535 2016 1571 de—

1274 1591 1414 1635 gentium
1440 1590 1607 1624 commodo
1625 1595 1655 1624 et
1678 1590 1822 1631 utilitate,
1838 1595 2014 1635 parcentes,

1273 1656 1355 1690 opus·
1379 1655 1477 1688 aquae
1512 1643 1672 1677 ducendae
1704 1643 1942 1688 quamprimum
1964 1654 2016 1687 ag:-

1273 1698 1374 1742 gredi,
1388 1709 1423 1730 ac
1438 1697 1591 1742 perticere
1608 1697 1860 1730 deliberavimus.
1879 1696 2015 1741 ideoque

1273 1751 1488 1796 coumlurium
1519 1762 1672 1794 aquarum
1702 1750 1840 1784 sontibus
1864 1750 2016 1785 salubrio-

1273 1805 1372 1843 ribus,
1400 1804 1453 1848 qui
1479 1804 1509 1837 in
1535 1803 1701 1838 territoriis
1729 1804 1910 1850 Braclliani,
1927 1804 2016 1837 Hica-

1274 1859 1354 1900 relli,
1372 1858 1499 1892 Bassam
1513 1863 1543 1891 et
1551 1858 1732 1899 Triviniani,
1740 1858 1798 1891 sub
1806 1858 1901 1892 certis
1909 1857 2016 1891 distin-

1274 1913 1332 1945 ctis
1356 1923 1467 1945 eorum
1491 1910 1813 1951 denominationibus,
1850 1910 2014 1951 oriuntur,

1274 1967 1453 2010 opportuna
1489 1964 1720 1998 substructione
1756 1963 2042 2008 comprehensis,-

1274 2019 1502 2062 corrivatisque
1527 2018 1636 2050 rivulis
1659 2028 1757 2051 unum
1782 2018 1812 2050 in
1837 2023 2016 2062 receptacu-

1275 2074 1338 2106 lum
1371 2073 1510 2105 collectis
1547 2078 1640 2116 atque
1668 2072 1826 2113 eont'usis,
1859 2076 1890 2107 et
1919 2082 2014 2106 unam

1274 2138 1387 2170 aquam
1412 2126 1660 2166 contieimtibus,
1677 2136 1791 2169 aquam
1816 2136 1943 2160 omnem
1958 2136 2016 2170 per

1275 2191 1389 2213 norum
1415 2179 1654 2224 aquaeductum,
1678 2190 1788 2224 quem,
1812 2179 1853 2213 ob
1877 2183 2015 2214 veterem

1274 2234 1471 2278 dissipatum,
1488 2234 1713 2268 subterrrzuieo
1726 2239 1756 2267 et
1772 2237 1900 2268 arcuato
1917 2244 2015 2278 opere

1275 2300 1291 2320 a
1316 2287 1527 2321 t’umlamentis
1544 2287 1739 2321 extruximus
1755 2292 1787 2320 et
1811 2286 2013 2329 restituimus,

1274 2353 1308 2373 ac
1334 2341 1414 2375 inter
1443 2346 1547 2374 cetera
1573 2340 1695 2374 duobus
1715 2339 1954 2374 sublimioribus
1967 2350 2016 2374 ar·

1275 2395 1373 2427 cubus
1390 2406 1492 2439 prope
1510 2394 1625 2428 Urbem
1642 2404 1714 2427 eum
1730 2393 1794 2428 suis
1811 2393 2015 2438 subscriptio-

1275 2449 1365 2481 nibus
1401 2448 1439 2481 ad
1478 2453 1666 2492 perpetuum
1698 2447 1743 2480 rei
1775 2451 2014 2482 monumentum

1275 2502 1388 2536 erectis
1404 2501 1595 2542 ornavimus,
1611 2499 1723 2544 longo¹
1743 2511 1858 2544 nempe
1874 2511 1893 2534 a
1911 2501 2013 2545 priori

1275 2555 1476 2600 receptaculo
1511 2553 1648 2597 quinque
1685 2557 1715 2588 et
1753 2553 1880 2597 triginta
1915 2553 2013 2587 millia

1311 2627 1322 2651 1
1344 2626 1397 2653 Nisi
1412 2625 1472 2661 quis
1488 2625 1560 2652 malit
1576 2625 1666 2660 legem
1682 2625 1811 2659 tanqum,
1825 2625 1897 2653 idest
1909 2632 2014 2660 aquae-
