2293 3231
299 301 349 328 Αιι.
366 300 396 328 c.
415 300 481 328 ¹622
526 291 589 325 718

705 347 863 382 Gregorius
883 348 962 381 Papa
981 347 1037 380 XV,

621 395 656 420 ad
676 396 852 427 perpetuam
872 394 916 419 rei
936 392 1119 419 memoriam.

545 455 674 488 Romani
704 454 861 487 Pontificis
887 454 1085 498 providentia
1109 454 1243 487 circum-

500 514 614 552 specta,
632 518 667 540 ea
684 518 764 552 quae
785 508 881 540 iustas
898 507 938 540 ob
953 518 1062 540 causas
1083 507 1241 541 interdum

500 566 613 593 statuta
631 566 712 600 sunt,
729 571 801 593 cum
820 566 1001 605 temporum
1016 561 1108 601 ratio,
1126 566 1156 593 et
1176 561 1241 604 ipsa

499 624 605 647 rerum
632 614 825 658 experientia
857 614 974 655 suadet,
1001 614 1184 647 moderatur
1212 620 1242 648 et

499 668 659 707 immutat,
685 673 778 711 prout
805 669 957 712 conspicit
980 669 1011 701 in
1035 669 1168 702 Domino
1193 679 1241 701 sa-

499 721 632 754 lubriter
649 721 806 765 expedire.

543 775 557 817 §
583 774 610 806 l.
638 774 721 807 Alias
745 775 900 819 siquidem
927 786 943 808 a
969 775 1066 809 seticis
1092 776 1242 810 recorda-

298 845 438 862 mmsmnua
449 847 482 862 ex.
499 828 592 862 tionis
617 828 712 862 Paulo
735 829 818 873 Papa
836 830 858 862 V
875 830 1117 874 praedecessore
1134 837 1242 864 nostro

298 868 483 920 {lssltss¹⁰’„:us{ss;
499 887 683 916 emanarunt
715 883 836 916 litterae
867 883 987 917 tenoris
1011 885 1242 928 subsequentis,

297 921 482 948 ¹⁹⁸⁰⁵⁰d¹d⁰¹'¹¹⁰¹‘
499 936 659 970 videlicet:
684 937 776 970 Inter
799 939 1012 981 yravissimas
1037 949 1142 978 curas,
1160 950 1243 983 quas

495 1000 555 1034 pro
579 995 688 1023 nostro
714 1002 847 1024 minnere
871 992 1002 1025 assidue
1025 994 1237 1033 sustinemus,

498 1043 560 1076 illa
584 1048 746 1087 postrema
774 1056 839 1078 non
864 1050 930 1087 est,
959 1047 996 1079 in
1023 1057 1124 1090 quam
1149 1047 1242 1079 uobis

499 1099 572 1131 totis
589 1099 714 1132 viribus
732 1099 986 1132 incumbendum
1000 1111 1064 1133 esse
1081 1100 1242 1140 ducimus,

496 1155 533 1183 ut
557 1152 719 1184 nimirum
744 1152 869 1185 almum
896 1153 1010 1186 Urbem
1035 1158 1192 1194 nostram,
1213 1158 1242 1187 et

500 1205 684 1238 universam
709 1206 970 1239 Ecclesiasticam
992 1207 1159 1240 Ditionem
1184 1218 1242 1240 an-

497 1268 602 1291 nonae
623 1260 761 1293 caritate
777 1260 907 1293 iamdiu
923 1261 1069 1304 praviter
1090 1260 1242 1293 laboran-

499 1316 571 1353 tem,
599 1318 763 1356 qnantum
789 1324 863 1347 cum
887 1314 1027 1347 Domino
1053 1325 1238 1358 possumus,

500 1365 680 1407 liberemus,
709 1366 789 1400 etc¹.

543 1419 558 1463 ἓ
582 1419 611 1452 2.
644 1419 781 1453 Subinde
806 1431 881 1454 vcro
905 1431 963 1464 per
988 1421 1134 1454 eumdem
1163 1421 1243 1454 Pau-

498 1472 562 1505 lum
579 1473 856 1516 praedecessorem
874 1480 1017 1519 accepto,
1041 1486 1059 1508 a
1084 1475 1244 1508 nonnullis

498 1525 645 1567 dubitari,
659 1537 697 1559 an
712 1538 768 1571 per
779 1528 990 1571 praeinsertas
1007 1539 1089 1568 suas,
1104 1528 1243 1572 aliasque

498 1578 617 1613 litteras
642 1585 671 1613 et
695 1581 892 1624 provisiones
922 1581 1118 1626 supradictas
1148 1582 1241 1614 etiam

498 1633 733 1676 prohiberetur,
758 1645 796 1668 ne
821 1636 995 1676 frumenta,
1020 1635 1128 1676 blada,
1154 1636 1243 1678 legu-

499 1686 598 1728 mina,
624 1692 654 1720 et
678 1688 708 1721 id
732 1698 874 1722 annonae
907 1700 1025 1732 genus,
1059 1689 1181 1722 etiamsi
1211 1689 1242 1722 in

498 1741 634 1785 propriis
655 1742 747 1775 bonis
772 1743 803 1775 in
823 1743 912 1776 Statu
934 1743 1153 1777 Ecclesiastico
1178 1743 1242 1776 exi-

497 1795 652 1827 stentibus
682 1800 784 1828 essent
816 1797 1000 1837 recollecta,
1027 1807 1044 1829 a
1068 1797 1145 1829 locis
1169 1796 1241 1830 Sedi

498 1848 695 1891 Apostolicae
719 1849 900 1882 immediate
925 1850 1084 1890 subiectis,
1109 1849 1148 1882 ad
1173 1849 1242 1883 loca

497 1900 599 1934 eidem
623 1902 694 1935 Sedi
720 1902 856 1936 mediate
880 1903 1029 1944 subiecta,
1055 1909 1086 1936 et
1109 1913 1126 1936 a
1150 1903 1241 1936 dictis

498 1954 575 1988 locis
604 1955 649 1989 sic
674 1956 809 1989 mediate
842 1957 992 1990 subiectis
1021 1957 1059 1990 ad
1084 1957 1143 1990 alia
1173 1957 1241 1991 loca

498 2013 585 2042 extra
595 2009 714 2043 dictum
724 2010 844 2043 Statum
858 2011 1116 2055 adspostarentur
1129 2017 1159 2045 et
1172 2022 1243 2045 con-

497 2062 725 2104 ducerentur‚²
756 2064 839 2097 idem
870 2065 985 2099 Paulus
1017 2065 1242 2109 praedecessor

499 2122 587 2149 motu
612 2117 755 2160 proprio,
780 2117 858 2150 etc-,³

543 2169 558 2213 g
581 2168 611 2202 3.
636 2170 711 2203 Cum
729 2176 845 2211 autem,
863 2170 943 2204 sicut
962 2172 1152 2215 accepimus,
1169 2182 1243 2204 non-

499 2223 658 2256 nullorum
684 2224 825 2257 locorum
848 2225 951 2258 Status
975 2225 1074 2258 nostri
1092 2225 1243 2258 Ecclesia-

499 2277 566 2309 stici
592 2277 682 2310 nobis
707 2278 887 2311 immediate
918 2279 1050 2312 subiecti
1088 2289 1242 2322 personae

499 2331 646 2375 frequens
662 2331 832 2365 admodum
849 2332 1075 2366 commercium
1090 2343 1161 2365 cum
1175 2343 1243 2376 per-

499 2385 583 2417 sonis
608 2385 747 2418 eiusdem
774 2386 878 2419 Status
902 2386 994 2419 nobis
1024 2386 1160 2419 mediate
1190 2397 1242 2419 su-

499 2437 601 2479 biecti,
620 2444 646 2472 et
673 2450 690 2472 e
715 2445 833 2480 contra,
850 2444 979 2484 propter
996 2440 1141 2474 locorum
1166 2440 1241 2473 vici-

326 470 445 491 Exordium.

338 788 414 810 Paulus
430 788 447 807 V
463 791 483 808 et

297 815 334 836 alii
357 816 482 842 praedeees-

332 1427 388 1449 ldem
404 1428 482 1448 Paulus

298 1455 360 1475 allam
400 1455 483 1475 addidit

297 1481 470 1502 Constitutiones.

371 2177 483 2203 Gregorius

300 2204 359 2224 iustis
374 2204 400 2225 tle
415 2210 484 2224 canus

300 2237 478 2251 excommunica-

301 2259 484 2278 annumerem-eu—

300 2289 334 2303 ηις
348 2287 420 2305 eontra
440 2286 484 2304 illos

300 2310 408 2336 impostum
431 2317 484 2330 casi-

300 2336 338 2356 bus
354 2337 387 2357 hnc
402 2343 483 2362 expres-

299 2368 327 2381 w
351 2369 392 2383 non
417 2369 483 2384 incur-

300 2394 347 2410 rere
363 2389 464 2411 decernit.

534 2537 546 2563 ¹1
565 2536 705 2573 Reliquum
723 2537 864 2572 omittitur,
877 2538 940 2573 quia
953 2537 1039 2565 habes
1054 2538 1081 2565 in
1092 2537 1151 2565 loco
1163 2537 1242 2573 paulo

500 2585 561 2608 ante
577 2582 622 2608 cit.
641 2583 666 2609 in
682 2584 742 2610 nota
757 2582 790 2610 ad
807 2583 942 2610 rubricam
960 2584 994 2619 (n.
1008 2585 1055 2616 τ.).

535 2626 552 2653 2
567 2626 630 2653 lleic
646 2626 770 2654 delemus
785 2628 922 2654 coniunct.
939 2631 966 2655 el
981 2630 1019 2661 (n.
1036 2634 1052 2654 τ
1065 2627 1082 2662 ).

537 2670 552 2698 3
567 2670 652 2697 Etiam
669 2671 737 2698 lianc
754 2671 826 2697 Pauli
838 2673 929 2698 Const.
941 2671 1025 2699 habes
1035 2679 1117 2707 supra
1131 2671 1182 2700 loc.
1195 2671 1241 2699 cit.

502 2714 529 2741 in
549 2718 614 2742 tom.
631 2721 668 2749 xi,
684 2723 742 2750 pag.
759 2715 811 2742 265
828 2716 863 2750 (u.
880 2715 928 2750 r.).

1079 299 1257 324 BULLARIUM
1282 299 1436 323 ROMANUM

1275 347 1414 387 nitatem,
1433 356 1489 379 seu
1512 346 1599 387 alias,
1615 345 1766 387 habeant;
1783 346 1830 380 et¹
1848 351 2017 392 propterea

1276 399 1399 433 easdem
1418 409 1571 443 personas
1592 409 1684 443 saepe
1701 399 1844 433 censuris
1859 405 1890 434 et
1908 400 2018 444 poenis

1275 453 1457 487 huiusmodi
1474 454 1506 486 in
1522 464 1632 487 eorum
1647 453 1821 498 perniciem
1841 454 2018 487 animarum

1276 507 1370 540 variis
1396 507 1498 541 modis
1529 506 1711 551 illaqueari,
1743 506 1920 550 coming-an
1945 517 2019 548 nOS‚

1275 560 1457 594 earumdem
1472 571 1680 604 personarum
1696 560 1959 594 conscientiarum
1977 570 2021 594 se-

1276 613 1410 654 curitati,
1424 619 1454 646 et
1471 614 1649 647 animarum
1666 614 1769 653 saluti,
1782 613 2021 658 commodisque

1276 669 1407 710 paterna
1432 667 1594 708 charitate,
1619 672 1771 711 quantum
1796 678 1868 701 cum
1886 667 2020 701 Domino

1276 731 1454 765 possumus,
1472 721 1655 766 prospicere
1671 721 1822 762 volentes,
1839 726 1927 754 motu
1943 731 2020 765 pro-

1276 775 1346 820 prio
1370 781 1400 808 et
1425 786 1462 809 ex
1487 777 1574 808 certa
1598 775 1729 809 scientia
1754 785 1791 808 ac
1816 777 1940 808 matura
1968 773 2020 807 de-

1276 829 1461 863 liberatione
1485 829 1612 869 nostris,
1637 829 1738 873 deque
1758 829 1947 873 apostolicae
1965 838 2020 873 po-

1277 882 1395 916 testatis
1414 881 1626 926 plenitudine:

1319 935 1406 975 Quod
1430 935 1469 969 de
1493 941 1599 968 cetero
1623 945 1734 969 omnes
1753 939 1784 968 et
1799 944 2019 979 quaecumque

1276 999 1439 1033 personae,
1464 999 1545 1033 quae
1570 999 1712 1023 annonae
1735 989 1766 1022 in
1791 988 2021 1023 constitutioni-

1276 1043 1334 1076 bus
1362 1043 1532 1087 praedictis
1556 1043 1678 1076 extrahi
1703 1042 1883 1087 prohibitae
1905 1041 2020 1077 etiam*

1276 1097 1478 1130 solummodo
1503 1096 1728 1141 quantitatem,
1749 1107 1828 1141 quae
1852 1096 1891 1130 ad
1915 1106 2021 1130 neces-

1276 1150 1392 1183 sariam
1406 1150 1665 1183 sustentationem
1679 1160 1768 1183 suam
1783 1155 1814 1184 et
1829 1150 2020 1183 familiarum

1277 1214 1405 1237 suarum
1430 1203 1522 1237 unius
1546 1203 1618 1236 anni
1638 1203 1704 1236 sive
1720 1213 1820 1248 usque
1843 1203 1883 1236 ad
1905 1213 2020 1237 novam

1277 1267 1411 1290 messem
1440 1256 1592 1297 sufficiat,
1617 1261 1704 1290 extra
1729 1256 1849 1290 Statum
1873 1261 2020 1290 nostrum

1277 1311 1530 1345 Ecclesiasticum
1549 1310 1730 1344 huiusmodi
1747 1310 1840 1344 nobis
1853 1315 1883 1344 et
1899 1310 1929 1344 S.
1939 1311 1975 1344 R.
1985 1310 2019 1344 E.

1277 1366 1458 1399 immediate
1482 1365 1659 1399 subiectum
1682 1365 1721 1398 ad
1738 1365 1860 1399 Statum
1884 1365 2019 1398 mediate

1278 1420 1471 1460 subiectum;

1321 1474 1450 1507 Necnon
1474 1473 1559 1517 quod
1584 1483 1751 1518 pauperes,
1775 1473 1830 1517 qui
1853 1472 2020 1506 fasciculos

1278 1527 1438 1571 spicarum
1462 1527 1494 1560 in
1518 1527 1603 1571 agris
1627 1527 1822 1568 relictarum,
1844 1527 1938 1560 unius
1958 1525 2020 1560 diei

1278 1581 1386 1614 labore
1411 1582 1570 1623 collectos,
1595 1592 1654 1625 pro
1680 1581 1764 1615 victu
1781 1586 1812 1614 et
1834 1580 2020 1615 necessitate

1278 1640 1398 1668 tantum
1424 1638 1481 1669 sua
1506 1635 1641 1676 diurna;

1320 1691 1364 1723 Ac
1388 1690 1535 1723 similiter
1560 1690 1645 1734 quod
1670 1690 1820 1734 Religiosi
1844 1689 2021 1723 Mendican-

1278 1748 1332 1784 tes,
1358 1743 1411 1787 qui
1436 1754 1582 1787 granum,
1599 1744 1760 1787 legumina
1775 1749 1806 1778 et
1821 1743 1882 1777 alia
1906 1743 2020 1777 similia

1277 1808 1336 1841 pro
1362 1798 1562 1842 eleemosyna
1586 1797 1672 1839 data,
1697 1808 1756 1842 pro
1780 1797 1865 1831 victu
1884 1807 2020 1831 conven-

1277 1856 1364 1884 tuum
1379 1861 1509 1884 suorum
1527 1850 1706 1891 communi3

1319 1905 1363 1938 Ac
1387 1910 1552 1949 praeterea
1577 1904 1662 1949 quod
1685 1904 1795 1938 rustici
1812 1909 1843 1938 et
1865 1913 2021 1948 pauperes

1276 1958 1424 2002 operarii,
1441 1958 1495 2002 qui
1517 1957 1696 1991 mercedem
1721 1957 1878 1998 diurnam,
1895 1957 2020 1992 nonnisi

1276 2011 1308 2044 in
1332 2022 1441 2055 grano,
1459 2017 1511 2045 aut
1528 2012 1596 2045 aliis
1614 2021 1756 2045 annonae
1776 2011 1947 2055 generibus
1966 2011 2022 2044 hu-

1277 2065 1413 2099 iusmodi
1438 2066 1587 2110 consequi
1612 2069 1761 2110 possunt;

1319 2119 1442 2163 Quique
1466 2119 1505 2152 ad
1530 2125 1689 2153 mercatus
1713 2119 1835 2164 pullos,
1859 2129 1934 2161 ova,
1959 2118 2022 2152 fru-

1277 2176 1355 2211 ctus,
1381 2171 1429 2203 vel
1455 2171 1515 2204 alia
1540 2171 1654 2204 similia
1677 2170 1709 2203 in
1733 2174 1829 2215 parva
1848 2170 2021 2214 quantitate

1277 2223 1391 2264 serunt,
1406 2227 1486 2258 etex
1499 2234 1536 2257 eo
1550 2224 1653 2268 pretio
1667 2234 1775 2257 rerum
1788 2222 2020 2268 praedictarum

1277 2287 1401 2321 panem,
1426 2277 1559 2310 farinam
1581 2283 1611 2310 et
1635 2277 1749 2310 similia
1772 2287 1831 2320 pro
1856 2287 1914 2310 suo
1931 2281 1962 2310 et
1981 2276 2022 2309 sa-

1279 2331 1438 2364 miliarum
1457 2341 1584 2364 suarum
1603 2341 1661 2364 usu
1678 2336 1710 2364 et
1729 2330 1915 2364 necessitate
1934 2329 2022 2363 dum-

1277 2388 1360 2418 taxat
1383 2394 1420 2417 ex
1444 2385 1523 2418 locis
1540 2384 1644 2418 Status
1663 2384 1815 2428 praedicti
1839 2383 2021 2417 immediate

1277 2438 1408 2476 subiecti
1433 2437 1473 2471 ad
1496 2438 1564 2471 loca
1588 2438 1691 2472 Status
1707 2437 1799 2471 nobis
1820 2436 1954 2470 mediate
1973 2447 2022 2470 su-

1276 2492 1370 2525 biecti
1385 2519 1392 2533 ,
1417 2497 1471 2525 aut
1499 2492 1592 2525 etiam
1620 2496 1707 2524 extra
1731 2491 1851 2525 Statum
1876 2496 2021 2524 nostrum

1276 2545 1530 2578 Ecclesiasticum
1561 2544 1754 2578 extraxerint
1780 2548 1811 2578 et
1838 2549 2021 2588 asportave-

1276 2598 1349 2642 rint,
1374 2598 1548 2632 dummodo
1564 2597 1668 2631 omnis
1685 2597 1776 2631 dolus
1792 2600 1822 2631 et
1838 2597 1923 2631 sraus
1941 2596 2022 2631 absit

1312 2672 1324 2698 1
1343 2670 1483 2698 Coniunct.
1499 2672 1527 2698 et
1542 2677 1590 2697 nos
1604 2668 1728 2696 addimus
1742 2670 1780 2703 (a.
1798 2668 1847 2703 τ.)-

1312 2715 1329 2743 2
1343 2715 1436 2743 Potius
1449 2715 1569 2751 legerem
1584 2722 1648 2742 eam
1665 2721 1714 2750 pro
1729 2713 1819 2742 etiam
1835 2714 1873 2749 (R.
1888 2713 1926 2749 r.)

2030 298 2080 325 An.
2096 297 2125 326 C.
2146 295 2214 327 1⁶22

2042 947 2125 969 Primus
2139 951 2210 971 canu.

2061 1481 2173 1504 socundu-
2182 1486 2219 1503 οι-

2034 1514 2070 1530 δῠθ
2073 1525 2078 1530 .

2049 1695 2134 1718 Tertius
2147 1699 2218 1718 casus.

2048 1909 2140 1934 Quartus
2149 1913 2220 1931 casua.

2048 2122 2138 2147 Quintu-
2151 2126 2220 2144 mua
