2293 3231
83 301 132 330 An.
147 301 178 329 C.
199 301 267 329 1622

108 1527 218 1550 Decretum
236 1528 262 1549 ir-

81 1557 152 1577 ritans.

117 2109 262 2135 Exequuteres

80 2135 139 2156 istius
162 2139 262 2156 constitn-

79 2163 142 2183 tionis
157 2163 251 2188 (Inputat.

883 301 1059 328 GREGORIUS
1083 304 1126 328 XV
1149 304 1197 328 1³1².

279 348 371 389 bere;
395 358 453 382 nec
477 349 644 389 haeredes,
669 350 852 392 legatarios,
877 361 913 384 ac
938 352 1015 391 loca,

279 402 317 435 ad
337 413 426 446 quos,
445 414 498 436 seu
523 414 612 447 quae,
629 404 722 445 bona,
745 404 812 438 iura
830 410 860 437 ct
877 405 1016 438 actiones

279 455 464 497 devenient,
489 457 535 489 vel
561 456 674 500 quibus
707 457 940 501 relinquentur,
965 464 1017 491 aut

279 513 488 553 exequutores
523 510 701 554 praedictos
731 510 771 543 ad
806 511 929 544 tertiam
963 522 1016 544 seu

279 562 372 595 aliam
386 573 495 596 eorum
510 568 631 606 partem
655 564 762 606 (quam
775 564 868 597 etiam
886 575 921 597 ex
934 575 1018 598 nunc

279 615 350 655 illis,
367 626 403 648 ac
420 615 507 655 locis,
522 616 720 657 haeredibus,
741 617 901 660 legatariis
914 628 949 650 ae
966 618 1019 651 do-

278 669 406 701 natariis
429 669 596 712 praedictis
620 670 794 703 liberaliter
818 671 1018 704 concedimus

280 726 310 754 et
333 722 500 765 donamus)
529 733 692 765 camerae,
718 724 766 757 vel
790 724 941 765 fabricae,
966 729 1019 758 aut

280 774 439 808 benefieiis
452 775 629 819 praedictiS,
643 776 735 809 etiam
749 788 807 820 pro
823 777 1018 821 expeditione

280 832 388 861 contra
412 828 563 868 infideles,
581 833 610 863 et
627 829 818 872 quibuslibet
836 830 904 863 aliis
925 841 1019 874 quan-

280 881 423 914 tumlibet
446 881 505 925 piis
528 882 637 915 usibus
662 883 856 923 solvendum,
876 888 1016 916 anteum

280 934 316 967 iis
340 934 477 979 desuper
501 936 765 979 componendum,
786 938 833 969 vel
859 937 943 980 ipsos
967 948 1018 980 pa-

280 986 449 1028 triarchas,
475 988 751 1032 archiepiscopos,
780 989 962 1033 cpiscopos,
988 995 1018 1022 et

279 1049 389 1072 eorum
409 1040 559 1083 singulos,
577 1040 615 1072 ad
635 1041 726 1073 aliam
743 1042 965 1084 particularem
985 1042 1017 1074 li-

278 1092 421 1133 centiam,
446 1093 510 1125 sive
534 1093 699 1134 indultum,
724 1099 777 1126 aut
804 1094 1017 1127 confirmatio-

276 1155 348 1178 nem
361 1146 573 1189 praesentium
584 1156 602 1178 a
614 1147 705 1179 nobis
718 1147 765 1179 vel
783 1148 1017 1180 successoribus

276 1198 392 1231 nostris
423 1199 572 1232 Romanis
603 1199 806 1232 Pontificibus
831 1200 1016 1243 petendum,

277 1256 331 1284 aut
352 1250 597 1295 impetrandum,
618 1252 665 1284 vel
683 1252 777 1285 etiam
798 1253 827 1285 in
845 1253 906 1285 alia
923 1253 1017 1286 simili

277 1305 378 1348 gratia
407 1305 471 1338 sive
500 1305 566 1338 eius
596 1305 834 1339 confirmatione
859 1306 919 1338 illis
944 1317 1018 1350 quo-

277 1358 509 1402 modocumque
550 1358 749 1392 concedenda
785 1359 823 1392 de
860 1360 1017 1403 praesenti

277 1412 469 1445 mentionem
485 1412 621 1456 aliquam
639 1412 816 1445 faciendum
833 1413 943 1453 teneri,
960 1423 1017 1446 nee

277 1464 315 1497 ad
333 1464 364 1497 id
380 1465 445 1498 ulla
462 1475 601 1509 unquam
621 1465 805 1499 necessitate
829 1466 900 1508 cogi
914 1476 1016 1509 posse;

322 1519 337 1562 ξ
361 1518 412 1551 silk.
434 1519 472 1551 Et
494 1519 538 1552 sic
562 1519 593 1551 in
617 1518 798 1562 praemissis
822 1519 968 1552 omnibus
988 1525 1017 1552 et

278 1571 409 1614 singulis
417 1582 474 1615 per
487 1582 702 1615 quoscumque
713 1572 830 1605 iudices
840 1572 1017 1605 ordinarios

277 1629 307 1657 et
326 1624 495 1667 delegatos,
513 1625 606 1657 etiam
631 1635 796 1657 causarum
822 1626 926 1668 palatii
946 1636 1018 1670 apo-

276 1677 377 1710 stolici
402 1677 571 1718 auditores,
591 1687 627 1710 ac
651 1677 790 1710 eiusdem
808 1677 836 1710 S.
854 1679 888 1710 R.
903 1679 935 1710 E.
953 1689 1017 1711 car-

276 1729 411 1770 dinales,
435 1740 493 1763 nec
517 1740 579 1763 non
602 1740 660 1773 pro
685 1734 827 1774 tempore
851 1730 1017 1764 existentes

276 1783 415 1816 eiusdem
442 1794 585 1816 camerae
604 1784 823 1824 camerarium,
841 1784 1017 1827 praesiden-

276 1841 322 1869 tes
339 1841 369 1869 et
393 1837 534 1877 clericos,
559 1837 590 1869 in
615 1837 724 1880 quavis
746 1839 839 1870 causa
856 1841 885 1870 et
905 1837 1017 1870 instan—

275 1890 329 1930 tia,
346 1890 478 1923 iudicari
495 1895 524 1923 et
541 1890 665 1922 definiri
688 1890 814 1931 debere,
835 1900 871 1923 ac
891 1890 1016 1923 irritum

277 1947 307 1975 et
330 1943 430 1984 Inane,
456 1944 481 1977 si
505 1954 594 1977 secus
618 1954 714 1987 super
738 1944 786 1976 his
805 1955 823 1977 a
847 1954 1015 1988 quoquam,

277 1996 385 2038 quavis
398 1996 591 2037 auctoritate,
609 1996 742 2030 scienter
759 1997 807 2030 vel
825 1997 1015 2040 ignoranter,

278 2049 443 2092 contigerit
463 2050 616 2083 attentari.

321 2102 336 2145 ξ
359 2102 410 2135 15.
435 2102 587 2141 Quocirca
610 2104 844 2136 venerabilibus
864 2104 1015 2138 fratribus

277 2155 393 2187 nostris
417 2155 549 2188 Ostiensi
572 2160 602 2189 et
617 2156 780 2189 Portuensi
797 2156 962 2200 episcopis,
980 2168 1015 2190 ac

277 2208 390 2242 dilecto
405 2208 470 2241 silio
488 2220 652 2242 causarum
666 2210 771 2243 curiae
784 2221 927 2243 camerae
943 2221 1016 2254 apo-

277 2262 404 2294 stolicae
428 2262 567 2305 generali
595 2263 729 2296 auditori
753 2273 809 2306 per
834 2268 1015 2306 praesentes

277 2315 502 2349 committimus
519 2321 548 2348 et
565 2316 760 2356 mandamus,
776 2320 928 2359 quatenus
945 2317 1014 2360 ipsi,

276 2369 324 2401 vel
335 2367 407 2408 duo,
425 2374 477 2401 aut
493 2379 574 2402 unus
587 2379 776 2412 eorum,per
792 2379 834 2410 se,
850 2370 897 2402 vel
907 2369 1014 2410 alium,

276 2431 331 2454 seu
348 2421 435 2463 alios,
451 2426 631 2466 praesentes
654 2422 774 2455 litteras
791 2426 821 2454 et
836 2422 868 2454 in
884 2422 928 2455 eis
945 2433 1016 2455 con-

277 2478 359 2508 tenta
390 2485 627 2518 quaecumque,
651 2474 705 2507 ubi
730 2480 760 2507 et
783 2474 908 2518 quando
936 2486 1014 2519 opus

275 2528 377 2569 suerit,
402 2533 432 2561 et
455 2528 578 2572 quoties
602 2539 661 2573 pro
685 2534 774 2572 parte
799 2528 939 2572 ipsorum
964 2540 1015 2572 pa-

276 2580 497 2621 triarcharum,
515 2581 826 2625 archiepiscoporum
846 2586 876 2614 et
893 2581 1014 2625 episco-

276 2644 390 2677 porum
404 2645 458 2668 seu
471 2635 603 2668 alieuius
616 2646 726 2668 eorum
736 2635 852 2668 fuerint
861 2634 1013 2678 requisiti,

1051 352 1154 384 missis
1172 352 1305 385 efficacis
1330 352 1518 385 defensionis
1542 352 1698 396 praesidio
1716 353 1790 384 assi-

1052 409 1176 445 stentes,
1194 405 1306 437 saciant
1331 406 1514 439 auctoritate
1538 407 1645 438 nostra
1666 405 1789 438 easdem

1052 462 1231 501 praesentes
1249 463 1278 490 et
1296 458 1326 490 in
1343 458 1387 491 eis
1404 464 1549 492 contenta
1573 469 1790 502 quaecumque

1052 510 1186 543 tirmiter
1216 511 1393 551 observari,
1418 523 1453 545 ac
1479 523 1531 545 eos
1557 512 1617 544 illis
1646 512 1791 545 omnibus

1052 565 1181 607 pacifice
1197 565 1257 597 srui
1279 569 1309 597 et
1325 565 1472 607 gaudere,
1495 576 1557 599 11011
1576 566 1791 609 permittentes

1053 616 1123 650 illos
1147 628 1204 661 per
1228 629 1456 662 quoscumque,
1474 619 1582 662 quavis
1607 619 1791 651 auctoritate

1052 670 1225 713 fungentes,
1244 676 1351 706 contra
1376 673 1586 715 praesentium
1609 673 1791 705 carunulem

1053 728 1194 762 tenorem
1212 726 1450 769 quomodolibet
1468 726 1603 759 indebite
1621 726 1790 767 molestari,

1052 776 1219 820 inquietari
1243 779 1290 811 vel
1318 778 1510 821 perturbari;
1543 779 1791 812 contradictores

1053 830 1207 871 quoslibet
1227 835 1256 863 et
1273 831 1405 863 rebelles
1430 842 1485 874 per
1506 842 1654 864 censuras
1675 836 1704 864 et
1720 843 1791 875 poe-

1052 892 1106 914 nas
1123 883 1358 923 ecclesiasticas,
1375 884 1496 927 aliaque
1520 889 1697 928 opportuna
1714 885 1791 917 iuris

1052 940 1081 966 et
1106 935 1177 968 sacti
1201 937 1350 976 remedia,
1372 938 1581 980 appellatione
1606 938 1790 981 postposita,

1052 990 1290 1032 compescendo,
1314 990 1524 1033 legitimisque
1549 1002 1645 1034 super
1670 991 1716 1023 liis
1740 992 1792 1024 ha-

1051 1040 1160 1074 bendis
1185 1043 1315 1075 servatis
1346 1043 1564 1086 processibus,
1590 1055 1738 1076 censuras
1763 1048 1789 1078 el

1052 1104 1169 1137 poenas
1186 1095 1267 1138 ipsas
1285 1097 1377 1129 etiam
1397 1097 1513 1130 iteratis
1539 1097 1658 1130 vicibus
1678 1108 1790 1140 aggra-

1051 1147 1162 1188 vando,
1180 1148 1322 1182 invocato
1340 1150 1432 1182 etiam
1450 1150 1488 1182 ad
1505 1151 1573 1193 1100,
1592 1151 1616 1183 si
1634 1162 1714 1194 opus
1729 1152 1791 1184 fue-

1051 1199 1102 1239 rit,
1126 1200 1242 1233 auxilio
1266 1201 1386 1234 brachii
1412 1203 1570 1235 secularis.

1096 1252 1170 1295 5116.
1185 1254 1253 1286 Non
1266 1254 1462 1287 obstantibus
1473 1256 1666 1299 praemissis,
1675 1267 1710 1289 ae
1720 1257 1789 1300 piae

1052 1306 1224 1339 memoriae
1239 1307 1386 1340 Bonisacii
1401 1308 1499 1351 Papae
1514 1309 1578 1341 VIII
1594 1310 1687 1343 etiam
1705 1321 1791 1353 prae-

1051 1358 1225 1392 decessoris
1249 1360 1348 1393 nostri
1373 1361 1410 1393 de
1436 1363 1519 1402 una,
1548 1366 1577 1394 et
1602 1363 1632 1394 in
1657 1363 1790 1396 concilio

1052 1413 1190 1455 generali
1208 1413 1290 1446 edita
1306 1414 1343 1447 de
1361 1414 1481 1447 duabus
1502 1415 1602 1455 dietis,
1619 1416 1790 1450 dummodo

1051 1466 1132 1498 ultra
1157 1470 1221 1499 tres
1246 1466 1343 1499 dietas
1368 1467 1480 1511 aliquis
1504 1469 1688 1501 auctoritate
1705 1479 1791 1513 prae-

1051 1518 1186 1551 sentium
1199 1519 1237 1551 ad
1254 1519 1404 1552 iudicium
1423 1531 1485 1553 non
1501 1522 1651 1562 trahatur,
1669 1533 1790 1555 necnon

1050 1572 1270 1606 Lateranensis
1295 1574 1419 1607 concilii
1443 1575 1611 1608 novissime
1641 1576 1789 1609 celebrati

1050 1625 1087 1657 de
1108 1630 1194 1658 certo
1219 1627 1401 1659 eorumdem
1434 1629 1630 1661 notariorum
1658 1640 1790 1663 numero

1050 1678 1171 1711 etiamsi
1188 1679 1226 1712 ad
1244 1680 1331 1712 illum
1346 1681 1485 1713 nonduin
1504 1681 1670 1714 deventum
1685 1683 1789 1722 suerit,

1050 1732 1100 1764 cui
1124 1742 1181 1775 per
1204 1733 1264 1765 1100
1288 1733 1363 1766 alias
1387 1734 1571 1776 derogatum
1596 1746 1659 1768 non
1683 1735 1785 1768 inten-

1051 1784 1163 1824 dimus,
1181 1789 1211 1818 et
1230 1786 1268 1818 de
1292 1797 1444 1819 consensu
1468 1788 1654 1830 praestando
1672 1788 1701 1820 in
1719 1799 1790 1831 pen—

1051 1837 1199 1878 sionibus,
1217 1843 1247 1871 et
1263 1839 1514 1883 quibuscumque
1530 1841 1598 1873 aliis
1623 1841 1716 1874 etiam
1734 1852 1790 1885 per

1050 1901 1106 1924 nos
1123 1896 1151 1923 et
1170 1891 1280 1924 Sedem
1306 1893 1499 1935 praedictam
1525 1893 1616 1926 editis
1640 1899 1670 1926 et
1690 1894 1789 1938 impo-

1051 1949 1169 1976 sterum
1200 1944 1328 1977 edendis
1360 1946 1565 1978 cancellariae
1599 1947 1789 1990 apostolicae

1050 1997 1178 2039 regulis,
1196 2008 1231 2030 ac
1255 1998 1332 2041 stylo
1351 1998 1380 2030 in
1399 1999 1552 2032 similibus
1570 2000 1720 2033 hactenus
1737 2000 1790 2033 ob—

1050 2054 1183 2090 servato,
1200 2060 1236 2083 ac
1258 2051 1441 2083 recolendae
1466 2053 1638 2085 memoriae
1662 2053 1789 2085 Alexan-

1049 2102 1097 2135 dri
1111 2103 1159 2143 VI,
1177 2103 1300 2135 tertiam
1317 2108 1438 2147 partem
1460 2105 1615 2137 bonorum
1642 2106 1788 2138 ecelesia-

1049 2156 1200 2189 sticorum
1218 2167 1362 2189 camerae
1385 2158 1562 2200 praedictae
1579 2159 1686 2191 deberi
1708 2159 1788 2191 inter

1048 2209 1107 2241 alia
1136 2209 1340 2253 disponente,
1370 2221 1405 2243 ac
1435 2212 1618 2254 quorumvis
1653 2212 1786 2244 aliorum

1048 2263 1263 2296 Romanorum
1292 2264 1480 2297 Pontificum
1510 2265 1786 2308 praedecessorum

1048 2321 1240 2357 nostrorum,
1258 2328 1293 2349 ac
1317 2317 1479 2360 quibusvis
1504 2318 1572 2350 aliis
1597 2319 1787 2361 apostolicis,

1048 2380 1084 2401 ac
1107 2369 1138 2401 in
1169 2370 1415 2413 provincialibus
1439 2376 1469 2403 et
1493 2372 1693 2415 synodalibus
1717 2383 1787 2405 eon—

1048 2422 1127 2455 ciliis
1141 2423 1230 2456 editis
1244 2424 1429 2466 specialibus
1444 2425 1490 2456 vel
1505 2425 1704 2466 generalibus
1717 2436 1787 2458 eon-

1048 2475 1258 2508 stitutionibus
1288 2481 1318 2509 et
1348 2477 1618 2515 ordinationibus,
1643 2488 1700 2511 nec
1723 2489 1786 2512 non

1048 2528 1231 2571 quorumvis
1255 2529 1478 2569 ecclesiarum,
1506 2531 1785 2574 monasteriorum,

1048 2580 1192 2613 ordinum
1218 2581 1424 2623 collegiorum
1450 2582 1631 2615 militiarum
1663 2590 1693 2616 et
1724 2585 1787 2617 offi-

1806 1267 1915 1288 cunisam
1927 1268 1986 1288 101111.

1047 2633 1169 2666 ciorum
1182 2633 1282 2667 dictae
1294 2634 1409 2677 curiae,
1423 2646 1459 2667 ac
1476 2636 1576 2675 Urbis,
1590 2636 1784 2680 aliarumque
1822 2674 1826 2677 ‚

278 2687 459 2721 solemniter
481 2688 693 2732 publicantes,
717 2688 840 2732 illisque
865 2688 896 2720 in
921 2698 1011 2732 prae-
1047 2687 1204 2721 civitatum
1229 2693 1257 2720 et
1283 2688 1423 2721 locorum
1452 2700 1487 2721 ae
1504 2700 1647 2723 camerae
1665 2691 1786 2734 praedi—
