<?xml version="1.0" encoding="UTF-8"?>
<!DOCTYPE html PUBLIC "-//W3C//DTD XHTML 1.0 Transitional//EN"
    "http://www.w3.org/TR/xhtml1/DTD/xhtml1-transitional.dtd">
<html xmlns="http://www.w3.org/1999/xhtml" xml:lang="en" lang="en">
 <head>
  <title>
</title>
<meta http-equiv="Content-Type" content="text/html;charset=utf-8" />
  <meta name='ocr-system' content='tesseract 3.04.00' />
  <meta name='ocr-capabilities' content='ocr_page ocr_carea ocr_par ocr_line ocrx_word'/>
</head>
<body>
  <div class='ocr_page' id='page_1' title='image "./bullarumdiplomat12cath_0676.png"; bbox 0 0 2293 3231; ppageno 0'>
   <div class='ocr_carea' id='block_1_1' title="bbox 237 290 419 320">
    <p class='ocr_par' dir='ltr' id='par_1_1' title="bbox 237 290 419 320">
     <span class='ocr_line' id='line_1_1' title="bbox 237 290 419 320; baseline -0.005 -1"><span class='ocrx_word' id='word_1_1' title='bbox 237 294 285 320; x_wconf 73' lang='lat' dir='ltr'>An.</span> <span class='ocrx_word' id='word_1_2' title='bbox 309 292 337 318; x_wconf 81' lang='lat' dir='ltr'>C.</span> <span class='ocrx_word' id='word_1_3' title='bbox 357 290 419 318; x_wconf 72' lang='lat'><strong>¹62¹</strong></span> 
     </span>
    </p>
   </div>
   <div class='ocr_carea' id='block_1_2' title="bbox 426 1241 1189 1285">
    <p class='ocr_par' dir='ltr' id='par_1_2' title="bbox 426 1241 1189 1285">
     <span class='ocr_line' id='line_1_2' title="bbox 426 1241 1189 1285; baseline -0.001 -11"><span class='ocrx_word' id='word_1_4' title='bbox 426 1243 522 1275; x_wconf 68' lang='lat' dir='ltr'>&#39;llaec</span> <span class='ocrx_word' id='word_1_5' title='bbox 539 1242 718 1281; x_wconf 85' lang='lat' dir='ltr'>desument,</span> <span class='ocrx_word' id='word_1_6' title='bbox 742 1252 822 1285; x_wconf 79' lang='lat' dir='ltr'>quae</span> <span class='ocrx_word' id='word_1_7' title='bbox 847 1242 885 1274; x_wconf 80' lang='lat' dir='ltr'>ad</span> <span class='ocrx_word' id='word_1_8' title='bbox 906 1241 1065 1274; x_wconf 70' lang='lat' dir='ltr'>sinistram</span> <span class='ocrx_word' id='word_1_9' title='bbox 1090 1246 1189 1284; x_wconf 68' lang='lat' dir='ltr'>gesta-</span> 
     </span>
    </p>
   </div>
   <div class='ocr_carea' id='block_1_3' title="bbox 437 281 2205 966">
    <p class='ocr_par' dir='ltr' id='par_1_3' title="bbox 437 281 2209 966">
     <span class='ocr_line' id='line_1_3' title="bbox 473 281 2147 315; baseline -0.002 -1"><span class='ocrx_word' id='word_1_10' title='bbox 473 281 536 315; x_wconf 82' lang='lat'>638</span> <span class='ocrx_word' id='word_1_11' title='bbox 1020 286 1199 311; x_wconf 61' lang='lat' dir='ltr'>nucinum</span> <span class='ocrx_word' id='word_1_12' title='bbox 1223 285 1376 310; x_wconf 64' lang='lat' dir='ltr'>nonnum</span> <span class='ocrx_word' id='word_1_13' title='bbox 1966 281 2016 310; x_wconf 77' lang='lat' dir='ltr'>An.</span> <span class='ocrx_word' id='word_1_14' title='bbox 2036 281 2065 310; x_wconf 86' lang='lat' dir='ltr'>c.</span> <span class='ocrx_word' id='word_1_15' title='bbox 2083 281 2147 310; x_wconf 72' lang='lat'>¹62¹</span> 
     </span>
     <span class='ocr_line' id='line_1_4' title="bbox 438 332 1955 376; baseline -0.005 -5"><span class='ocrx_word' id='word_1_16' title='bbox 438 340 556 373; x_wconf 75' lang='lat' dir='ltr'>attenta</span> <span class='ocrx_word' id='word_1_17' title='bbox 577 336 825 370; x_wconf 70' lang='lat' dir='ltr'>consideratione</span> <span class='ocrx_word' id='word_1_18' title='bbox 843 335 1001 367; x_wconf 78' lang='lat' dir='ltr'>discussis.</span> <span class='ocrx_word' id='word_1_19' title='bbox 1020 335 1118 366; x_wconf 87' lang='lat' dir='ltr'>lluius</span> <span class='ocrx_word' id='word_1_20' title='bbox 1130 345 1181 366; x_wconf 88' lang='lat' dir='ltr'>au-</span> <span class='ocrx_word' id='word_1_21' title='bbox 1214 332 1371 376; x_wconf 77' lang='lat' dir='ltr'>hospitali,</span> <span class='ocrx_word' id='word_1_22' title='bbox 1396 332 1426 364; x_wconf 90' lang='lat' dir='ltr'>in</span> <span class='ocrx_word' id='word_1_23' title='bbox 1451 341 1514 375; x_wconf 88' lang='lat' dir='ltr'>quo</span> <span class='ocrx_word' id='word_1_24' title='bbox 1538 341 1592 364; x_wconf 89' lang='lat' dir='ltr'>eos</span> <span class='ocrx_word' id='word_1_25' title='bbox 1616 341 1676 375; x_wconf 85' lang='lat' dir='ltr'>pro</span> <span class='ocrx_word' id='word_1_26' title='bbox 1694 337 1838 375; x_wconf 87' lang='lat' dir='ltr'>tempore</span> <span class='ocrx_word' id='word_1_27' title='bbox 1857 334 1955 365; x_wconf 81' lang='lat' dir='ltr'>trans-</span> 
     </span>
     <span class='ocr_line' id='line_1_5' title="bbox 439 383 1954 433; baseline -0.005 -9"><span class='ocrx_word' id='word_1_28' title='bbox 439 399 500 425; x_wconf 87' lang='lat' dir='ltr'>tem</span> <span class='ocrx_word' id='word_1_29' title='bbox 512 390 769 433; x_wconf 59' lang='lat' dir='ltr'>Certen-egationis</span> <span class='ocrx_word' id='word_1_30' title='bbox 783 399 840 432; x_wconf 88' lang='lat' dir='ltr'>pro</span> <span class='ocrx_word' id='word_1_31' title='bbox 854 388 961 421; x_wconf 87' lang='lat' dir='ltr'>babitu</span> <span class='ocrx_word' id='word_1_32' title='bbox 970 388 1047 420; x_wconf 82' lang='lat' dir='ltr'>duas</span> <span class='ocrx_word' id='word_1_33' title='bbox 1061 387 1180 420; x_wconf 88' lang='lat' dir='ltr'>tunicas</span> <span class='ocrx_word' id='word_1_34' title='bbox 1214 385 1293 419; x_wconf 90' lang='lat' dir='ltr'>mitti</span> <span class='ocrx_word' id='word_1_35' title='bbox 1310 395 1365 418; x_wconf 89' lang='lat' dir='ltr'>seu</span> <span class='ocrx_word' id='word_1_36' title='bbox 1383 384 1574 418; x_wconf 88' lang='lat' dir='ltr'>commorari</span> <span class='ocrx_word' id='word_1_37' title='bbox 1591 383 1768 427; x_wconf 83' lang='lat' dir='ltr'>contigerit,</span> <span class='ocrx_word' id='word_1_38' title='bbox 1783 383 1954 424; x_wconf 79' lang='lat' dir='ltr'>discedere,</span> 
     </span>
     <span class='ocr_line' id='line_1_6' title="bbox 441 435 1956 488; baseline -0.006 -10"><span class='ocrx_word' id='word_1_39' title='bbox 441 456 477 478; x_wconf 79' lang='lat' dir='ltr'>ex</span> <span class='ocrx_word' id='word_1_40' title='bbox 502 454 605 488; x_wconf 84' lang='lat' dir='ltr'>panno</span> <span class='ocrx_word' id='word_1_41' title='bbox 630 442 677 475; x_wconf 72' lang='lat' dir='ltr'>vel</span> <span class='ocrx_word' id='word_1_42' title='bbox 694 453 729 475; x_wconf 54' lang='lat' dir='ltr'>cx</span> <span class='ocrx_word' id='word_1_43' title='bbox 747 442 807 475; x_wconf 73' lang='lat' dir='ltr'>alia</span> <span class='ocrx_word' id='word_1_44' title='bbox 832 441 963 474; x_wconf 81' lang='lat' dir='ltr'>materia</span> <span class='ocrx_word' id='word_1_45' title='bbox 985 447 1095 474; x_wconf 86' lang='lat' dir='ltr'>contra</span> <span class='ocrx_word' id='word_1_46' title='bbox 1120 441 1182 484; x_wconf 84' lang='lat' dir='ltr'>epi—</span> <span class='ocrx_word' id='word_1_47' title='bbox 1214 444 1267 471; x_wconf 84' lang='lat' dir='ltr'>aut</span> <span class='ocrx_word' id='word_1_48' title='bbox 1290 438 1525 471; x_wconf 85' lang='lat' dir='ltr'>discendentem</span> <span class='ocrx_word' id='word_1_49' title='bbox 1549 437 1692 481; x_wconf 88' lang='lat' dir='ltr'>recipere</span> <span class='ocrx_word' id='word_1_50' title='bbox 1705 435 1824 480; x_wconf 85' lang='lat' dir='ltr'>absque</span> <span class='ocrx_word' id='word_1_51' title='bbox 1838 436 1956 470; x_wconf 80' lang='lat' dir='ltr'>littera-</span> 
     </span>
     <span class='ocr_line' id='line_1_7' title="bbox 437 489 1957 539; baseline -0.004 -11"><span class='ocrx_word' id='word_1_52' title='bbox 437 498 571 530; x_wconf 81' lang='lat' dir='ltr'>‹lemiam</span> <span class='ocrx_word' id='word_1_53' title='bbox 595 507 648 529; x_wconf 84' lang='lat' dir='ltr'>seu</span> <span class='ocrx_word' id='word_1_54' title='bbox 674 501 793 539; x_wconf 82' lang='lat' dir='ltr'>pestem</span> <span class='ocrx_word' id='word_1_55' title='bbox 826 495 947 538; x_wconf 85' lang='lat' dir='ltr'>aptiore</span> <span class='ocrx_word' id='word_1_56' title='bbox 978 494 1179 538; x_wconf 79' lang='lat' dir='ltr'>superiorum</span> <span class='ocrx_word' id='word_1_57' title='bbox 1215 503 1286 524; x_wconf 86' lang='lat' dir='ltr'>rum</span> <span class='ocrx_word' id='word_1_58' title='bbox 1310 491 1468 525; x_wconf 88' lang='lat' dir='ltr'>societatis</span> <span class='ocrx_word' id='word_1_59' title='bbox 1485 491 1639 530; x_wconf 78' lang='lat' dir='ltr'>cautione3</span> <span class='ocrx_word' id='word_1_60' title='bbox 1654 495 1685 523; x_wconf 86' lang='lat' dir='ltr'>et</span> <span class='ocrx_word' id='word_1_61' title='bbox 1699 489 1777 523; x_wconf 86' lang='lat' dir='ltr'>haec</span> <span class='ocrx_word' id='word_1_62' title='bbox 1801 489 1907 523; x_wconf 88' lang='lat' dir='ltr'>omnia</span> <span class='ocrx_word' id='word_1_63' title='bbox 1925 493 1957 523; x_wconf 78' lang='lat' dir='ltr'>et</span> 
     </span>
     <span class='ocr_line' id='line_1_8' title="bbox 438 542 1956 591; baseline -0.003 -10"><span class='ocrx_word' id='word_1_64' title='bbox 438 560 511 582; x_wconf 71' lang='lat' dir='ltr'>&gt;uae</span> <span class='ocrx_word' id='word_1_65' title='bbox 527 548 784 591; x_wconf 61' lang='lat' dir='ltr'>Congregatioiiis</span> <span class='ocrx_word' id='word_1_66' title='bbox 801 548 932 581; x_wconf 86' lang='lat' dir='ltr'>arbitrio</span> <span class='ocrx_word' id='word_1_67' title='bbox 948 558 1007 591; x_wconf 90' lang='lat' dir='ltr'>pro</span> <span class='ocrx_word' id='word_1_68' title='bbox 1027 547 1180 591; x_wconf 86' lang='lat' dir='ltr'>temporis</span> <span class='ocrx_word' id='word_1_69' title='bbox 1215 546 1338 589; x_wconf 75' lang='lat' dir='ltr'>singula</span> <span class='ocrx_word' id='word_1_70' title='bbox 1351 547 1490 590; x_wconf 81' lang='lat' dir='ltr'>(praeter</span> <span class='ocrx_word' id='word_1_71' title='bbox 1503 545 1562 578; x_wconf 87' lang='lat' dir='ltr'>tria</span> <span class='ocrx_word' id='word_1_72' title='bbox 1575 549 1646 578; x_wconf 70' lang='lat' dir='ltr'>vota</span> <span class='ocrx_word' id='word_1_73' title='bbox 1663 543 1776 577; x_wconf 86' lang='lat' dir='ltr'>ceteris</span> <span class='ocrx_word' id='word_1_74' title='bbox 1792 542 1956 577; x_wconf 82' lang='lat' dir='ltr'>ordinibus</span> 
     </span>
     <span class='ocr_line' id='line_1_9' title="bbox 439 595 1958 643; baseline -0.004 -9"><span class='ocrx_word' id='word_1_75' title='bbox 439 609 465 635; x_wconf 76' lang='lat' dir='ltr'>et</span> <span class='ocrx_word' id='word_1_76' title='bbox 491 603 632 636; x_wconf 83' lang='lat' dir='ltr'>locorum</span> <span class='ocrx_word' id='word_1_77' title='bbox 659 602 807 634; x_wconf 63' lang='lat' dir='ltr'>rarietate</span> <span class='ocrx_word' id='word_1_78' title='bbox 832 602 991 634; x_wconf 84' lang='lat' dir='ltr'>terrestris</span> <span class='ocrx_word' id='word_1_79' title='bbox 1017 601 1081 634; x_wconf 69' lang='lat' dir='ltr'>sive</span> <span class='ocrx_word' id='word_1_80' title='bbox 1101 601 1182 634; x_wconf 83' lang='lat' dir='ltr'>cine·</span> <span class='ocrx_word' id='word_1_81' title='bbox 1215 599 1391 632; x_wconf 83' lang='lat' dir='ltr'>essentialia</span> <span class='ocrx_word' id='word_1_82' title='bbox 1415 603 1445 633; x_wconf 89' lang='lat' dir='ltr'>et</span> <span class='ocrx_word' id='word_1_83' title='bbox 1468 604 1616 643; x_wconf 89' lang='lat' dir='ltr'>quartum</span> <span class='ocrx_word' id='word_1_84' title='bbox 1640 596 1905 642; x_wconf 88' lang='lat' dir='ltr'>suprascriptum)</span> <span class='ocrx_word' id='word_1_85' title='bbox 1925 595 1958 628; x_wconf 89' lang='lat' dir='ltr'>in</span> 
     </span>
     <span class='ocr_line' id='line_1_10' title="bbox 440 649 1958 698; baseline -0.004 -10"><span class='ocrx_word' id='word_1_86' title='bbox 440 656 506 689; x_wconf 79' lang='lat' dir='ltr'>ricii</span> <span class='ocrx_word' id='word_1_87' title='bbox 532 662 583 688; x_wconf 86' lang='lat' dir='ltr'>aut</span> <span class='ocrx_word' id='word_1_88' title='bbox 610 655 705 698; x_wconf 74' lang='lat' dir='ltr'>grisei</span> <span class='ocrx_word' id='word_1_89' title='bbox 731 655 868 695; x_wconf 85' lang='lat' dir='ltr'>coloris,</span> <span class='ocrx_word' id='word_1_90' title='bbox 897 659 929 688; x_wconf 87' lang='lat' dir='ltr'>ut</span> <span class='ocrx_word' id='word_1_91' title='bbox 961 660 1089 695; x_wconf 75' lang='lat' dir='ltr'>vocant,</span> <span class='ocrx_word' id='word_1_92' title='bbox 1119 659 1180 688; x_wconf 84' lang='lat' dir='ltr'>tam</span> <span class='ocrx_word' id='word_1_93' title='bbox 1216 653 1397 686; x_wconf 88' lang='lat' dir='ltr'>huiusmodi</span> <span class='ocrx_word' id='word_1_94' title='bbox 1420 653 1531 696; x_wconf 71' lang='lat' dir='ltr'>regula</span> <span class='ocrx_word' id='word_1_95' title='bbox 1555 655 1700 686; x_wconf 86' lang='lat' dir='ltr'>contenta</span> <span class='ocrx_word' id='word_1_96' title='bbox 1719 655 1813 685; x_wconf 86' lang='lat' dir='ltr'>erunt</span> <span class='ocrx_word' id='word_1_97' title='bbox 1827 649 1958 684; x_wconf 83' lang='lat' dir='ltr'>consilia</span> 
     </span>
     <span class='ocr_line' id='line_1_11' title="bbox 441 704 1959 753; baseline -0.004 -11"><span class='ocrx_word' id='word_1_98' title='bbox 441 709 546 743; x_wconf 72' lang='lat' dir='ltr'>novitii</span> <span class='ocrx_word' id='word_1_99' title='bbox 572 720 665 753; x_wconf 78' lang='lat' dir='ltr'>quam</span> <span class='ocrx_word' id='word_1_100' title='bbox 700 709 833 752; x_wconf 73' lang='lat' dir='ltr'>professi</span> <span class='ocrx_word' id='word_1_101' title='bbox 866 709 1020 748; x_wconf 80' lang='lat' dir='ltr'>vestient;</span> <span class='ocrx_word' id='word_1_102' title='bbox 1048 719 1182 752; x_wconf 88' lang='lat' dir='ltr'>quarum</span> <span class='ocrx_word' id='word_1_103' title='bbox 1216 706 1254 739; x_wconf 91' lang='lat' dir='ltr'>ad</span> <span class='ocrx_word' id='word_1_104' title='bbox 1278 706 1400 739; x_wconf 81' lang='lat' dir='ltr'>facilius</span> <span class='ocrx_word' id='word_1_105' title='bbox 1423 705 1586 739; x_wconf 84' lang='lat' dir='ltr'>salvandas</span> <span class='ocrx_word' id='word_1_106' title='bbox 1602 705 1722 738; x_wconf 87' lang='lat' dir='ltr'>animas</span> <span class='ocrx_word' id='word_1_107' title='bbox 1745 704 1912 744; x_wconf 83' lang='lat' dir='ltr'>viatorum,</span> <span class='ocrx_word' id='word_1_108' title='bbox 1928 708 1959 737; x_wconf 87' lang='lat' dir='ltr'>et</span> 
     </span>
     <span class='ocr_line' id='line_1_12' title="bbox 441 757 1958 806; baseline -0.004 -10"><span class='ocrx_word' id='word_1_109' title='bbox 441 763 617 796; x_wconf 87' lang='lat' dir='ltr'>tunicarum</span> <span class='ocrx_word' id='word_1_110' title='bbox 642 763 739 795; x_wconf 81' lang='lat' dir='ltr'>altera</span> <span class='ocrx_word' id='word_1_111' title='bbox 762 762 907 806; x_wconf 77' lang='lat' dir='ltr'>desuper</span> <span class='ocrx_word' id='word_1_112' title='bbox 923 763 1024 796; x_wconf 84' lang='lat' dir='ltr'>maior</span> <span class='ocrx_word' id='word_1_113' title='bbox 1048 762 1106 795; x_wconf 85' lang='lat' dir='ltr'>erit</span> <span class='ocrx_word' id='word_1_114' title='bbox 1121 789 1128 802; x_wconf 95' lang='lat'>‚</span> <span class='ocrx_word' id='word_1_115' title='bbox 1153 767 1183 795; x_wconf 85' lang='lat' dir='ltr'>et</span> <span class='ocrx_word' id='word_1_116' title='bbox 1216 760 1301 793; x_wconf 87' lang='lat' dir='ltr'>nulla</span> <span class='ocrx_word' id='word_1_117' title='bbox 1318 759 1507 803; x_wconf 85' lang='lat' dir='ltr'>obligatoria</span> <span class='ocrx_word' id='word_1_118' title='bbox 1525 759 1563 792; x_wconf 91' lang='lat' dir='ltr'>ad</span> <span class='ocrx_word' id='word_1_119' title='bbox 1579 763 1743 803; x_wconf 78' lang='lat' dir='ltr'>peccatum</span> <span class='ocrx_word' id='word_1_120' title='bbox 1759 757 1893 792; x_wconf 84' lang='lat' dir='ltr'>mortale</span> <span class='ocrx_word' id='word_1_121' title='bbox 1909 757 1958 790; x_wconf 85' lang='lat' dir='ltr'>vel</span> 
     </span>
     <span class='ocr_line' id='line_1_13' title="bbox 442 810 1960 860; baseline -0.003 -11"><span class='ocrx_word' id='word_1_122' title='bbox 442 818 471 849; x_wconf 91' lang='lat' dir='ltr'>in</span> <span class='ocrx_word' id='word_1_123' title='bbox 489 817 642 860; x_wconf 82' lang='lat' dir='ltr'>superiori</span> <span class='ocrx_word' id='word_1_124' title='bbox 657 821 745 860; x_wconf 86' lang='lat' dir='ltr'>parte</span> <span class='ocrx_word' id='word_1_125' title='bbox 759 816 886 849; x_wconf 87' lang='lat' dir='ltr'>insimul</span> <span class='ocrx_word' id='word_1_126' title='bbox 899 821 1040 848; x_wconf 86' lang='lat' dir='ltr'>assutum</span> <span class='ocrx_word' id='word_1_127' title='bbox 1057 815 1183 849; x_wconf 85' lang='lat' dir='ltr'>habebit</span> <span class='ocrx_word' id='word_1_128' title='bbox 1218 813 1346 853; x_wconf 74' lang='lat' dir='ltr'>veniale,</span> <span class='ocrx_word' id='word_1_129' title='bbox 1371 813 1430 845; x_wconf 88' lang='lat' dir='ltr'>nisi</span> <span class='ocrx_word' id='word_1_130' title='bbox 1454 813 1592 846; x_wconf 85' lang='lat' dir='ltr'>humano</span> <span class='ocrx_word' id='word_1_131' title='bbox 1617 812 1665 845; x_wconf 76' lang='lat' dir='ltr'>vel</span> <span class='ocrx_word' id='word_1_132' title='bbox 1689 810 1796 845; x_wconf 82' lang='lat' dir='ltr'>divino</span> <span class='ocrx_word' id='word_1_133' title='bbox 1819 811 1888 844; x_wconf 89' lang='lat' dir='ltr'>iure</span> <span class='ocrx_word' id='word_1_134' title='bbox 1907 810 1960 844; x_wconf 84' lang='lat' dir='ltr'>ali-</span> 
     </span>
     <span class='ocr_line' id='line_1_14' title="bbox 441 865 1672 914; baseline -0.002 -13"><span class='ocrx_word' id='word_1_135' title='bbox 441 870 646 914; x_wconf 80' lang='lat' dir='ltr'>capuccium,</span> <span class='ocrx_word' id='word_1_136' title='bbox 671 880 742 902; x_wconf 88' lang='lat' dir='ltr'>cum</span> <span class='ocrx_word' id='word_1_137' title='bbox 768 869 863 902; x_wconf 70' lang='lat' dir='ltr'>corda</span> <span class='ocrx_word' id='word_1_138' title='bbox 893 880 930 901; x_wconf 81' lang='lat' dir='ltr'>cx</span> <span class='ocrx_word' id='word_1_139' title='bbox 955 870 1041 902; x_wconf 87' lang='lat' dir='ltr'>crine</span> <span class='ocrx_word' id='word_1_140' title='bbox 1067 869 1183 912; x_wconf 87' lang='lat' dir='ltr'>equino</span> <span class='ocrx_word' id='word_1_141' title='bbox 1217 867 1288 910; x_wconf 87' lang='lat' dir='ltr'>quis</span> <span class='ocrx_word' id='word_1_142' title='bbox 1303 867 1381 899; x_wconf 69' lang='lat' dir='ltr'>alias</span> <span class='ocrx_word' id='word_1_143' title='bbox 1397 866 1492 899; x_wconf 86' lang='lat' dir='ltr'>suerit</span> <span class='ocrx_word' id='word_1_144' title='bbox 1506 865 1672 909; x_wconf 78' lang='lat' dir='ltr'>obligatus.</span> 
     </span>
     <span class='ocr_line' id='line_1_15' title="bbox 442 916 2205 966; baseline -0.002 -12"><span class='ocrx_word' id='word_1_145' title='bbox 442 923 577 966; x_wconf 84' lang='lat' dir='ltr'>desuper</span> <span class='ocrx_word' id='word_1_146' title='bbox 600 923 726 955; x_wconf 85' lang='lat' dir='ltr'>lumbos</span> <span class='ocrx_word' id='word_1_147' title='bbox 751 922 906 965; x_wconf 70' lang='lat' dir='ltr'>cingente,</span> <span class='ocrx_word' id='word_1_148' title='bbox 920 927 949 954; x_wconf 87' lang='lat' dir='ltr'>et</span> <span class='ocrx_word' id='word_1_149' title='bbox 966 922 1106 956; x_wconf 82' lang='lat' dir='ltr'>eiusdem</span> <span class='ocrx_word' id='word_1_150' title='bbox 1121 931 1186 954; x_wconf 83' lang='lat' dir='ltr'>ma·</span> <span class='ocrx_word' id='word_1_151' title='bbox 1263 920 1278 963; x_wconf 65' lang='grc' dir='ltr'>ξ</span> <span class='ocrx_word' id='word_1_152' title='bbox 1297 920 1326 952; x_wconf 69' lang='lat' dir='ltr'>Ji.</span> <span class='ocrx_word' id='word_1_153' title='bbox 1351 920 1427 954; x_wconf 89' lang='lat' dir='ltr'>Cum</span> <span class='ocrx_word' id='word_1_154' title='bbox 1453 925 1568 960; x_wconf 89' lang='lat' dir='ltr'>autem,</span> <span class='ocrx_word' id='word_1_155' title='bbox 1585 918 1665 952; x_wconf 89' lang='lat' dir='ltr'>sicut</span> <span class='ocrx_word' id='word_1_156' title='bbox 1682 917 1791 951; x_wconf 89' lang='lat' dir='ltr'>eadem</span> <span class='ocrx_word' id='word_1_157' title='bbox 1807 916 1960 961; x_wconf 72' lang='lat' dir='ltr'>expositio</span> <span class='ocrx_word' id='word_1_158' title='bbox 1988 927 2161 952; x_wconf 66' lang='lat' dir='ltr'>praeese-am-</span> <span class='ocrx_word' id='word_1_159' title='bbox 2190 922 2205 951; x_wconf 85' lang='grc'>.·</span> 
     </span>
    </p>
   </div>
   <div class='ocr_carea' id='block_1_4' title="bbox 445 955 2162 1072">
    <p class='ocr_par' dir='ltr' id='par_1_4' title="bbox 445 955 2162 1072">
     <span class='ocr_line' id='line_1_16' title="bbox 445 955 2162 1018; baseline -0.003 -10"><span class='ocrx_word' id='word_1_160' title='bbox 445 976 538 1008; x_wconf 74' lang='lat' dir='ltr'>leriae</span> <span class='ocrx_word' id='word_1_161' title='bbox 563 976 679 1010; x_wconf 81' lang='lat' dir='ltr'>coloris</span> <span class='ocrx_word' id='word_1_162' title='bbox 703 976 849 1016; x_wconf 75' lang='lat' dir='ltr'>castanei,</span> <span class='ocrx_word' id='word_1_163' title='bbox 876 976 970 1018; x_wconf 71' lang='lat' dir='ltr'>vulgo</span> <span class='ocrx_word' id='word_1_164' title='bbox 986 976 1080 1016; x_wconf 83' lang='lat' dir='ltr'>tanei,</span> <span class='ocrx_word' id='word_1_165' title='bbox 1101 985 1186 1007; x_wconf 88' lang='lat' dir='ltr'>man-</span> <span class='ocrx_word' id='word_1_166' title='bbox 1219 973 1580 1016; x_wconf 80' lang='lat' dir='ltr'>subiungebat,instituti</span> <span class='ocrx_word' id='word_1_167' title='bbox 1591 970 1772 1014; x_wconf 78' lang='lat' dir='ltr'>huiusmodi</span> <span class='ocrx_word' id='word_1_168' title='bbox 1785 969 1960 1011; x_wconf 84' lang='lat' dir='ltr'>rationihil,</span> <span class='ocrx_word' id='word_1_169' title='bbox 1974 955 2162 1010; x_wconf 57' lang='lat' dir='ltr'>a&#39;ffiffiffil</span> 
     </span>
     <span class='ocr_line' id='line_1_17' title="bbox 445 1029 1186 1072; baseline 0 -11"><span class='ocrx_word' id='word_1_170' title='bbox 445 1030 595 1062; x_wconf 75' lang='lat' dir='ltr'>tellcttuin</span> <span class='ocrx_word' id='word_1_171' title='bbox 622 1029 783 1070; x_wconf 79' lang='lat' dir='ltr'>humeris,</span> <span class='ocrx_word' id='word_1_172' title='bbox 813 1029 957 1062; x_wconf 76' lang='lat' dir='ltr'>calceatis</span> <span class='ocrx_word' id='word_1_173' title='bbox 987 1029 1121 1072; x_wconf 86' lang='lat' dir='ltr'>pedibus</span> <span class='ocrx_word' id='word_1_174' title='bbox 1147 1029 1186 1061; x_wconf 85' lang='lat' dir='ltr'>se-</span> 
     </span>
    </p>
   </div>
   <div class='ocr_carea' id='block_1_5' title="bbox 446 1009 2198 1179">
    <p class='ocr_par' dir='ltr' id='par_1_5' title="bbox 446 1009 2198 1179">
     <span class='ocr_line' id='line_1_18' title="bbox 1219 1009 2198 1071; baseline -0.003 -11"><span class='ocrx_word' id='word_1_175' title='bbox 1219 1027 1304 1071; x_wconf 89' lang='lat' dir='ltr'>quod</span> <span class='ocrx_word' id='word_1_176' title='bbox 1321 1027 1407 1071; x_wconf 89' lang='lat' dir='ltr'>pium</span> <span class='ocrx_word' id='word_1_177' title='bbox 1432 1037 1496 1061; x_wconf 90' lang='lat' dir='ltr'>non</span> <span class='ocrx_word' id='word_1_178' title='bbox 1518 1027 1557 1060; x_wconf 90' lang='lat' dir='ltr'>sit</span> <span class='ocrx_word' id='word_1_179' title='bbox 1581 1032 1611 1060; x_wconf 87' lang='lat' dir='ltr'>et</span> <span class='ocrx_word' id='word_1_180' title='bbox 1631 1026 1778 1066; x_wconf 87' lang='lat' dir='ltr'>salutare,</span> <span class='ocrx_word' id='word_1_181' title='bbox 1795 1009 2161 1069; x_wconf 53' lang='lat' dir='ltr'>amplecta-{igiiiiiismfflm&#39;</span> <span class='ocrx_word' id='word_1_182' title='bbox 2195 1018 2198 1021; x_wconf 60' lang='grc'><strong>’</strong></span> 
     </span>
     <span class='ocr_line' id='line_1_19' title="bbox 446 1081 1188 1116; baseline -0.001 -2"><span class='ocrx_word' id='word_1_183' title='bbox 446 1088 530 1115; x_wconf 85' lang='lat' dir='ltr'>rent:</span> <span class='ocrx_word' id='word_1_184' title='bbox 555 1082 744 1116; x_wconf 78' lang='lat' dir='ltr'>novitiorum</span> <span class='ocrx_word' id='word_1_185' title='bbox 770 1082 890 1114; x_wconf 85' lang='lat' dir='ltr'>habitui</span> <span class='ocrx_word' id='word_1_186' title='bbox 914 1081 1114 1115; x_wconf 81' lang='lat' dir='ltr'>distinctione</span> <span class='ocrx_word' id='word_1_187' title='bbox 1139 1092 1188 1114; x_wconf 89' lang='lat' dir='ltr'>su-</span> 
     </span>
     <span class='ocr_line' id='line_1_20' title="bbox 446 1135 936 1179; baseline 0.004 -14"><span class='ocrx_word' id='word_1_188' title='bbox 446 1136 606 1179; x_wconf 83' lang='lat' dir='ltr'>periorum</span> <span class='ocrx_word' id='word_1_189' title='bbox 631 1135 762 1169; x_wconf 84' lang='lat' dir='ltr'>arbitrio</span> <span class='ocrx_word' id='word_1_190' title='bbox 787 1135 936 1168; x_wconf 76' lang='lat' dir='ltr'>adhibita.</span> 
     </span>
    </p>
   </div>
   <div class='ocr_carea' id='block_1_6' title="bbox 490 1064 2197 1978">
    <p class='ocr_par' dir='ltr' id='par_1_6' title="bbox 490 1064 2197 1978">
     <span class='ocr_line' id='line_1_21' title="bbox 1220 1064 2058 1125; baseline -0.004 -11"><span class='ocrx_word' id='word_1_191' title='bbox 1220 1086 1282 1121; x_wconf 88' lang='lat' dir='ltr'>tur,</span> <span class='ocrx_word' id='word_1_192' title='bbox 1299 1081 1411 1125; x_wconf 87' lang='lat' dir='ltr'>sitque,</span> <span class='ocrx_word' id='word_1_193' title='bbox 1430 1081 1548 1125; x_wconf 86' lang='lat' dir='ltr'>quippe</span> <span class='ocrx_word' id='word_1_194' title='bbox 1563 1080 1649 1124; x_wconf 87' lang='lat' dir='ltr'>quod</span> <span class='ocrx_word' id='word_1_195' title='bbox 1665 1079 1704 1113; x_wconf 87' lang='lat' dir='ltr'>ad</span> <span class='ocrx_word' id='word_1_196' title='bbox 1721 1078 1863 1113; x_wconf 88' lang='lat' dir='ltr'>omniurn</span> <span class='ocrx_word' id='word_1_197' title='bbox 1879 1077 1960 1112; x_wconf 80' lang='lat' dir='ltr'>fide-</span> <span class='ocrx_word' id='word_1_198' title='bbox 1976 1064 2058 1090; x_wconf 58' lang='lat'>&#39;&#39;⁶²⁸⁰‘&#39;</span> 
     </span>
     <span class='ocr_line' id='line_1_22' title="bbox 1221 1132 1964 1179; baseline -0.003 -12"><span class='ocrx_word' id='word_1_199' title='bbox 1221 1134 1314 1168; x_wconf 69' lang='lat' dir='ltr'>lium·</span> <span class='ocrx_word' id='word_1_200' title='bbox 1328 1134 1463 1179; x_wconf 88' lang='lat' dir='ltr'>perutile</span> <span class='ocrx_word' id='word_1_201' title='bbox 1480 1139 1509 1167; x_wconf 86' lang='lat' dir='ltr'>et</span> <span class='ocrx_word' id='word_1_202' title='bbox 1526 1133 1738 1167; x_wconf 86' lang='lat' dir='ltr'>necessarium</span> <span class='ocrx_word' id='word_1_203' title='bbox 1751 1132 1964 1176; x_wconf 77' lang='lat' dir='ltr'>dignoscatur,</span> 
     </span>
     <span class='ocr_line' id='line_1_23' title="bbox 490 1185 1967 1232; baseline -0.003 -10"><span class='ocrx_word' id='word_1_204' title='bbox 490 1190 505 1232; x_wconf 61' lang='grc' dir='ltr'><strong>ξ</strong></span> <span class='ocrx_word' id='word_1_205' title='bbox 521 1188 550 1222; x_wconf 74' lang='lat'>3.</span> <span class='ocrx_word' id='word_1_206' title='bbox 577 1189 611 1222; x_wconf 88' lang='lat' dir='ltr'>Et</span> <span class='ocrx_word' id='word_1_207' title='bbox 638 1189 768 1232; x_wconf 86' lang='lat' dir='ltr'>insuper</span> <span class='ocrx_word' id='word_1_208' title='bbox 785 1189 920 1230; x_wconf 62' lang='lat' dir='ltr'>insignia</span> <span class='ocrx_word' id='word_1_209' title='bbox 937 1189 994 1221; x_wconf 82' lang='lat' dir='ltr'>sibi</span> <span class='ocrx_word' id='word_1_210' title='bbox 1017 1188 1188 1232; x_wconf 74' lang='lat' dir='ltr'>peculiaria</span> <span class='ocrx_word' id='word_1_211' title='bbox 1222 1187 1370 1220; x_wconf 89' lang='lat' dir='ltr'>omnibus</span> <span class='ocrx_word' id='word_1_212' title='bbox 1383 1187 1467 1220; x_wconf 91' lang='lat' dir='ltr'>illius</span> <span class='ocrx_word' id='word_1_213' title='bbox 1481 1186 1624 1219; x_wconf 89' lang='lat' dir='ltr'>notitiam</span> <span class='ocrx_word' id='word_1_214' title='bbox 1641 1185 1828 1219; x_wconf 81' lang='lat' dir='ltr'>habentibus</span> <span class='ocrx_word' id='word_1_215' title='bbox 1843 1185 1886 1218; x_wconf 86' lang='lat' dir='ltr'>ita</span> <span class='ocrx_word' id='word_1_216' title='bbox 1898 1193 1967 1228; x_wconf 81' lang='lat' dir='ltr'>gra-</span> 
     </span>
     <span class='ocr_line' id='line_1_24' title="bbox 1223 1238 1968 1284; baseline -0.004 -11"><span class='ocrx_word' id='word_1_217' title='bbox 1223 1247 1287 1273; x_wconf 88' lang='lat' dir='ltr'>tum</span> <span class='ocrx_word' id='word_1_218' title='bbox 1301 1246 1331 1273; x_wconf 85' lang='lat' dir='ltr'>ct</span> <span class='ocrx_word' id='word_1_219' title='bbox 1344 1245 1519 1284; x_wconf 83' lang='lat' dir='ltr'>acceptum,</span> <span class='ocrx_word' id='word_1_220' title='bbox 1533 1243 1566 1273; x_wconf 88' lang='lat' dir='ltr'>ut</span> <span class='ocrx_word' id='word_1_221' title='bbox 1575 1238 1691 1272; x_wconf 81' lang='lat' dir='ltr'>diversi</span> <span class='ocrx_word' id='word_1_222' title='bbox 1701 1238 1866 1282; x_wconf 83' lang='lat' dir='ltr'>utriusque</span> <span class='ocrx_word' id='word_1_223' title='bbox 1875 1247 1968 1271; x_wconf 84' lang='lat' dir='ltr'>sexus</span> 
     </span>
     <span class='ocr_line' id='line_1_25' title="bbox 1224 1290 1969 1335; baseline -0.004 -9"><span class='ocrx_word' id='word_1_224' title='bbox 1224 1292 1443 1326; x_wconf 83' lang='lat' dir='ltr'>christifideles</span> <span class='ocrx_word' id='word_1_225' title='bbox 1458 1303 1583 1326; x_wconf 90' lang='lat' dir='ltr'>summo</span> <span class='ocrx_word' id='word_1_226' title='bbox 1600 1292 1714 1326; x_wconf 78' lang='lat' dir='ltr'>affectu</span> <span class='ocrx_word' id='word_1_227' title='bbox 1731 1290 1762 1324; x_wconf 91' lang='lat' dir='ltr'>in</span> <span class='ocrx_word' id='word_1_228' title='bbox 1779 1290 1856 1324; x_wconf 91' lang='lat' dir='ltr'>illud</span> <span class='ocrx_word' id='word_1_229' title='bbox 1872 1290 1969 1335; x_wconf 85' lang='lat' dir='ltr'>profi-</span> 
     </span>
     <span class='ocr_line' id='line_1_26' title="bbox 1225 1344 1969 1390; baseline -0.004 -10"><span class='ocrx_word' id='word_1_230' title='bbox 1225 1347 1356 1381; x_wconf 83' lang='lat' dir='ltr'>tentium</span> <span class='ocrx_word' id='word_1_231' title='bbox 1381 1347 1659 1390; x_wconf 74' lang='lat' dir='ltr'>congregationem</span> <span class='ocrx_word' id='word_1_232' title='bbox 1679 1345 1778 1390; x_wconf 84' lang='lat' dir='ltr'>recipi</span> <span class='ocrx_word' id='word_1_233' title='bbox 1800 1350 1829 1378; x_wconf 87' lang='lat' dir='ltr'>et</span> <span class='ocrx_word' id='word_1_234' title='bbox 1846 1344 1969 1378; x_wconf 80' lang='lat' dir='ltr'>admitti</span> 
     </span>
     <span class='ocr_line' id='line_1_27' title="bbox 1225 1398 1971 1444; baseline -0.001 -11"><span class='ocrx_word' id='word_1_235' title='bbox 1225 1406 1392 1444; x_wconf 79' lang='lat' dir='ltr'>exoptent,</span> <span class='ocrx_word' id='word_1_236' title='bbox 1425 1400 1466 1433; x_wconf 91' lang='lat' dir='ltr'>ob</span> <span class='ocrx_word' id='word_1_237' title='bbox 1499 1400 1594 1443; x_wconf 86' lang='lat' dir='ltr'>idque</span> <span class='ocrx_word' id='word_1_238' title='bbox 1610 1398 1613 1401; x_wconf 84' lang='grc'><strong>’</strong></span> <span class='ocrx_word' id='word_1_239' title='bbox 1627 1399 1753 1443; x_wconf 89' lang='lat' dir='ltr'>cupiant</span> <span class='ocrx_word' id='word_1_240' title='bbox 1777 1402 1971 1442; x_wconf 81' lang='lat' dir='ltr'>exponentes</span> 
     </span>
     <span class='ocr_line' id='line_1_28' title="bbox 1226 1450 1970 1497; baseline -0.003 -12"><span class='ocrx_word' id='word_1_241' title='bbox 1226 1453 1393 1497; x_wconf 85' lang='lat' dir='ltr'>praedicti,</span> <span class='ocrx_word' id='word_1_242' title='bbox 1419 1463 1454 1485; x_wconf 79' lang='lat' dir='ltr'>ex</span> <span class='ocrx_word' id='word_1_243' title='bbox 1480 1451 1626 1486; x_wconf 85' lang='lat' dir='ltr'>domibus</span> <span class='ocrx_word' id='word_1_244' title='bbox 1651 1457 1678 1485; x_wconf 87' lang='lat' dir='ltr'>et</span> <span class='ocrx_word' id='word_1_245' title='bbox 1704 1451 1774 1484; x_wconf 88' lang='lat' dir='ltr'>aliis</span> <span class='ocrx_word' id='word_1_246' title='bbox 1796 1450 1888 1484; x_wconf 88' lang='lat' dir='ltr'>bonis</span> <span class='ocrx_word' id='word_1_247' title='bbox 1911 1455 1970 1484; x_wconf 80' lang='lat' dir='ltr'>sta-</span> 
     </span>
     <span class='ocr_line' id='line_1_29' title="bbox 1226 1504 1969 1549; baseline -0.001 -10"><span class='ocrx_word' id='word_1_248' title='bbox 1226 1506 1342 1539; x_wconf 80' lang='lat' dir='ltr'>bilibus</span> <span class='ocrx_word' id='word_1_249' title='bbox 1355 1506 1386 1539; x_wconf 92' lang='lat' dir='ltr'>in</span> <span class='ocrx_word' id='word_1_250' title='bbox 1400 1505 1516 1549; x_wconf 89' lang='lat' dir='ltr'>oppido</span> <span class='ocrx_word' id='word_1_251' title='bbox 1533 1504 1753 1539; x_wconf 73' lang='lat' dir='ltr'>Locovariensi</span> <span class='ocrx_word' id='word_1_252' title='bbox 1766 1504 1805 1538; x_wconf 86' lang='lat' dir='ltr'>ad</span> <span class='ocrx_word' id='word_1_253' title='bbox 1823 1504 1969 1538; x_wconf 76' lang='lat' dir='ltr'>effectum</span> 
     </span>
     <span class='ocr_line' id='line_1_30' title="bbox 1227 1557 1990 1604; baseline 0 -14"><span class='ocrx_word' id='word_1_254' title='bbox 1227 1560 1486 1604; x_wconf 82' lang='lat' dir='ltr'>praemissorum,</span> <span class='ocrx_word' id='word_1_255' title='bbox 1506 1565 1539 1592; x_wconf 87' lang='lat' dir='ltr'>ut</span> <span class='ocrx_word' id='word_1_256' title='bbox 1564 1559 1753 1604; x_wconf 83' lang='lat' dir='ltr'>praefertur,</span> <span class='ocrx_word' id='word_1_257' title='bbox 1768 1557 1891 1593; x_wconf 81' lang='lat' dir='ltr'>donatis</span> <span class='ocrx_word' id='word_1_258' title='bbox 1913 1567 1969 1592; x_wconf 85' lang='lat' dir='ltr'>seu</span> <span class='ocrx_word' id='word_1_259' title='bbox 1982 1569 1990 1574; x_wconf 92' lang='lat'>·</span> 
     </span>
     <span class='ocr_line' id='line_1_31' title="bbox 1227 1611 1970 1657; baseline -0.003 -11"><span class='ocrx_word' id='word_1_260' title='bbox 1227 1613 1387 1657; x_wconf 84' lang='lat' dir='ltr'>acquisitis</span> <span class='ocrx_word' id='word_1_261' title='bbox 1401 1641 1408 1654; x_wconf 89' lang='lat'>,</span> <span class='ocrx_word' id='word_1_262' title='bbox 1439 1613 1502 1647; x_wconf 93' lang='lat' dir='ltr'>dno</span> <span class='ocrx_word' id='word_1_263' title='bbox 1526 1612 1716 1647; x_wconf 85' lang='lat' dir='ltr'>monasteria</span> <span class='ocrx_word' id='word_1_264' title='bbox 1739 1612 1798 1646; x_wconf 91' lang='lat' dir='ltr'>sub</span> <span class='ocrx_word' id='word_1_265' title='bbox 1828 1611 1970 1645; x_wconf 84' lang='lat' dir='ltr'>instituto</span> 
     </span>
     <span class='ocr_line' id='line_1_32' title="bbox 1227 1665 1972 1711; baseline -0.001 -11"><span class='ocrx_word' id='word_1_266' title='bbox 1227 1667 1388 1711; x_wconf 83' lang='lat' dir='ltr'>praedicto</span> <span class='ocrx_word' id='word_1_267' title='bbox 1413 1666 1578 1700; x_wconf 85' lang='lat' dir='ltr'>militantia</span> <span class='ocrx_word' id='word_1_268' title='bbox 1593 1694 1601 1707; x_wconf 95' lang='lat'>,</span> <span class='ocrx_word' id='word_1_269' title='bbox 1625 1676 1723 1700; x_wconf 92' lang='lat' dir='ltr'>unum</span> <span class='ocrx_word' id='word_1_270' title='bbox 1747 1665 1892 1700; x_wconf 76' lang='lat' dir='ltr'>videlicet</span> <span class='ocrx_word' id='word_1_271' title='bbox 1913 1665 1972 1699; x_wconf 66' lang='lat' dir='ltr'>ho«</span> 
     </span>
     <span class='ocr_line' id='line_1_33' title="bbox 1229 1718 1974 1763; baseline -0.001 -10"><span class='ocrx_word' id='word_1_272' title='bbox 1229 1720 1360 1761; x_wconf 89' lang='lat' dir='ltr'>minum,</span> <span class='ocrx_word' id='word_1_273' title='bbox 1378 1726 1409 1754; x_wconf 88' lang='lat' dir='ltr'>et</span> <span class='ocrx_word' id='word_1_274' title='bbox 1427 1720 1562 1754; x_wconf 85' lang='lat' dir='ltr'>alterum</span> <span class='ocrx_word' id='word_1_275' title='bbox 1582 1720 1762 1760; x_wconf 90' lang='lat' dir='ltr'>mulierum,</span> <span class='ocrx_word' id='word_1_276' title='bbox 1781 1724 1815 1752; x_wconf 89' lang='lat' dir='ltr'>ut</span> <span class='ocrx_word' id='word_1_277' title='bbox 1836 1718 1974 1763; x_wconf 85' lang='lat' dir='ltr'>praefer-</span> 
     </span>
     <span class='ocr_line' id='line_1_34' title="bbox 1230 1771 1974 1818; baseline -0.001 -12"><span class='ocrx_word' id='word_1_278' title='bbox 1230 1779 1296 1814; x_wconf 85' lang='lat' dir='ltr'>tur,</span> <span class='ocrx_word' id='word_1_279' title='bbox 1314 1774 1506 1817; x_wconf 87' lang='lat' dir='ltr'>totidemque</span> <span class='ocrx_word' id='word_1_280' title='bbox 1531 1773 1697 1818; x_wconf 88' lang='lat' dir='ltr'>hospitalia</span> <span class='ocrx_word' id='word_1_281' title='bbox 1719 1773 1816 1816; x_wconf 83' lang='lat' dir='ltr'>erigi,</span> <span class='ocrx_word' id='word_1_282' title='bbox 1833 1773 1897 1806; x_wconf 89' lang='lat' dir='ltr'>sive</span> <span class='ocrx_word' id='word_1_283' title='bbox 1920 1771 1974 1805; x_wconf 84' lang='lat' dir='ltr'>illa</span> 
     </span>
     <span class='ocr_line' id='line_1_35' title="bbox 1230 1825 1974 1871; baseline -0.003 -11"><span class='ocrx_word' id='word_1_284' title='bbox 1230 1827 1371 1870; x_wconf 82' lang='lat' dir='ltr'>erigendi</span> <span class='ocrx_word' id='word_1_285' title='bbox 1397 1826 1456 1861; x_wconf 91' lang='lat' dir='ltr'>sibi</span> <span class='ocrx_word' id='word_1_286' title='bbox 1481 1837 1498 1860; x_wconf 85' lang='lat' dir='ltr'>a</span> <span class='ocrx_word' id='word_1_287' title='bbox 1522 1827 1613 1861; x_wconf 88' lang='lat' dir='ltr'>nobis</span> <span class='ocrx_word' id='word_1_288' title='bbox 1637 1832 1667 1860; x_wconf 86' lang='lat' dir='ltr'>et</span> <span class='ocrx_word' id='word_1_289' title='bbox 1691 1826 1771 1861; x_wconf 87' lang='lat' dir='ltr'>Sede</span> <span class='ocrx_word' id='word_1_290' title='bbox 1792 1825 1974 1871; x_wconf 78' lang='lat' dir='ltr'>Apostolica</span> 
     </span>
     <span class='ocr_line' id='line_1_36' title="bbox 1230 1880 1564 1920; baseline 0 -6"><span class='ocrx_word' id='word_1_291' title='bbox 1230 1881 1388 1914; x_wconf 77' lang='lat' dir='ltr'>licent-iam</span> <span class='ocrx_word' id='word_1_292' title='bbox 1413 1880 1564 1920; x_wconf 82' lang='lat' dir='ltr'>eoncedi3</span> 
     </span>
     <span class='ocr_line' id='line_1_37' title="bbox 1277 1932 2197 1978; baseline -0.007 -11"><span class='ocrx_word' id='word_1_293' title='bbox 1277 1935 1291 1978; x_wconf 66' lang='lat' dir='ltr'>g</span> <span class='ocrx_word' id='word_1_294' title='bbox 1315 1934 1344 1968; x_wconf 83' lang='lat'>5.</span> <span class='ocrx_word' id='word_1_295' title='bbox 1370 1934 1406 1967; x_wconf 85' lang='lat' dir='ltr'>Et</span> <span class='ocrx_word' id='word_1_296' title='bbox 1427 1934 1515 1977; x_wconf 75' lang='lat' dir='ltr'>(quia</span> <span class='ocrx_word' id='word_1_297' title='bbox 1539 1939 1683 1977; x_wconf 83' lang='lat' dir='ltr'>tempore</span> <span class='ocrx_word' id='word_1_298' title='bbox 1706 1933 1906 1978; x_wconf 84' lang='lat' dir='ltr'>pontificatus</span> <span class='ocrx_word' id='word_1_299' title='bbox 1930 1932 1975 1966; x_wconf 85' lang='lat' dir='ltr'>se-</span> <span class='ocrx_word' id='word_1_300' title='bbox 2011 1942 2041 1963; x_wconf 78' lang='grc' dir='ltr'>Λο</span> <span class='ocrx_word' id='word_1_301' title='bbox 2063 1942 2174 1968; x_wconf 66' lang='lat' dir='ltr'>erpoinum</span> <span class='ocrx_word' id='word_1_302' title='bbox 2195 1953 2197 1956; x_wconf 79' lang='grc'><strong>-</strong></span> 
     </span>
    </p>
   </div>
   <div class='ocr_carea' id='block_1_7' title="bbox 1190 332 1237 2726">
    <p class='ocr_par' dir='ltr' id='par_1_7' title="bbox 1190 332 1237 2726">
     <span class='ocr_line' id='line_1_38' title="bbox 1190 332 1205 504; baseline 0 -106"><span class='ocrx_word' id='word_1_303' title='bbox 1190 332 1205 504; x_wconf 95' lang='lat' dir='ltr'>   </span> 
     </span>
     <span class='ocr_line' id='line_1_39' title="bbox 1192 504 1205 614; baseline 0 -64"><span class='ocrx_word' id='word_1_304' title='bbox 1192 504 1205 614; x_wconf 95' lang='lat' dir='ltr'>  </span> 
     </span>
     <span class='ocr_line' id='line_1_40' title="bbox 1192 614 1205 667; baseline 0 2564"><span class='ocrx_word' id='word_1_305' title='bbox 1192 614 1205 667; x_wconf 95' lang='lat' dir='ltr'> </span> 
     </span>
     <span class='ocr_line' id='line_1_41' title="bbox 1193 667 1206 764; baseline 0 0"><span class='ocrx_word' id='word_1_306' title='bbox 1193 667 1206 764; x_wconf 95' lang='lat' dir='ltr'>  </span> 
     </span>
     <span class='ocr_line' id='line_1_42' title="bbox 1193 764 1206 826; baseline 0 2405"><span class='ocrx_word' id='word_1_307' title='bbox 1193 764 1206 826; x_wconf 95' lang='lat' dir='ltr'> </span> 
     </span>
     <span class='ocr_line' id='line_1_43' title="bbox 1193 826 1209 1039; baseline 0 -165"><span class='ocrx_word' id='word_1_308' title='bbox 1193 826 1209 1039; x_wconf 95' lang='lat' dir='ltr'>    </span> 
     </span>
     <span class='ocr_line' id='line_1_44' title="bbox 1195 1039 1211 1202; baseline 0 -108"><span class='ocrx_word' id='word_1_309' title='bbox 1195 1039 1211 1202; x_wconf 95' lang='lat' dir='ltr'>   </span> 
     </span>
     <span class='ocr_line' id='line_1_45' title="bbox 1197 1202 1212 1249; baseline 0 1982"><span class='ocrx_word' id='word_1_310' title='bbox 1197 1202 1212 1249; x_wconf 95' lang='lat' dir='ltr'> </span> 
     </span>
     <span class='ocr_line' id='line_1_46' title="bbox 1199 1249 1213 1307; baseline 0 1924"><span class='ocrx_word' id='word_1_311' title='bbox 1199 1249 1213 1307; x_wconf 95' lang='lat' dir='ltr'> </span> 
     </span>
     <span class='ocr_line' id='line_1_47' title="bbox 1200 1307 1214 1357; baseline 0 1874"><span class='ocrx_word' id='word_1_312' title='bbox 1200 1307 1214 1357; x_wconf 95' lang='lat' dir='ltr'> </span> 
     </span>
     <span class='ocr_line' id='line_1_48' title="bbox 1201 1357 1214 1413; baseline 0 1818"><span class='ocrx_word' id='word_1_313' title='bbox 1201 1357 1214 1413; x_wconf 95' lang='lat' dir='ltr'> </span> 
     </span>
     <span class='ocr_line' id='line_1_49' title="bbox 1202 1413 1215 1467; baseline 0 1764"><span class='ocrx_word' id='word_1_314' title='bbox 1202 1413 1215 1467; x_wconf 95' lang='lat' dir='ltr'> </span> 
     </span>
     <span class='ocr_line' id='line_1_50' title="bbox 1203 1467 1216 1520; baseline 0 1711"><span class='ocrx_word' id='word_1_315' title='bbox 1203 1467 1216 1520; x_wconf 95' lang='lat' dir='ltr'> </span> 
     </span>
     <span class='ocr_line' id='line_1_51' title="bbox 1203 1520 1216 1571; baseline 0 1660"><span class='ocrx_word' id='word_1_316' title='bbox 1203 1520 1216 1571; x_wconf 95' lang='lat' dir='ltr'> </span> 
     </span>
     <span class='ocr_line' id='line_1_52' title="bbox 1203 1571 1217 1627; baseline 0 1604"><span class='ocrx_word' id='word_1_317' title='bbox 1203 1571 1217 1627; x_wconf 95' lang='lat' dir='ltr'> </span> 
     </span>
     <span class='ocr_line' id='line_1_53' title="bbox 1204 1627 1218 1680; baseline 0 1551"><span class='ocrx_word' id='word_1_318' title='bbox 1204 1627 1218 1680; x_wconf 95' lang='lat' dir='ltr'> </span> 
     </span>
     <span class='ocr_line' id='line_1_54' title="bbox 1205 1680 1218 1734; baseline 0 1497"><span class='ocrx_word' id='word_1_319' title='bbox 1205 1680 1218 1734; x_wconf 95' lang='lat' dir='ltr'> </span> 
     </span>
     <span class='ocr_line' id='line_1_55' title="bbox 1205 1734 1219 1785; baseline 0 1446"><span class='ocrx_word' id='word_1_320' title='bbox 1205 1734 1219 1785; x_wconf 95' lang='lat' dir='ltr'> </span> 
     </span>
     <span class='ocr_line' id='line_1_56' title="bbox 1206 1785 1221 1940; baseline 0 -99"><span class='ocrx_word' id='word_1_321' title='bbox 1206 1785 1221 1940; x_wconf 95' lang='lat' dir='ltr'>   </span> 
     </span>
     <span class='ocr_line' id='line_1_57' title="bbox 1209 2054 1230 2212; baseline 0 -106"><span class='ocrx_word' id='word_1_322' title='bbox 1209 2054 1230 2212; x_wconf 95' lang='lat' dir='ltr'>   </span> 
     </span>
     <span class='ocr_line' id='line_1_58' title="bbox 1215 2212 1230 2600; baseline 0 -285"><span class='ocrx_word' id='word_1_323' title='bbox 1215 2212 1230 2600; x_wconf 95' lang='lat' dir='ltr'>   </span> 
     </span>
     <span class='ocr_line' id='line_1_59' title="bbox 1223 2696 1237 2726; baseline 0 505"><span class='ocrx_word' id='word_1_324' title='bbox 1223 2696 1237 2726; x_wconf 95' lang='lat' dir='ltr'> </span> 
     </span>
    </p>
   </div>
   <div class='ocr_carea' id='block_1_8' title="bbox 2072 1034 2162 1057">
    <p class='ocr_par' dir='ltr' id='par_1_8' title="bbox 2072 1034 2162 1057">
     <span class='ocr_line' id='line_1_60' title="bbox 2072 1034 2162 1057; baseline -0.022 0"><span class='ocrx_word' id='word_1_325' title='bbox 2072 1034 2162 1057; x_wconf 66' lang='lat' dir='ltr'>concedi</span> 
     </span>
    </p>
   </div>
   <div class='ocr_carea' id='block_1_9' title="bbox 448 1294 1208 2514">
    <p class='ocr_par' dir='ltr' id='par_1_9' title="bbox 448 1294 1208 2514">
     <span class='ocr_line' id='line_1_61' title="bbox 448 1294 1191 1338; baseline 0 -10"><span class='ocrx_word' id='word_1_326' title='bbox 448 1296 534 1336; x_wconf 67' lang='lat' dir='ltr'>liunt,</span> <span class='ocrx_word' id='word_1_327' title='bbox 559 1301 590 1328; x_wconf 90' lang='lat' dir='ltr'>ut</span> <span class='ocrx_word' id='word_1_328' title='bbox 615 1306 631 1327; x_wconf 90' lang='lat' dir='ltr'>a</span> <span class='ocrx_word' id='word_1_329' title='bbox 656 1295 768 1328; x_wconf 79' lang='lat' dir='ltr'>ceteris</span> <span class='ocrx_word' id='word_1_330' title='bbox 785 1294 1036 1338; x_wconf 84' lang='lat' dir='ltr'>quibuscumque</span> <span class='ocrx_word' id='word_1_331' title='bbox 1054 1295 1191 1328; x_wconf 89' lang='lat' dir='ltr'>interno-</span> 
     </span>
     <span class='ocr_line' id='line_1_62' title="bbox 448 1348 1191 1392; baseline -0.003 -12"><span class='ocrx_word' id='word_1_332' title='bbox 448 1354 583 1385; x_wconf 73' lang='lat' dir='ltr'>scantur.</span> <span class='ocrx_word' id='word_1_333' title='bbox 597 1349 755 1381; x_wconf 65' lang='lat' dir='ltr'>videlicet:</span> <span class='ocrx_word' id='word_1_334' title='bbox 771 1349 802 1381; x_wconf 92' lang='lat' dir='ltr'>in</span> <span class='ocrx_word' id='word_1_335' title='bbox 815 1348 974 1392; x_wconf 85' lang='lat' dir='ltr'>superiori</span> <span class='ocrx_word' id='word_1_336' title='bbox 991 1348 1096 1380; x_wconf 75' lang='lat' dir='ltr'>tunica</span> <span class='ocrx_word' id='word_1_337' title='bbox 1110 1348 1191 1380; x_wconf 84' lang='lat' dir='ltr'>colo-</span> 
     </span>
     <span class='ocr_line' id='line_1_63' title="bbox 450 1402 1190 1444; baseline -0.004 -8"><span class='ocrx_word' id='word_1_338' title='bbox 450 1403 492 1436; x_wconf 83' lang='lat' dir='ltr'>ris</span> <span class='ocrx_word' id='word_1_339' title='bbox 505 1403 655 1440; x_wconf 85' lang='lat' dir='ltr'>cinericii,</span> <span class='ocrx_word' id='word_1_340' title='bbox 668 1403 730 1435; x_wconf 69' lang='lat' dir='ltr'>sive</span> <span class='ocrx_word' id='word_1_341' title='bbox 748 1403 844 1444; x_wconf 61' lang='lat' dir='ltr'>grisei</span> <span class='ocrx_word' id='word_1_342' title='bbox 858 1402 1050 1439; x_wconf 78' lang='lat' dir='ltr'>huiusmodi,</span> <span class='ocrx_word' id='word_1_343' title='bbox 1064 1412 1190 1434; x_wconf 84' lang='lat' dir='ltr'>crucem</span> 
     </span>
     <span class='ocr_line' id='line_1_64' title="bbox 449 1456 1191 1499; baseline -0.004 -10"><span class='ocrx_word' id='word_1_344' title='bbox 449 1457 617 1499; x_wconf 69' lang='lat' dir='ltr'>oblongam</span> <span class='ocrx_word' id='word_1_345' title='bbox 643 1456 778 1489; x_wconf 76' lang='lat' dir='ltr'>castanei</span> <span class='ocrx_word' id='word_1_346' title='bbox 803 1456 928 1492; x_wconf 77' lang='lat' dir='ltr'>coloris,</span> <span class='ocrx_word' id='word_1_347' title='bbox 953 1466 1047 1498; x_wconf 79' lang='lat' dir='ltr'>quem</span> <span class='ocrx_word' id='word_1_348' title='bbox 1065 1460 1191 1487; x_wconf 84' lang='lat' dir='ltr'>taneum</span> 
     </span>
     <span class='ocr_line' id='line_1_65' title="bbox 452 1509 1193 1553; baseline -0.003 -10"><span class='ocrx_word' id='word_1_349' title='bbox 452 1515 577 1550; x_wconf 67' lang='lat' dir='ltr'>iocant,</span> <span class='ocrx_word' id='word_1_350' title='bbox 603 1510 745 1553; x_wconf 70' lang='lat' dir='ltr'>ellinget:</span> <span class='ocrx_word' id='word_1_351' title='bbox 767 1521 860 1553; x_wconf 80' lang='lat' dir='ltr'>quam</span> <span class='ocrx_word' id='word_1_352' title='bbox 877 1509 1005 1552; x_wconf 78' lang='lat' dir='ltr'>quidem</span> <span class='ocrx_word' id='word_1_353' title='bbox 1023 1509 1053 1541; x_wconf 91' lang='lat' dir='ltr'>in</span> <span class='ocrx_word' id='word_1_354' title='bbox 1074 1514 1193 1542; x_wconf 51' lang='lat' dir='ltr'>trax-er-</span> 
     </span>
     <span class='ocr_line' id='line_1_66' title="bbox 451 1562 1192 1608; baseline -0.001 -13"><span class='ocrx_word' id='word_1_355' title='bbox 451 1564 506 1596; x_wconf 82' lang='lat' dir='ltr'>sali</span> <span class='ocrx_word' id='word_1_356' title='bbox 537 1564 642 1608; x_wconf 85' lang='lat' dir='ltr'>spinea</span> <span class='ocrx_word' id='word_1_357' title='bbox 675 1574 790 1597; x_wconf 84' lang='lat' dir='ltr'>corona</span> <span class='ocrx_word' id='word_1_358' title='bbox 823 1562 930 1595; x_wconf 72' lang='lat' dir='ltr'>viridis</span> <span class='ocrx_word' id='word_1_359' title='bbox 961 1563 1168 1606; x_wconf 80' lang='lat' dir='ltr'>amplectetur</span> <span class='ocrx_word' id='word_1_360' title='bbox 1185 1589 1192 1602; x_wconf 83' lang='lat'>,</span> 
     </span>
     <span class='ocr_line' id='line_1_67' title="bbox 452 1615 1194 1661; baseline -0.001 -13"><span class='ocrx_word' id='word_1_361' title='bbox 452 1617 553 1650; x_wconf 85' lang='lat' dir='ltr'>tribus</span> <span class='ocrx_word' id='word_1_362' title='bbox 566 1616 708 1661; x_wconf 84' lang='lat' dir='ltr'>apicibus</span> <span class='ocrx_word' id='word_1_363' title='bbox 724 1616 895 1649; x_wconf 84' lang='lat' dir='ltr'>cacuminis</span> <span class='ocrx_word' id='word_1_364' title='bbox 913 1615 1063 1648; x_wconf 88' lang='lat' dir='ltr'>nimirum</span> <span class='ocrx_word' id='word_1_365' title='bbox 1080 1621 1109 1648; x_wconf 84' lang='lat' dir='ltr'>et</span> <span class='ocrx_word' id='word_1_366' title='bbox 1126 1615 1194 1647; x_wconf 85' lang='lat' dir='ltr'>bra-</span> 
     </span>
     <span class='ocr_line' id='line_1_68' title="bbox 451 1668 1194 1713; baseline -0.003 -11"><span class='ocrx_word' id='word_1_367' title='bbox 451 1670 513 1703; x_wconf 83' lang='lat' dir='ltr'>chii</span> <span class='ocrx_word' id='word_1_368' title='bbox 538 1670 701 1713; x_wconf 85' lang='lat' dir='ltr'>utriusque</span> <span class='ocrx_word' id='word_1_369' title='bbox 725 1669 848 1712; x_wconf 73' lang='lat' dir='ltr'>singula</span> <span class='ocrx_word' id='word_1_370' title='bbox 873 1669 936 1701; x_wconf 89' lang='lat' dir='ltr'>lilia</span> <span class='ocrx_word' id='word_1_371' title='bbox 959 1668 1068 1701; x_wconf 78' lang='lat' dir='ltr'>Gallici</span> <span class='ocrx_word' id='word_1_372' title='bbox 1099 1673 1194 1701; x_wconf 88' lang='lat' dir='ltr'>stem-</span> 
     </span>
     <span class='ocr_line' id='line_1_69' title="bbox 453 1721 1195 1765; baseline 0 -11"><span class='ocrx_word' id='word_1_373' title='bbox 453 1723 543 1756; x_wconf 87' lang='lat' dir='ltr'>matis</span> <span class='ocrx_word' id='word_1_374' title='bbox 556 1723 645 1759; x_wconf 72' lang='lat' dir='ltr'>flava„</span> <span class='ocrx_word' id='word_1_375' title='bbox 662 1723 692 1755; x_wconf 90' lang='lat' dir='ltr'>in</span> <span class='ocrx_word' id='word_1_376' title='bbox 710 1723 773 1755; x_wconf 75' lang='lat' dir='ltr'>ima</span> <span class='ocrx_word' id='word_1_377' title='bbox 791 1733 866 1755; x_wconf 74' lang='lat' dir='ltr'>vero</span> <span class='ocrx_word' id='word_1_378' title='bbox 886 1722 984 1765; x_wconf 87' lang='lat' dir='ltr'>stirpe</span> <span class='ocrx_word' id='word_1_379' title='bbox 1009 1727 1072 1753; x_wconf 88' lang='lat' dir='ltr'>tres</span> <span class='ocrx_word' id='word_1_380' title='bbox 1092 1721 1195 1754; x_wconf 72' lang='lat' dir='ltr'>elavos</span> 
     </span>
     <span class='ocr_line' id='line_1_70' title="bbox 453 1774 1195 1814; baseline -0.003 -6"><span class='ocrx_word' id='word_1_381' title='bbox 453 1777 595 1809; x_wconf 81' lang='lat' dir='ltr'>ceruleos</span> <span class='ocrx_word' id='word_1_382' title='bbox 613 1776 645 1808; x_wconf 92' lang='lat' dir='ltr'>in</span> <span class='ocrx_word' id='word_1_383' title='bbox 658 1776 857 1809; x_wconf 85' lang='lat' dir='ltr'>acuminibus</span> <span class='ocrx_word' id='word_1_384' title='bbox 881 1776 1030 1808; x_wconf 86' lang='lat' dir='ltr'>deorsum</span> <span class='ocrx_word' id='word_1_385' title='bbox 1054 1774 1195 1814; x_wconf 81' lang='lat' dir='ltr'>coalitos,</span> 
     </span>
     <span class='ocr_line' id='line_1_71' title="bbox 453 1829 1197 1873; baseline 0 -12"><span class='ocrx_word' id='word_1_386' title='bbox 453 1835 483 1862; x_wconf 84' lang='lat' dir='ltr'>et</span> <span class='ocrx_word' id='word_1_387' title='bbox 502 1830 540 1863; x_wconf 87' lang='lat' dir='ltr'>ab</span> <span class='ocrx_word' id='word_1_388' title='bbox 565 1832 698 1873; x_wconf 73' lang='lat' dir='ltr'>utraque</span> <span class='ocrx_word' id='word_1_389' title='bbox 722 1835 810 1873; x_wconf 88' lang='lat' dir='ltr'>parte</span> <span class='ocrx_word' id='word_1_390' title='bbox 836 1829 939 1862; x_wconf 87' lang='lat' dir='ltr'>crucis</span> <span class='ocrx_word' id='word_1_391' title='bbox 959 1829 1043 1861; x_wconf 79' lang='lat' dir='ltr'>iuxta</span> <span class='ocrx_word' id='word_1_392' title='bbox 1063 1834 1197 1862; x_wconf 80' lang='lat' dir='ltr'>arrecta-</span> 
     </span>
     <span class='ocr_line' id='line_1_72' title="bbox 455 1881 1198 1927; baseline -0.001 -12"><span class='ocrx_word' id='word_1_393' title='bbox 455 1884 536 1916; x_wconf 89' lang='lat' dir='ltr'>rium</span> <span class='ocrx_word' id='word_1_394' title='bbox 561 1884 684 1927; x_wconf 86' lang='lat' dir='ltr'>priores</span> <span class='ocrx_word' id='word_1_395' title='bbox 708 1883 843 1916; x_wconf 88' lang='lat' dir='ltr'>nominis</span> <span class='ocrx_word' id='word_1_396' title='bbox 868 1882 897 1915; x_wconf 89' lang='lat' dir='ltr'>S.</span> <span class='ocrx_word' id='word_1_397' title='bbox 916 1881 1065 1915; x_wconf 69' lang='lat' dir='ltr'>Lndoxici</span> <span class='ocrx_word' id='word_1_398' title='bbox 1078 1882 1198 1915; x_wconf 85' lang='lat' dir='ltr'>litteras</span> 
     </span>
     <span class='ocr_line' id='line_1_73' title="bbox 456 1935 1197 1980; baseline -0.004 -11"><span class='ocrx_word' id='word_1_399' title='bbox 456 1937 675 1980; x_wconf 64' lang='lat' dir='ltr'>liieroglylicas</span> <span class='ocrx_word' id='word_1_400' title='bbox 699 1937 877 1980; x_wconf 80' lang='lat' dir='ltr'>appingcnt.</span> <span class='ocrx_word' id='word_1_401' title='bbox 898 1935 1047 1969; x_wconf 76' lang='lat' dir='ltr'>Moniales</span> <span class='ocrx_word' id='word_1_402' title='bbox 1063 1946 1139 1969; x_wconf 61' lang='lat' dir='ltr'>vero</span> <span class='ocrx_word' id='word_1_403' title='bbox 1155 1935 1197 1967; x_wconf 86' lang='lat' dir='ltr'>si-</span> 
     </span>
     <span class='ocr_line' id='line_1_74' title="bbox 457 1989 1199 2032; baseline -0.001 -10"><span class='ocrx_word' id='word_1_404' title='bbox 457 1990 572 2023; x_wconf 87' lang='lat' dir='ltr'>militer</span> <span class='ocrx_word' id='word_1_405' title='bbox 596 1990 673 2023; x_wconf 89' lang='lat' dir='ltr'>duas</span> <span class='ocrx_word' id='word_1_406' title='bbox 698 1990 819 2024; x_wconf 87' lang='lat' dir='ltr'>tunicas</span> <span class='ocrx_word' id='word_1_407' title='bbox 851 1990 998 2022; x_wconf 85' lang='lat' dir='ltr'>decenter</span> <span class='ocrx_word' id='word_1_408' title='bbox 1027 1989 1138 2032; x_wconf 78' lang='lat' dir='ltr'>longas</span> <span class='ocrx_word' id='word_1_409' title='bbox 1170 1993 1199 2021; x_wconf 86' lang='lat' dir='ltr'>et</span> 
     </span>
     <span class='ocr_line' id='line_1_75' title="bbox 457 2042 1200 2077; baseline -0.001 -1"><span class='ocrx_word' id='word_1_410' title='bbox 457 2045 570 2077; x_wconf 85' lang='lat' dir='ltr'>talares</span> <span class='ocrx_word' id='word_1_411' title='bbox 585 2044 715 2076; x_wconf 76' lang='lat' dir='ltr'>vestient</span> <span class='ocrx_word' id='word_1_412' title='bbox 730 2054 800 2076; x_wconf 86' lang='lat' dir='ltr'>cum</span> <span class='ocrx_word' id='word_1_413' title='bbox 818 2044 878 2075; x_wconf 77' lang='lat' dir='ltr'>alia</span> <span class='ocrx_word' id='word_1_414' title='bbox 895 2043 1041 2076; x_wconf 71' lang='lat' dir='ltr'>tunicella</span> <span class='ocrx_word' id='word_1_415' title='bbox 1057 2048 1088 2076; x_wconf 89' lang='lat' dir='ltr'>et</span> <span class='ocrx_word' id='word_1_416' title='bbox 1105 2042 1200 2076; x_wconf 69' lang='lat' dir='ltr'>corda</span> 
     </span>
     <span class='ocr_line' id='line_1_76' title="bbox 458 2097 1202 2140; baseline -0.001 -11"><span class='ocrx_word' id='word_1_417' title='bbox 458 2097 731 2140; x_wconf 73' lang='lat' dir='ltr'>crineadesupcr,</span> <span class='ocrx_word' id='word_1_418' title='bbox 748 2106 871 2130; x_wconf 84' lang='lat' dir='ltr'>necnon</span> <span class='ocrx_word' id='word_1_419' title='bbox 889 2097 1071 2129; x_wconf 84' lang='lat' dir='ltr'>mantellum</span> <span class='ocrx_word' id='word_1_420' title='bbox 1089 2106 1126 2128; x_wconf 83' lang='lat' dir='ltr'>ex</span> <span class='ocrx_word' id='word_1_421' title='bbox 1140 2105 1202 2128; x_wconf 85' lang='lat' dir='ltr'>ma-</span> 
     </span>
     <span class='ocr_line' id='line_1_77' title="bbox 459 2150 1202 2194; baseline -0.004 -9"><span class='ocrx_word' id='word_1_422' title='bbox 459 2151 537 2185; x_wconf 78' lang='lat' dir='ltr'>teria</span> <span class='ocrx_word' id='word_1_423' title='bbox 555 2155 583 2185; x_wconf 82' lang='lat' dir='ltr'>et</span> <span class='ocrx_word' id='word_1_424' title='bbox 597 2151 703 2184; x_wconf 85' lang='lat' dir='ltr'>colore</span> <span class='ocrx_word' id='word_1_425' title='bbox 718 2150 896 2194; x_wconf 84' lang='lat' dir='ltr'>praedictis,</span> <span class='ocrx_word' id='word_1_426' title='bbox 912 2151 1079 2194; x_wconf 73' lang='lat' dir='ltr'>velumque</span> <span class='ocrx_word' id='word_1_427' title='bbox 1095 2150 1202 2182; x_wconf 85' lang='lat' dir='ltr'>album</span> 
     </span>
     <span class='ocr_line' id='line_1_78' title="bbox 461 2203 1203 2248; baseline -0.001 -12"><span class='ocrx_word' id='word_1_428' title='bbox 461 2210 602 2248; x_wconf 87' lang='lat' dir='ltr'>tempore</span> <span class='ocrx_word' id='word_1_429' title='bbox 627 2203 806 2244; x_wconf 70' lang='lat' dir='ltr'>novitiatus,</span> <span class='ocrx_word' id='word_1_430' title='bbox 823 2209 853 2236; x_wconf 87' lang='lat' dir='ltr'>et</span> <span class='ocrx_word' id='word_1_431' title='bbox 870 2208 938 2246; x_wconf 88' lang='lat' dir='ltr'>post</span> <span class='ocrx_word' id='word_1_432' title='bbox 965 2203 1112 2236; x_wconf 85' lang='lat' dir='ltr'>emissam</span> <span class='ocrx_word' id='word_1_433' title='bbox 1131 2213 1203 2246; x_wconf 91' lang='lat' dir='ltr'>pro-</span> 
     </span>
     <span class='ocr_line' id='line_1_79' title="bbox 460 2255 1204 2300; baseline -0.001 -11"><span class='ocrx_word' id='word_1_434' title='bbox 460 2257 626 2291; x_wconf 80' lang='lat' dir='ltr'>fessionem</span> <span class='ocrx_word' id='word_1_435' title='bbox 640 2257 766 2300; x_wconf 70' lang='lat' dir='ltr'>nigrum</span> <span class='ocrx_word' id='word_1_436' title='bbox 780 2257 917 2300; x_wconf 79' lang='lat' dir='ltr'>desuper</span> <span class='ocrx_word' id='word_1_437' title='bbox 929 2262 1048 2299; x_wconf 70' lang='lat' dir='ltr'>gerent.</span> <span class='ocrx_word' id='word_1_438' title='bbox 1063 2255 1204 2299; x_wconf 85' lang='lat' dir='ltr'>Denique</span> 
     </span>
     <span class='ocr_line' id='line_1_80' title="bbox 463 2310 1206 2354; baseline -0.003 -11"><span class='ocrx_word' id='word_1_439' title='bbox 463 2311 656 2354; x_wconf 81' lang='lat' dir='ltr'>hospitalarii</span> <span class='ocrx_word' id='word_1_440' title='bbox 683 2310 864 2343; x_wconf 88' lang='lat' dir='ltr'>huiusmodi</span> <span class='ocrx_word' id='word_1_441' title='bbox 884 2310 1025 2344; x_wconf 85' lang='lat' dir='ltr'>habitum</span> <span class='ocrx_word' id='word_1_442' title='bbox 1047 2310 1143 2342; x_wconf 88' lang='lat' dir='ltr'>semel</span> <span class='ocrx_word' id='word_1_443' title='bbox 1159 2320 1206 2341; x_wconf 92' lang='lat' dir='ltr'>su-</span> 
     </span>
     <span class='ocr_line' id='line_1_81' title="bbox 464 2362 1205 2408; baseline -0.003 -11"><span class='ocrx_word' id='word_1_444' title='bbox 464 2369 605 2408; x_wconf 81' lang='lat' dir='ltr'>sceptum</span> <span class='ocrx_word' id='word_1_445' title='bbox 629 2370 701 2408; x_wconf 89' lang='lat' dir='ltr'>post</span> <span class='ocrx_word' id='word_1_446' title='bbox 725 2364 871 2397; x_wconf 75' lang='lat' dir='ltr'>emissam</span> <span class='ocrx_word' id='word_1_447' title='bbox 886 2363 1126 2407; x_wconf 85' lang='lat' dir='ltr'>professionem,</span> <span class='ocrx_word' id='word_1_448' title='bbox 1146 2362 1205 2395; x_wconf 90' lang='lat' dir='ltr'>nisi</span> 
     </span>
     <span class='ocr_line' id='line_1_82' title="bbox 465 2416 1208 2460; baseline -0.004 -9"><span class='ocrx_word' id='word_1_449' title='bbox 465 2418 609 2451; x_wconf 86' lang='lat' dir='ltr'>arctioris</span> <span class='ocrx_word' id='word_1_450' title='bbox 634 2418 766 2451; x_wconf 89' lang='lat' dir='ltr'>instituti</span> <span class='ocrx_word' id='word_1_451' title='bbox 791 2422 841 2450; x_wconf 89' lang='lat' dir='ltr'>aut</span> <span class='ocrx_word' id='word_1_452' title='bbox 865 2417 1026 2459; x_wconf 79' lang='lat' dir='ltr'>religionis</span> <span class='ocrx_word' id='word_1_453' title='bbox 1043 2416 1208 2460; x_wconf 82' lang='lat' dir='ltr'>professio-</span> 
     </span>
     <span class='ocr_line' id='line_1_83' title="bbox 466 2470 1207 2514; baseline -0.003 -10"><span class='ocrx_word' id='word_1_454' title='bbox 466 2482 520 2511; x_wconf 82' lang='lat' dir='ltr'>ne,</span> <span class='ocrx_word' id='word_1_455' title='bbox 545 2474 665 2504; x_wconf 69' lang='lat' dir='ltr'>servatii</span> <span class='ocrx_word' id='word_1_456' title='bbox 693 2477 794 2503; x_wconf 87' lang='lat' dir='ltr'>tamen</span> <span class='ocrx_word' id='word_1_457' title='bbox 826 2470 928 2514; x_wconf 85' lang='lat' dir='ltr'>quoad</span> <span class='ocrx_word' id='word_1_458' title='bbox 955 2471 1016 2503; x_wconf 83' lang='lat' dir='ltr'>hoc</span> <span class='ocrx_word' id='word_1_459' title='bbox 1045 2481 1207 2503; x_wconf 86' lang='lat' dir='ltr'>sacrorum</span> 
     </span>
    </p>
   </div>
   <div class='ocr_carea' id='block_1_10' title="bbox 468 1985 2214 2672">
    <p class='ocr_par' dir='ltr' id='par_1_10' title="bbox 468 1985 2214 2672">
     <span class='ocr_line' id='line_1_84' title="bbox 1231 1985 2177 2031; baseline -0.005 -12"><span class='ocrx_word' id='word_1_460' title='bbox 1231 1987 1300 2021; x_wconf 88' lang='lat' dir='ltr'>licis</span> <span class='ocrx_word' id='word_1_461' title='bbox 1324 1986 1553 2020; x_wconf 84' lang='lat' dir='ltr'>recordationis</span> <span class='ocrx_word' id='word_1_462' title='bbox 1577 1987 1663 2020; x_wconf 88' lang='lat' dir='ltr'>Pauli</span> <span class='ocrx_word' id='word_1_463' title='bbox 1688 1986 1788 2031; x_wconf 86' lang='lat' dir='ltr'>Papae</span> <span class='ocrx_word' id='word_1_464' title='bbox 1805 1986 1828 2019; x_wconf 87' lang='lat' dir='ltr'>V</span> <span class='ocrx_word' id='word_1_465' title='bbox 1848 1985 1976 2030; x_wconf 88' lang='lat' dir='ltr'>praede·</span> <span class='ocrx_word' id='word_1_466' title='bbox 1990 1994 2076 2026; x_wconf 67' lang='grc' dir='ltr'>οςιιειιιι</span> <span class='ocrx_word' id='word_1_467' title='bbox 2089 1991 2206 2024; x_wconf 67' lang='lat' dir='ltr'>runci-</span> 
     </span>
     <span class='ocr_line' id='line_1_85' title="bbox 1233 2021 2214 2095; baseline 0.003 -21"><span class='ocrx_word' id='word_1_468' title='bbox 1233 2040 1369 2074; x_wconf 84' lang='lat' dir='ltr'>eessoris</span> <span class='ocrx_word' id='word_1_469' title='bbox 1394 2040 1514 2081; x_wconf 89' lang='lat' dir='ltr'>nostri,</span> <span class='ocrx_word' id='word_1_470' title='bbox 1539 2040 1567 2073; x_wconf 89' lang='lat' dir='ltr'>ei</span> <span class='ocrx_word' id='word_1_471' title='bbox 1595 2050 1656 2083; x_wconf 86' lang='lat' dir='ltr'>pro</span> <span class='ocrx_word' id='word_1_472' title='bbox 1679 2045 1767 2084; x_wconf 84' lang='lat' dir='ltr'>parte</span> <span class='ocrx_word' id='word_1_473' title='bbox 1790 2039 1974 2074; x_wconf 88' lang='lat' dir='ltr'>eorumdem</span> <span class='ocrx_word' id='word_1_474' title='bbox 1990 2021 2180 2095; x_wconf 38' lang='lat' dir='ltr'>ggzffssggffiss</span> <span class='ocrx_word' id='word_1_475' title='bbox 2204 2064 2214 2076; x_wconf 37' lang='lat' dir='ltr'>v,</span> 
     </span>
     <span class='ocr_line' id='line_1_86' title="bbox 1235 2077 2177 2138; baseline -0.005 -11"><span class='ocrx_word' id='word_1_476' title='bbox 1235 2094 1459 2138; x_wconf 79' lang='lat' dir='ltr'>exponentium</span> <span class='ocrx_word' id='word_1_477' title='bbox 1491 2093 1653 2138; x_wconf 81' lang='lat' dir='ltr'>exposito,</span> <span class='ocrx_word' id='word_1_478' title='bbox 1677 2093 1762 2138; x_wconf 91' lang='lat' dir='ltr'>quod</span> <span class='ocrx_word' id='word_1_479' title='bbox 1791 2093 1803 2127; x_wconf 91' lang='lat' dir='ltr'>i</span> <span class='ocrx_word' id='word_1_480' title='bbox 1842 2093 1852 2126; x_wconf 93' lang='lat' dir='ltr'>i</span> <span class='ocrx_word' id='word_1_481' title='bbox 1882 2093 1977 2126; x_wconf 87' lang='lat' dir='ltr'>etiam</span> <span class='ocrx_word' id='word_1_482' title='bbox 1991 2079 2086 2129; x_wconf 57' lang='lat' dir='ltr'>iiiiionif&#39;</span> <span class='ocrx_word' id='word_1_483' title='bbox 2158 2077 2177 2095; x_wconf 75' lang='lat'>⁸⁵</span> 
     </span>
     <span class='ocr_line' id='line_1_87' title="bbox 1236 2103 1978 2190; baseline 0 -11"><span class='ocrx_word' id='word_1_484' title='bbox 1236 2147 1340 2180; x_wconf 86' lang='lat' dir='ltr'>medio</span> <span class='ocrx_word' id='word_1_485' title='bbox 1357 2147 1533 2180; x_wconf 86' lang='lat' dir='ltr'>iuramento</span> <span class='ocrx_word' id='word_1_486' title='bbox 1550 2157 1583 2180; x_wconf 89' lang='lat' dir='ltr'>se</span> <span class='ocrx_word' id='word_1_487' title='bbox 1599 2147 1680 2181; x_wconf 82' lang='lat' dir='ltr'>velle</span> <span class='ocrx_word' id='word_1_488' title='bbox 1698 2103 1916 2190; x_wconf 52' lang='lat' dir='ltr'>profisssub</span> <span class='ocrx_word' id='word_1_489' title='bbox 1931 2155 1978 2180; x_wconf 87' lang='lat' dir='ltr'>re·</span> 
     </span>
     <span class='ocr_line' id='line_1_88' title="bbox 1237 2197 1979 2243; baseline -0.001 -10"><span class='ocrx_word' id='word_1_490' title='bbox 1237 2201 1310 2243; x_wconf 75' lang='lat' dir='ltr'>gula</span> <span class='ocrx_word' id='word_1_491' title='bbox 1324 2199 1406 2234; x_wconf 84' lang='lat' dir='ltr'>tertii</span> <span class='ocrx_word' id='word_1_492' title='bbox 1419 2199 1545 2233; x_wconf 89' lang='lat' dir='ltr'>Ordinis</span> <span class='ocrx_word' id='word_1_493' title='bbox 1558 2199 1699 2233; x_wconf 89' lang='lat' dir='ltr'>eiusdem</span> <span class='ocrx_word' id='word_1_494' title='bbox 1709 2199 1806 2232; x_wconf 85' lang='lat' dir='ltr'>sancti</span> <span class='ocrx_word' id='word_1_495' title='bbox 1820 2197 1979 2232; x_wconf 85' lang='lat' dir='ltr'>Francisci</span> 
     </span>
     <span class='ocr_line' id='line_1_89' title="bbox 1237 2251 1980 2294; baseline -0.003 -7"><span class='ocrx_word' id='word_1_496' title='bbox 1237 2254 1275 2287; x_wconf 89' lang='lat' dir='ltr'>de</span> <span class='ocrx_word' id='word_1_497' title='bbox 1299 2253 1494 2287; x_wconf 73' lang='lat' dir='ltr'>Poenitentia</span> <span class='ocrx_word' id='word_1_498' title='bbox 1525 2252 1748 2294; x_wconf 82' lang='lat' dir='ltr'>intendebant,</span> <span class='ocrx_word' id='word_1_499' title='bbox 1772 2257 1803 2285; x_wconf 90' lang='lat' dir='ltr'>et</span> <span class='ocrx_word' id='word_1_500' title='bbox 1830 2251 1980 2286; x_wconf 89' lang='lat' dir='ltr'>mulieres</span> 
     </span>
     <span class='ocr_line' id='line_1_90' title="bbox 1238 2305 1980 2351; baseline -0.001 -12"><span class='ocrx_word' id='word_1_501' title='bbox 1238 2307 1416 2351; x_wconf 86' lang='lat' dir='ltr'>praedictae</span> <span class='ocrx_word' id='word_1_502' title='bbox 1436 2317 1472 2339; x_wconf 88' lang='lat' dir='ltr'>ac</span> <span class='ocrx_word' id='word_1_503' title='bbox 1496 2306 1618 2349; x_wconf 84' lang='lat' dir='ltr'>aliquae</span> <span class='ocrx_word' id='word_1_504' title='bbox 1643 2308 1752 2340; x_wconf 63' lang='lat' dir='ltr'>eanm</span> <span class='ocrx_word' id='word_1_505' title='bbox 1777 2305 1880 2339; x_wconf 88' lang='lat' dir='ltr'>sociae</span> <span class='ocrx_word' id='word_1_506' title='bbox 1897 2315 1915 2338; x_wconf 90' lang='lat' dir='ltr'>a</span> <span class='ocrx_word' id='word_1_507' title='bbox 1929 2313 1980 2338; x_wconf 89' lang='lat' dir='ltr'>su-</span> 
     </span>
     <span class='ocr_line' id='line_1_91' title="bbox 1239 2358 1981 2404; baseline -0.004 -11"><span class='ocrx_word' id='word_1_508' title='bbox 1239 2360 1419 2404; x_wconf 84' lang='lat' dir='ltr'>perioribus</span> <span class='ocrx_word' id='word_1_509' title='bbox 1439 2359 1512 2393; x_wconf 86' lang='lat' dir='ltr'>dicti</span> <span class='ocrx_word' id='word_1_510' title='bbox 1528 2359 1612 2393; x_wconf 89' lang='lat' dir='ltr'>tertii</span> <span class='ocrx_word' id='word_1_511' title='bbox 1625 2358 1750 2393; x_wconf 89' lang='lat' dir='ltr'>Ordinis</span> <span class='ocrx_word' id='word_1_512' title='bbox 1764 2358 1907 2392; x_wconf 89' lang='lat' dir='ltr'>habitum</span> <span class='ocrx_word' id='word_1_513' title='bbox 1923 2367 1981 2402; x_wconf 87' lang='lat' dir='ltr'>per</span> 
     </span>
     <span class='ocr_line' id='line_1_92' title="bbox 1242 2409 1983 2455; baseline -0.004 -9"><span class='ocrx_word' id='word_1_514' title='bbox 1242 2414 1394 2447; x_wconf 85' lang='lat' dir='ltr'>moniales</span> <span class='ocrx_word' id='word_1_515' title='bbox 1417 2413 1491 2446; x_wconf 88' lang='lat' dir='ltr'>dicti</span> <span class='ocrx_word' id='word_1_516' title='bbox 1516 2412 1600 2446; x_wconf 87' lang='lat' dir='ltr'>tertii</span> <span class='ocrx_word' id='word_1_517' title='bbox 1624 2411 1750 2446; x_wconf 90' lang='lat' dir='ltr'>Ordinis</span> <span class='ocrx_word' id='word_1_518' title='bbox 1773 2411 1888 2455; x_wconf 82' lang='lat' dir='ltr'>gestari</span> <span class='ocrx_word' id='word_1_519' title='bbox 1912 2409 1983 2444; x_wconf 90' lang='lat' dir='ltr'>soli-</span> 
     </span>
     <span class='ocr_line' id='line_1_93' title="bbox 1242 2463 1984 2511; baseline -0.005 -11"><span class='ocrx_word' id='word_1_520' title='bbox 1242 2473 1307 2500; x_wconf 86' lang='lat' dir='ltr'>tum</span> <span class='ocrx_word' id='word_1_521' title='bbox 1325 2471 1544 2511; x_wconf 80' lang='lat' dir='ltr'>susceperant3</span> <span class='ocrx_word' id='word_1_522' title='bbox 1562 2464 1694 2499; x_wconf 83' lang='lat' dir='ltr'>subinde</span> <span class='ocrx_word' id='word_1_523' title='bbox 1711 2474 1786 2498; x_wconf 81' lang='lat' dir='ltr'>vero</span> <span class='ocrx_word' id='word_1_524' title='bbox 1810 2463 1888 2498; x_wconf 88' lang='lat' dir='ltr'>ortis</span> <span class='ocrx_word' id='word_1_525' title='bbox 1911 2473 1984 2497; x_wconf 91' lang='lat' dir='ltr'>con·</span> 
     </span>
     <span class='ocr_line' id='line_1_94' title="bbox 468 2516 1983 2562; baseline -0.004 -6"><span class='ocrx_word' id='word_1_526' title='bbox 468 2534 621 2557; x_wconf 87' lang='lat' dir='ltr'>canonum</span> <span class='ocrx_word' id='word_1_527' title='bbox 647 2530 675 2557; x_wconf 86' lang='lat' dir='ltr'>et</span> <span class='ocrx_word' id='word_1_528' title='bbox 706 2523 786 2557; x_wconf 85' lang='lat' dir='ltr'>sacri</span> <span class='ocrx_word' id='word_1_529' title='bbox 810 2523 939 2557; x_wconf 84' lang='lat' dir='ltr'>Concilii</span> <span class='ocrx_word' id='word_1_530' title='bbox 963 2523 1135 2556; x_wconf 87' lang='lat' dir='ltr'>Tridentini</span> <span class='ocrx_word' id='word_1_531' title='bbox 1151 2523 1211 2555; x_wconf 86' lang='lat' dir='ltr'>for·</span> <span class='ocrx_word' id='word_1_532' title='bbox 1244 2520 1404 2554; x_wconf 66' lang='lat' dir='ltr'>troversiis</span> <span class='ocrx_word' id='word_1_533' title='bbox 1429 2519 1511 2552; x_wconf 84' lang='lat' dir='ltr'>inter</span> <span class='ocrx_word' id='word_1_534' title='bbox 1530 2518 1710 2562; x_wconf 85' lang='lat' dir='ltr'>superiores</span> <span class='ocrx_word' id='word_1_535' title='bbox 1733 2522 1764 2550; x_wconf 87' lang='lat' dir='ltr'>et</span> <span class='ocrx_word' id='word_1_536' title='bbox 1780 2517 1892 2550; x_wconf 88' lang='lat' dir='ltr'>fratres</span> <span class='ocrx_word' id='word_1_537' title='bbox 1908 2516 1983 2550; x_wconf 84' lang='lat' dir='ltr'>dicti</span> 
     </span>
     <span class='ocr_line' id='line_1_95' title="bbox 471 2573 1984 2620; baseline -0.003 -12"><span class='ocrx_word' id='word_1_538' title='bbox 471 2580 532 2617; x_wconf 75' lang='lat' dir='ltr'>ina,</span> <span class='ocrx_word' id='word_1_539' title='bbox 557 2577 713 2611; x_wconf 87' lang='lat' dir='ltr'>dimittere</span> <span class='ocrx_word' id='word_1_540' title='bbox 737 2588 799 2610; x_wconf 88' lang='lat' dir='ltr'>non</span> <span class='ocrx_word' id='word_1_541' title='bbox 817 2581 983 2620; x_wconf 81' lang='lat' dir='ltr'>poteruut;</span> <span class='ocrx_word' id='word_1_542' title='bbox 1008 2576 1149 2620; x_wconf 88' lang='lat' dir='ltr'>nullique</span> <span class='ocrx_word' id='word_1_543' title='bbox 1165 2587 1212 2609; x_wconf 77' lang='lat' dir='ltr'>re·</span> <span class='ocrx_word' id='word_1_544' title='bbox 1244 2574 1329 2607; x_wconf 85' lang='lat' dir='ltr'>tertii</span> <span class='ocrx_word' id='word_1_545' title='bbox 1342 2573 1467 2608; x_wconf 88' lang='lat' dir='ltr'>Ordinis</span> <span class='ocrx_word' id='word_1_546' title='bbox 1491 2583 1527 2606; x_wconf 83' lang='lat' dir='ltr'>ex</span> <span class='ocrx_word' id='word_1_547' title='bbox 1552 2575 1624 2613; x_wconf 79' lang='lat' dir='ltr'>una,</span> <span class='ocrx_word' id='word_1_548' title='bbox 1642 2576 1672 2604; x_wconf 85' lang='lat' dir='ltr'>et</span> <span class='ocrx_word' id='word_1_549' title='bbox 1688 2575 1880 2615; x_wconf 82' lang='lat' dir='ltr'>exponentes</span> <span class='ocrx_word' id='word_1_550' title='bbox 1896 2579 1984 2614; x_wconf 86' lang='lat' dir='ltr'>prae-</span> 
     </span>
     <span class='ocr_line' id='line_1_96' title="bbox 468 2624 1984 2672; baseline -0.003 -11"><span class='ocrx_word' id='word_1_551' title='bbox 468 2630 656 2672; x_wconf 78' lang='lat' dir='ltr'>ligiosoruui</span> <span class='ocrx_word' id='word_1_552' title='bbox 682 2630 866 2663; x_wconf 80' lang='lat' dir='ltr'>eorumdem</span> <span class='ocrx_word' id='word_1_553' title='bbox 892 2630 936 2662; x_wconf 84' lang='lat' dir='ltr'>fas</span> <span class='ocrx_word' id='word_1_554' title='bbox 961 2630 1020 2662; x_wconf 89' lang='lat' dir='ltr'>erit</span> <span class='ocrx_word' id='word_1_555' title='bbox 1035 2657 1042 2670; x_wconf 69' lang='lat'>,</span> <span class='ocrx_word' id='word_1_556' title='bbox 1074 2629 1139 2662; x_wconf 85' lang='lat' dir='ltr'>sine</span> <span class='ocrx_word' id='word_1_557' title='bbox 1164 2629 1212 2662; x_wconf 93' lang='lat' dir='ltr'>sui</span> <span class='ocrx_word' id='word_1_558' title='bbox 1245 2627 1344 2661; x_wconf 90' lang='lat' dir='ltr'>dictos</span> <span class='ocrx_word' id='word_1_559' title='bbox 1374 2637 1411 2660; x_wconf 82' lang='lat' dir='ltr'>ex</span> <span class='ocrx_word' id='word_1_560' title='bbox 1435 2627 1534 2660; x_wconf 78' lang='lat' dir='ltr'>attera</span> <span class='ocrx_word' id='word_1_561' title='bbox 1569 2624 1732 2669; x_wconf 90' lang='lat' dir='ltr'>partibus,</span> <span class='ocrx_word' id='word_1_562' title='bbox 1756 2624 1984 2669; x_wconf 86' lang='lat' dir='ltr'>professionem</span> 
     </span>
    </p>
   </div>
   <div class='ocr_carea' id='block_1_11' title="bbox 468 2681 1984 2725">
    <p class='ocr_par' dir='ltr' id='par_1_11' title="bbox 468 2681 1984 2725">
     <span class='ocr_line' id='line_1_97' title="bbox 468 2681 1984 2725; baseline -0.001 -10"><span class='ocrx_word' id='word_1_563' title='bbox 468 2683 639 2725; x_wconf 82' lang='lat' dir='ltr'>superioris</span> <span class='ocrx_word' id='word_1_564' title='bbox 663 2683 809 2721; x_wconf 77' lang='lat' dir='ltr'>licentia,</span> <span class='ocrx_word' id='word_1_565' title='bbox 834 2683 872 2715; x_wconf 81' lang='lat' dir='ltr'>de</span> <span class='ocrx_word' id='word_1_566' title='bbox 897 2682 967 2716; x_wconf 88' lang='lat' dir='ltr'>loco</span> <span class='ocrx_word' id='word_1_567' title='bbox 984 2682 1123 2725; x_wconf 78' lang='lat' dir='ltr'>regulari</span> <span class='ocrx_word' id='word_1_568' title='bbox 1148 2681 1212 2715; x_wconf 75' lang='lat' dir='ltr'>sive</span> <span class='ocrx_word' id='word_1_569' title='bbox 1280 2688 1556 2725; x_wconf 78' lang='lat' dir='ltr'>1Atiquiddeest,ex.</span> <span class='ocrx_word' id='word_1_570' title='bbox 1567 2695 1592 2723; x_wconf 83' lang='lat' dir='ltr'>g.</span> <span class='ocrx_word' id='word_1_571' title='bbox 1602 2688 1722 2716; x_wconf 71' lang='lat' dir='ltr'>satutem</span> <span class='ocrx_word' id='word_1_572' title='bbox 1732 2686 1984 2723; x_wconf 57' lang='lat' dir='ltr'>vetbonumtnxr.)</span> 
     </span>
    </p>
   </div>
   <div class='ocr_carea' id='block_1_12' title="bbox 2152 0 2293 3231">
    <p class='ocr_par' dir='ltr' id='par_1_12' title="bbox 2152 0 2293 3231">
     <span class='ocr_line' id='line_1_98' title="bbox 2152 0 2293 3231; baseline 0 0"><span class='ocrx_word' id='word_1_573' title='bbox 2152 0 2293 3231; x_wconf 95' lang='lat' dir='ltr'> </span> 
     </span>
    </p>
   </div>
   <div class='ocr_carea' id='block_1_13' title="bbox 1990 1965 2206 1990">
    <p class='ocr_par' dir='ltr' id='par_1_13' title="bbox 1990 1965 2206 1990">
     <span class='ocr_line' id='line_1_99' title="bbox 1990 1965 2206 1990; baseline -0.014 0"><span class='ocrx_word' id='word_1_574' title='bbox 1990 1968 2048 1990; x_wconf 72' lang='lat' dir='ltr'>fratr*</span> <span class='ocrx_word' id='word_1_575' title='bbox 2065 1973 2090 1990; x_wconf 74' lang='lat' dir='ltr'>n·</span> <span class='ocrx_word' id='word_1_576' title='bbox 2117 1965 2176 1989; x_wconf 72' lang='lat' dir='ltr'>utut</span> <span class='ocrx_word' id='word_1_577' title='bbox 2199 1970 2206 1975; x_wconf 79' lang='lat'><em>·</em></span> 
     </span>
    </p>
   </div>
  </div>
 </body>
</html>
