2293 3231
86 297 138 324 An.
157 296 188 324 C.
208 296 275 325 1622

895 296 1071 321 GREGORlUS
1091 296 1131 321 XV
1152 296 1200 321 ΓΡ.

289 344 479 385 sidentibus,
506 355 627 378 necnon
658 356 802 378 camerae
837 345 1027 389 apostolicae

288 397 506 431 commissario
531 404 560 431 ct
584 398 770 431 otlicialibus
786 426 793 439 ‚
816 409 855 431 ne
879 409 916 431 ex
941 408 1027 431 emo-

289 449 436 483 lumentis
472 450 651 484 huiusmodi
689 451 784 484 ullam
821 451 1026 495 pecuniarum

287 505 505 549 quantitatem,
523 505 561 538 ad
579 511 696 538 certam
715 505 868 539 rationem
884 516 942 549 pro
955 517 1029 548 quo-

290 558 365 592 libet
387 559 568 593 centenario
597 565 627 593 et
657 570 738 593 anno
762 571 819 604 per
846 570 900 593 eos
924 560 1027 592 forsan

290 612 411 656 percipi
434 613 525 645 solita
541 612 560 653 ¹,
577 618 630 645 aut
648 613 776 656 regalia,
793 618 827 645 ut
845 618 965 652 vocant,
982 612 1028 644 vel

289 665 457 708 quicquam
482 665 566 698 aliud
590 666 701 709 quovis
725 671 899 710 praetextu,
924 665 1029 698 colore

249 714 251 717 ’
291 718 337 751 vel
362 719 510 762 ingenio,
539 719 633 751 etiam
659 719 780 752 ratione
805 719 950 762 stipendii
976 730 1028 751 scu

121 1903 232 1924 clausulae
241 1909 278 1929 pro

95 1929 214 1950 huiusmodi
227 1931 279 1950 assi-

95 1956 200 1982 gnationis
216 1957 280 1977 firmi-

95 1985 145 2004 tate.

290 771 406 811 salarii,
430 772 646 815 praetendere,
665 772 791 812 babere,
813 771 961 815 consequi
978 776 1031 803 aut

290 825 417 867 exigere
442 825 572 869 possint,
590 825 643 858 sed
658 829 691 859 ut
710 825 834 858 easdem
850 830 1031 869 praesentes

291 878 410 912 litteras
429 878 563 912 firmiter
576 884 605 911 et
621 879 841 912 inviolabiliter
854 879 1030 919 observent,

291 942 326 965 ac
350 932 390 964 ab
415 931 561 965 omnibus
585 932 770 965 inconcusse
800 931 961 965 observari
987 932 1030 963 sa-

291 985 374 1018 ciant
397 991 427 1018 et
451 990 631 1029 procurent.
659 986 723 1018 lmo
741 996 865 1029 semper
883 990 912 1018 ct
937 995 1032 1028 quan-

291 1040 469 1084 documque
487 1040 548 1073 illis
575 1040 748 1074 constiterit
774 1040 951 1083 praedictos
968 1050 1032 1072 car-

292 1093 421 1134 dinales,
436 1104 491 1126 seu
508 1093 649 1136 ipsorum
670 1093 831 1133 haeredes,
852 1093 1031 1125 huiusmodi

291 1147 504 1179 emolumenta
528 1146 635 1178 annuli
661 1146 838 1189 praedictae
863 1156 1032 1188 congrega-

290 1199 366 1232 tioni
381 1199 521 1239 solvisse,
538 1199 655 1239 statim,
669 1199 694 1231 si
712 1203 836 1242 petatur
853 1199 1032 1242 quietantia,

291 1252 323 1284 in
346 1252 541 1296 amplissima
565 1253 684 1292 forma,
711 1258 857 1296 tanquam
880 1253 905 1284 si
930 1252 1031 1284 eidem

291 1316 434 1339 camerae
459 1305 650 1349 apostolicae
675 1306 777 1338 soluta
801 1311 914 1347 essent,
939 1316 1032 1349 expe-

291 1359 359 1392 dire
383 1359 525 1400 debeant,
550 1364 581 1392 et
604 1359 671 1403 ipsa
692 1370 816 1392 camera
834 1359 864 1391 in
877 1370 951 1392 casu
969 1370 1034 1392 mo-

292 1412 418 1453 lestiae,
447 1418 480 1445 ut
510 1413 707 1456 praefertur,
736 1413 774 1445 ad
804 1409 1032 1447 restitutionem

292 1466 370 1510 ipsis
400 1466 632 1507 cardinalibus,
662 1477 717 1499 seu
749 1477 859 1499 eorum
891 1467 1033 1499 baeredi-

293 1520 361 1560 bus,
375 1519 548 1553 taciendam
566 1524 718 1553 teneatur.
734 1520 800 1553 Non
818 1520 1034 1563 permittentes

294 1573 393 1617 ipsam
414 1574 705 1616 congregationem,
720 1573 866 1617 illiusque
883 1584 1034 1617 personas

294 1632 324 1660 et
343 1626 515 1668 ministros,
535 1637 631 1670 super
656 1627 814 1660 dictorum
839 1627 1034 1660 emolumen-

294 1683 398 1714 torum
417 1680 664 1722 consequutione
684 1691 701 1712 a
718 1691 888 1724 quoquam,
910 1680 1034 1724 publice

294 1734 341 1768 vel
365 1734 498 1774 occulte,
522 1734 641 1767 directe
667 1735 713 1766 vel
738 1735 899 1775 indirecte,
924 1734 1034 1778 quovis

293 1788 435 1832 quaesito
454 1788 560 1821 colore
585 1788 630 1821 vel
653 1788 777 1831 ingenio
794 1788 951 1832 impediri,
971 1799 1036 1821 mo—

293 1842 399 1875 lestari
424 1847 477 1874 aut
502 1841 679 1886 inquietari.

339 1897 354 1940 ἓ
378 1896 408 1929 5.
426 1897 468 1929 Ae
485 1896 690 1930 decernentes
717 1901 899 1940 praesentes
916 1896 1035 1929 litteras

295 1950 404 1992 (etiam
421 1961 458 1983 ex
475 1960 513 1983 eo
529 1950 614 1993 quod
639 1950 812 1994 capitulum
837 1955 867 1983 et
893 1950 1035 1983 canonici

295 2002 396 2035 dictae
412 2003 561 2036 basilicae
574 2003 804 2044 Lateranensis,
826 2004 871 2036 vel
892 2003 1036 2046 quicum-

296 2064 357 2098 que
377 2055 429 2087 alii
446 2055 476 2087 in
492 2056 676 2099 praemissis
701 2056 1036 2100 quomodolibet-inu]-

297 2119 381 2141 resse
395 2109 558 2150 habentes,
581 2121 635 2142 seu
653 2110 769 2143 habere
786 2110 1036 2153 praetemlenteS,

297 2161 343 2194 vel
359 2161 422 2202 alii,
436 2162 474 2194 ad
494 2173 573 2205 quos
589 2164 693 2196 forsan
710 2168 828 2206 spectat
844 2168 874 2196 et
886 2164 1033 2206 pertinet,

296 2225 351 2248 seu
375 2226 433 2259 pro
457 2220 600 2259 tempore
625 2216 777 2259 spectabit
801 2220 831 2250 et
854 2217 1036 2260 pertinebit,

296 2268 334 2302 ad
351 2269 411 2302 boc
429 2268 530 2302 vocati
547 2273 577 2301 et
593 2269 691 2301 auditi
710 2279 773 2302 non
789 2269 916 2310 suerint,
937 2279 1037 2313 neque

297 2322 478 2366 praemissis
503 2322 730 2363 consenserint,
759 2333 814 2356 seu
834 2324 1037 2363 consentiant,

296 2375 361 2409 imo
377 2375 483 2408 forsan
500 2375 561 2408 illis
575 2375 798 2409 contradicturi
816 2375 886 2417 sint,
903 2387 957 2409 scu
974 2377 1039 2420 qui-

297 2428 403 2462 busvis
421 2428 490 2461 aliis
507 2429 708 2472 quantumvis
733 2429 836 2470 iustis,
861 2428 1038 2462 iustissimis

296 2487 327 2515 et
351 2482 557 2516 rationalibus
588 2482 704 2526 causis)
737 2482 775 2515 de
806 2482 1036 2526 subreptionis,

298 2536 345 2569 vel
369 2535 564 2579 obreptionis
580 2546 636 2568 seu
652 2535 802 2569 nullitatis
829 2535 913 2576 vitio,
926 2541 978 2569 aut
996 2536 1038 2568 in-

299 2589 444 2622 tentionis
455 2594 590 2630 nostrae,
604 2589 652 2622 vel
665 2589 815 2633 quopiam
831 2589 892 2623 alio
904 2589 1036 2630 defectu,

333 2704 344 2732 1
362 2703 504 2733 videretur
518 2704 662 2742 legendum
675 2705 792 2735 solitam
807 2705 844 2742 (a.
861 2705 909 2741 τ.).

1061 345 1196 387 cogitato
1221 344 1267 376 vel
1295 343 1524 386 inexcogitato,
1548 342 1671 382 notari,
1697 342 1795 385 impu-

1061 398 1170 440 gnari,
1196 397 1380 437 retraetari,
1405 395 1581 435 annullari,
1614 395 1644 427 in
1677 395 1724 427 ius
1754 396 1799 427 vel

1062 449 1307 483 controversiam
1333 449 1485 488 revocari,
1509 453 1563 480 aut
1583 447 1732 480 adversus
1749 459 1801 480 eas

1061 503 1283 547 quodcumque
1304 502 1381 535 iuris
1398 502 1443 535 vel
1462 502 1533 535 sacti
1551 506 1603 534 aut
1619 501 1738 545 gratiae
1755 513 1801 534 re-

1063 556 1202 603 medium
1220 556 1392 600 impetrari,
1411 557 1455 589 vel
1475 556 1532 588 sub
1549 555 1802 599 quibuscumque

1063 609 1336 642 constitutionibus
1367 612 1396 643 et
1430 608 1541 641 litteris
1568 607 1747 651 apostolicis
1773 608 1802 640 in

1063 665 1267 706 contrarium,
1291 666 1383 698 etiam
1411 670 1497 697 motu
1522 664 1588 708 pari
1607 669 1635 696 et
1656 664 1804 697 consisto-

1064 717 1192 758 rialiter,
1207 718 1358 751 emanatis
1369 723 1399 751 et
1412 717 1603 757 emanandis‚
1618 718 1663 749 vel
1678 717 1804 760 quibus-

1066 770 1109 802 vis
1143 770 1293 803 similium
1327 771 1372 804 vel
1402 770 1600 803 dissimilium
1631 769 1802 813 gratiarum

1067 825 1326 865 revocationibus,
1347 824 1622 868 suspensionibus,
1649 823 1804 857 limitatio-

1066 878 1156 911 nibus
1181 884 1230 911 aut
1256 878 1325 911 aliis
1349 878 1516 911 contrariis
1535 877 1804 921 dispositionibus,

1066 933 1241 965 nullatenus
1252 943 1400 977 umquam
1411 931 1649 975 comprehendi,
1663 931 1715 963 sed
1727 941 1806 963 sem-

1067 996 1123 1029 per
1140 986 1178 1018 ab
1196 986 1256 1018 illis
1276 992 1432 1030 exceptas,
1450 992 1477 1018 et
1496 985 1619 1029 quoties
1637 985 1705 1017 illae
1723 995 1803 1017 ema·

1066 1040 1194 1079 nabunt,
1206 1040 1295 1072 toties
1306 1040 1336 1072 in
1347 1039 1514 1083 pristinum
1529 1044 1557 1071 et
1568 1038 1806 1077 validissimum,

1066 1103 1101 1124 ae
1119 1103 1201 1133 etun,
1221 1093 1249 1124 in
1267 1104 1329 1136 quo
1347 1098 1417 1125 ante
1433 1092 1606 1136 praemissa
1631 1091 1805 1134 quomodo-

1067 1145 1141 1177 libet
1157 1152 1256 1186 erunt,
1272 1151 1387 1178 statum
1407 1146 1576 1185 restitutas,
1605 1145 1758 1188 repositas
1777 1150 1805 1176 et

1067 1199 1205 1241 plenarie
1234 1199 1461 1241 reintegratus,
1486 1210 1521 1231 ae
1546 1199 1583 1231 de
1609 1209 1689 1231 novo
1714 1198 1806 1230 etiam

1068 1253 1125 1285 sub
1149 1264 1350 1296 (puteumque
1375 1253 1540 1296 posteriori
1565 1253 1647 1293 (lata,
1666 1263 1720 1295 per
1742 1263 1808 1296 pcr-

1067 1316 1158 1338 sonas
1183 1306 1436 1348 congregationis
1456 1305 1635 1338 huiusmodi
1654 1316 1712 1349 pro
1735 1311 1808 1338 teui-

1067 1370 1143 1402 pore
1152 1359 1320 1392 existentes
1333 1359 1487 1402 eligenda,
1497 1369 1672 1399 concessas,
1683 1369 1808 1402 semper

1067 1418 1097 1445 et
1121 1418 1274 1456 perpetuo
1309 1413 1423 1445 validas
1455 1416 1484 1446 et
1516 1412 1658 1445 ellicaces
1688 1423 1756 1445 esse
1780 1418 1805 1444 et

1069 1467 1144 1507 sore,
1158 1478 1292 1511 suosque
1309 1467 1469 1511 [denarios
1482 1472 1508 1500 et
1526 1466 1666 1509 integros
1680 1466 1809 1499 elli-ctus

1068 1520 1173 1553 sortiri
1188 1525 1215 1553 et
1233 1521 1388 1561 obtinere,
1405 1532 1441 1554 ae
1458 1520 1496 1553 ab
1513 1520 1670 1561 omnibus,
1684 1520 1721 1552 ad
1732 1531 1810 1563 quos

1069 1585 1150 1607 nunc
1167 1574 1404 1617 quomodolibet
1417 1578 1533 1618 spectat
1551 1579 1578 1607 et
1594 1585 1651 1617 pro
1669 1579 1810 1617 tempore

1068 1628 1230 1672 spectabit,
1252 1628 1384 1661 tirmiter
1405 1633 1431 1660 et
1459 1627 1680 1661 inviolabiliter
1701 1628 1809 1660 obser-

1071 1681 1133 1713 vari
1158 1686 1188 1713 et
1212 1681 1376 1724 adimpleri
1401 1681 1526 1713 debere.
1544 1680 1667 1724 Sieque,
1693 1682 1725 1713 e't.
1746 1691 1811 1713 non

1069 1734 1169 1773 aliter,
1186 1745 1242 1777 per
1259 1744 1474 1777 quoscumque
1499 1734 1617 1766 iudices
1634 1733 1810 1766 ordinarios

1070 1788 1116 1820 rel
1137 1787 1307 1830 delegatos,
1325 1788 1417 1820 etiam
1436 1798 1600 1820 causarum
1619 1787 1724 1831 palatii
1741 1798 1812 1831 apo-

1069 1841 1170 1873 stolici
1195 1841 1364 1882 auditores,
1390 1852 1425 1873 ac
1451 1841 1549 1884 ipsius
1573 1841 1601 1873 S
1628 1841 1661 1874 R.
1688 1841 1719 1873 E.
1743 1852 1810 1873 car-

1069 1894 1200 1935 dinales,
1228 1895 1320 1927 etiam
1346 1895 1383 1928 de
1408 1896 1505 1928 latere
1531 1896 1649 1938 legatos
1675 1899 1702 1929 et
1731 1896 1810 1928 riec-

1070 1949 1199 1991 legatos,
1224 1948 1386 1992 dictaeque
1403 1949 1491 1982 Sedis
1509 1949 1653 1989 nuncios,
1667 1960 1702 1981 ac
1718 1949 1811 1981 ctiam

1072 2002 1324 2041 thesaurarium,
1360 2002 1492 2035 clericos
1528 2002 1741 2047 praesidentes
1775 2014 1810 2035 ae

1071 2055 1315 2096 commissarios,
1324 2055 1463 2099 aliosque
1474 2066 1617 2089 camerac
1631 2056 1810 2089 huiusmodi

1071 2109 1218 2142 officiales
1248 2109 1395 2153 (sublata
1421 2110 1464 2143 eis
1490 2114 1519 2142 ct
1543 2120 1654 2143 eorum
1685 2110 1808 2143 cuilibet

1070 2162 1179 2206 quavis
1203 2162 1293 2195 aliter
1309 2162 1467 2196 iudicandi
1485 2168 1515 2196 ct
1531 2164 1757 2208 interpretamli
1773 2166 1811 2197 t'a-

1071 2216 1185 2249 cultate
1205 2222 1231 2249 et
1252 2217 1450 2260 auctoritate)
1468 2217 1499 2250 in
1513 2217 1648 2261 qualibet
1663 2218 1808 2251 instantia

1072 2268 1202 2302 iudicari
1227 2269 1267 2303 et'
1281 2271 1405 2303 definiri
1431 2271 1556 2311 debere,
1574 2271 1761 2315 irritumque
1781 2277 1808 2304 et

1072 2323 1173 2364 inane,
1183 2323 1307 2357 sisecus
1316 2335 1412 2367 super
1428 2324 1476 2357 liis
1489 2336 1506 2357 a
1524 2325 1810 2368 quoqmumquavis

1071 2377 1266 2418 auctoritate,
1284 2378 1418 2411 scienter
1434 2379 1481 2411 vel
1502 2378 1693 2421 ignoranter,
1711 2379 1809 2412 conti-

1072 2430 1153 2472 gerit
1173 2431 1329 2472 attentari,
1347 2431 1531 2465 auctoritate
1555 2431 1725 2475 apostolica
1749 2431 1806 2465 de·

1071 2483 1239 2516 cernimus.

1115 2536 1172 2580 {⁴3-
1186 2537 1338 2576 Quocirca
1352 2538 1581 2571 venerabilibus
1594 2538 1743 2573 fratribus
1758 2549 1810 2572 no-

1071 2590 1143 2623 stris
1167 2590 1300 2624 Ostiensi
1325 2597 1353 2624 ct
1377 2591 1542 2625 Portuensi
1572 2593 1728 2637 episcopis
1743 2621 1750 2633 ,
1774 2605 1810 2627 ae

1069 2643 1183 2677 dilecto
1196 2643 1261 2677 silio
1274 2654 1440 2677 causarum
1454 2646 1561 2678 curiae
1571 2656 1714 2679 camerac
1724 2658 1810 2690 prae-
1834 2668 1837 2670 -

1069 2698 1168 2732 dictae
1178 2698 1316 2741 generali
1330 2698 1475 2741 auditori,
1485 2709 1542 2744 per
1552 2700 1724 2744 apostolica
1737 2700 1811 2734 scri-

1700 284 1764 318 695
1811 295 1858 320 An.
1881 293 1907 319 c,
1932 293 1998 320 1622

1866 2561 2009 2586 Excipi-:tows

1825 2588 1887 2617 liuius
1904 2588 2009 2608 Commu.

1826 2617 1894 2635 [lunts.
