2293 3231
256 265 311 293 An.
326 265 356 293 c.
378 263 442 293 που
490 252 556 288 548

458 312 543 346 tione
558 311 633 344 dicti
648 309 750 344 Caroli
767 308 946 343 Emanuelis
962 308 1051 342 ducis
1065 308 1149 341 ultra
1168 313 1199 342 et

458 365 535 399 citra
559 369 680 397 montes
704 362 916 399 existentium,
929 372 947 394 a
966 361 1198 395 venerabilibus

458 418 608 451 fratribus
625 415 871 459 archiepiscopis
887 421 917 448 et
929 415 1095 459 episcopis,
1109 426 1144 448 ac
1157 414 1200 447 di—

459 471 546 504 lectis
561 470 634 503 tiliis
656 469 763 502 electis
779 468 1099 508 administratoribus,
1116 478 1201 501 com-

459 523 670 561 mendatariis.
695 522 878 562 abbatibus,
902 522 1082 566 prioribus,
1114 532 1200 565 prae-

459 576 579 621 positis,
603 575 768 620 praelatis,
793 574 960 618 capitulis,
984 574 1199 613 conventibus,

458 629 628 669 canonicis,
647 629 838 669 rectoribus,
855 628 1031 672 ceterisque
1057 628 1200 672 personis

457 682 698 722 ecclesiasticis,
728 681 923 715 secularibus
950 692 985 714 ac
1015 681 1200 725 quorumvis

458 734 611 769 Ordinum
628 739 659 769 et
674 734 858 768 militiarum
877 735 1089 778 regularibus,
1105 735 1199 768 etiam

458 789 611 833 exemptis
628 799 665 822 ac
681 788 772 822 nobis
796 793 826 821 et
842 789 1041 832 Apostolicae
1057 788 1130 822 Sedi
1147 788 1201 821 im-

458 842 592 877 mediate
617 842 784 883 subieetis,
809 842 976 882 ecclesias,
996 842 1199 882 monasteria,

457 899 488 930 et
519 895 579 928 alia
610 895 764 929 beneficia
795 896 1022 937 ecclesiastica,
1046 896 1200 929 secularia

457 949 507 982 vel
530 949 701 992 regularia,
718 949 812 982 etiam
838 949 987 982 militaria
1011 949 1199 993 supradicta,

459 1003 490 1036 in
513 1003 639 1036 titulum
653 1030 661 1043 ‚
686 1003 927 1044 commendam,
955 1003 1200 1037 administratio-

458 1066 542 1098 nem,
559 1062 611 1090 aut
627 1057 702 1090 alias
719 1057 957 1101 quomodolibet
975 1056 1199 1099 obtinentibus,

457 1120 580 1144 necnon
604 1110 644 1144 ab
668 1111 737 1143 aliis
767 1111 861 1144 etiam
877 1138 884 1149 ,
916 1110 1030 1154 quibus
1060 1110 1199 1151 fructus,

458 1164 610 1205 redditus,
635 1169 818 1209 proventus,
843 1165 922 1202 iura,
947 1164 1151 1198 obventiones
1171 1169 1201 1199 et

459 1217 672 1251 emolumenta
692 1217 874 1251 huiusmodi
898 1217 1114 1258 ecclesiarum,
1132 1228 1200 1251 mo-

458 1271 680 1312 nasteriorum,
701 1276 729 1305 et
749 1271 884 1304 aliorum
905 1271 1130 1305 beneficiorum
1151 1283 1201 1305 su-

457 1324 675 1368 pradictorum
698 1326 768 1359 loco
792 1325 981 1369 pensionum
1006 1335 1199 1367 annuarum,

458 1384 512 1411 aut
535 1389 630 1423 super
654 1378 714 1412 illis
739 1379 907 1422 pensiones
924 1389 1055 1419 annuae,
1073 1379 1165 1413 etiam
1183 1390 1200 1412 a

458 1431 611 1465 similium
635 1431 830 1465 decimarum
856 1432 1010 1466 solutione
1035 1438 1201 1475 quantum-

459 1495 594 1529 cumque
617 1485 717 1518 libera
734 1490 763 1518 et
781 1490 934 1529 exempta,
952 1491 982 1518 et
999 1485 1056 1518 sub
1073 1485 1200 1529 quibus-

458 1538 504 1571 vis
517 1538 772 1582 obligationibus,
786 1539 879 1572 etiam
894 1539 923 1571 in
938 1538 1038 1572 forma
1057 1549 1199 1573 camerae

457 1593 647 1637 apostolicae
661 1620 669 1634 ‚
694 1598 724 1626 et
748 1593 936 1633 iuramento,
960 1593 1054 1626 etiam
1075 1593 1113 1626 de
1136 1604 1199 1627 non

457 1645 722 1679 contraveniendo
745 1656 780 1679 ac
804 1646 934 1679 sortasse
956 1646 1048 1679 etiam
1075 1646 1112 1680 dc
1136 1657 1199 1680 non

457 1699 655 1744 impetrando
672 1699 790 1743 gratias
806 1699 994 1743 apostolicas
1018 1705 1128 1733 contra
1145 1700 1200 1733 hu-

457 1752 593 1787 iusmodi
629 1752 844 1797 exemptiones
880 1758 911 1786 et
945 1754 1102 1786 concessis
1135 1764 1218 1787 non=

456 1806 584 1847 utendo,
601 1806 742 1848 vallatae,
759 1812 936 1840 reservatae
960 1807 1085 1848 suerint,
1103 1813 1133 1840 et
1156 1808 1201 1840 in-

457 1864 506 1893 tra
531 1860 714 1894 sexennium
745 1860 940 1904 praedictum
970 1860 1131 1894 dumtaxat
1154 1871 1201 1894 re-

457 1914 685 1956 servabuntur,
719 1915 945 1959 cuiuscumque
980 1916 1199 1959 praeeminen-

457 1968 529 2009 tiae,
546 1968 718 2012 dignitatis,
743 1974 850 2010 status,
875 1968 1001 2011 gradus,
1026 1969 1146 2002 ordinis
1170 1973 1198 2003 et

458 2021 647 2056 conditionis
660 2022 793 2055 existant
803 2023 953 2067 (exceptis
963 2026 1066 2056 tamen
1077 2022 1107 2056 S.
1122 2023 1155 2056 R.
1164 2023 1197 2057 E.

458 2075 686 2117 cardinalibus3
711 2081 742 2110 et
765 2077 868 2121 quoad
894 2077 1124 2120 parochialium
1152 2088 1201 2111 ec-

458 2129 638 2171 clesiamm,
654 2130 852 2174 aliorumque
876 2131 1103 2164 beneficiorum
1129 2141 1200 2175 per-

458 2183 599 2218 sonalem
623 2183 824 2218 residentiam
849 2184 1077 2228 requirentium
1092 2211 1099 2225 ,
1124 2196 1201 2228 quo-

458 2247 530 2270 rum
543 2237 741 2280 singulorum
758 2238 888 2279 fructus,
905 2237 1056 2276 redditus,
1070 2248 1202 2281 proven-

458 2296 518 2331 tus,
543 2290 612 2323 iura
626 2318 633 2331 ,
658 2291 861 2325 obventiones
875 2318 882 2331 ‚
911 2296 942 2324 et
965 2290 1201 2325 distributiones

1032 260 1212 286 BULLARmu
1236 258 1393 285 nonum!

1983 257 2035 286 An.
2054 256 2086 286 C.
2102 256 2170 286 1021

1232 313 1303 352 ptos
1327 317 1394 341 esse
1419 307 1558 341 volueris
1580 312 1612 340 et
1633 307 1871 351 declaraveris):
1891 316 1971 351 quos

1232 372 1343 395 omnes
1365 361 1573 406 supradictos,
1597 361 1690 394 unica
1713 361 1846 404 singulis
1869 361 1968 401 annis,

1233 415 1317 449 dieto
1343 414 1492 448 sexennio
1515 414 1670 455 durante,
1695 413 1867 457 solutione,
1891 414 1974 449 intra

1234 469 1405 502 terminum
1422 478 1438 500 a
1451 467 1644 501 fraternitate
1657 468 1710 501 tua
1723 467 1973 511 praefigendum,

1234 522 1388 555 decimam
1403 520 1585 555 huiusmodi
1598 520 1786 565 persolvisse
1799 520 1974 562 volumus¹,

1235 576 1276 608 ita
1290 581 1334 615 ut,
1347 575 1402 619 qui
1418 575 1585 619 pensiones
1601 574 1723 608 solvere
1739 574 1866 615 debent,
1880 574 1974 608 etiam

1234 629 1360 663 nomine
1368 628 1642 673 pensionariorum
1649 627 1786 662 decimas
1794 627 1974 662 huiusmodi

1234 682 1424 727 persolvant,
1441 687 1471 715 et
1488 681 1601 715 deinde
1613 681 1645 714 in
1660 681 1816 726 proximis
1832 681 1975 715 terminis

1234 734 1514 780 persolvendarum
1550 734 1739 778 pensionum
1773 744 1842 767 eam
1873 739 1974 768 ratam

1235 789 1292 821 sibi
1310 789 1474 829 retineant,
1487 787 1526 821 ad
1539 787 1694 821 rationem
1707 787 1816 821 decem
1828 797 1888 831 pro
1905 797 1977 821 cen-

1235 842 1365 882 tenario,
1384 842 1445 875 nisi
1468 841 1609 875 eiusdem
1633 841 1774 874 decimae
1790 841 1976 874 collectores

1234 902 1283 929 aut
1310 896 1555 930 subcollectores
1579 896 1618 929 ab
1643 895 1787 940 ipsismet
1811 895 1978 940 pensiona-

1235 949 1290 982 riis
1313 960 1383 983 eam
1408 949 1533 992 exigere
1558 949 1723 983 voluerint.

1279 1004 1294 1047 g*
1317 1004 1347 1037 3.
1366 1004 1575 1037 Decet-nentes
1590 1003 1692 1036 nullas
1711 1002 1840 1036 omnino
1863 1002 1978 1036 immu·
2016 1013 2083 1044 uuus
2101 1013 2176 1036 suar·-

1235 1057 1346 1090 nitates
1363 1063 1390 1090 et
1412 1057 1639 1101 exemptiones,
1655 1056 1749 1090 etiam
1765 1066 1802 1090 ex
1818 1058 1915 1090 causa
1930 1066 1977 1090 re-
1991 1041 2179 1099 {itibffi‘ffi

1235 1110 1430 1153 signationis,
1455 1110 1607 1144 cessionis
1630 1109 1758 1151 iuriam,
1779 1109 1977 1151 concordiae,
1991 1094 2178 1150 iiiim‘ffii‘uifm'

1235 1165 1460 1205 conventionis,
1478 1170 1531 1197 aut
1550 1174 1750 1210 quacumque
1765 1163 1826 1197 alia
1843 1163 1931 1208 grau*
1947 1168 1978 1197 et

1235 1220 1370 1252 onerosa
1387 1219 1562 1259 occasione,
1577 1229 1778 1264 quocumque
1794 1218 1890 1252 modo
1907 1228 1978 1252 con-

1235 1282 1353 1312 cessas,
1379 1276 1408 1304 et
1431 1271 1516 1305 dicto
1540 1272 1689 1306 sexennio
1713 1271 1846 1306 durante
1869 1281 1978 1306 conce-

1235 1325 1351 1358 dendas
1365 1325 1500 1368 (etiamsi
1515 1335 1726 1369 possessores,
1738 1325 1976 1366 usufructuarii,

1235 1384 1287 1411 aut
1312 1378 1364 1411 alii
1389 1378 1557 1422 pensiones
1582 1377 1763 1412 huiusmodi
1787 1377 1910 1411 solvere
1925 1378 1978 1411 ha-

1235 1432 1353 1473 bentes,
1367 1431 1428 1464 iuri
1441 1437 1471 1465 et
1484 1431 1599 1465 actioni
1616 1431 1769 1476 petendae
1783 1432 1831 1465 vel
1843 1431 1978 1465 retinen—

1234 1485 1291 1518 dae
1308 1486 1463 1529 portionis
1479 1491 1509 1519 et
1526 1491 1611 1519 ratae
1634 1486 1733 1530 partis
1757 1485 1977 1530 pensionarios

1235 1539 1444 1582 contingentis
1457 1539 1660 1573 iureiurando
1669 1539 1933 1580 renunciaverint,
1947 1543 1979 1572 et

1235 1594 1286 1626 illa
1298 1593 1397 1627 libere
1410 1593 1606 1633 donaverint,
1617 1604 1652 1627 ac
1666 1593 1804 1627 facultati
1814 1592 1976 1637 repetendi

1234 1646 1379 1681 similiter
1403 1647 1667 1687 renunciaverint,
1687 1657 1723 1680 ac
1748 1647 1780 1680 in
1804 1647 1906 1680 forma
1929 1655 1978 1680 ca-

1234 1710 1339 1733 merae
1364 1699 1554 1744 apostolicae
1582 1699 1777 1744 amplissima
1807 1699 1976 1743 caverint),

1233 1752 1361 1787 eosdem
1386 1753 1604 1797 pensionarios
1628 1752 1734 1797 aliquo
1762 1752 1858 1786 modo
1886 1763 1979 1786 excu-

1234 1817 1313 1848 sare,
1330 1818 1385 1840 seu
1410 1807 1565 1850 integram
1590 1806 1779 1840 solutionem
1796 1805 1977 1840 huiusmodi

1234 1861 1388 1901 minuere,
1406 1861 1453 1893 vel
1478 1860 1633 1904 impedire
1657 1870 1750 1904 posse
1758 1871 1766 1901 ;
1791 1860 1899 1904 sicque
1918 1869 1977 1904 per

1233 1925 1449 1958 quoscumque
1460 1913 1579 1947 iudices
1589 1919 1617 1946 et
1627 1913 1872 1954 commissarios,
1881 1913 1976 1948 etiam

1233 1978 1399 2001 causarum
1425 1968 1532 2012 palatii
1555 1967 1719 2012 apostolici
1747 1967 1917 2009 auditores,
1941 1978 1978 2002 ao

1234 2022 1262 2055 S.
1281 2022 1315 2055 P..
1335 2022 1366 2055 E.
1385 2021 1560 2055 cardinales
1577 2021 1670 2055 etiam
1689 2021 1727 2055 de
1743 2021 1841 2055 latere
1856 2021 1977 2066 legatos

1234 2075 1370 2118 (sublata
1383 2075 1438 2116 eis,
1448 2081 1476 2108 ct
1491 2085 1602 2109 eorum
1613 2075 1750 2116 cuilibet,
1764 2075 1873 2119 quavis
1885 2075 1978 2109 aliter

1236 2128 1390 2162 iudicandi
1413 2134 1442 2162 et
1466 2128 1691 2174 interpretandi
1712 2128 1857 2163 facultate
1873 2134 1904 2162 et
1924 2139 1978 2162 au-

1235 2183 1403 2226 ctoritate),
1427 2183 1559 2216 iudicari
1583 2188 1613 2216 et
1637 2182 1762 2216 definiri
1782 2182 1915 2224 debere,
1939 2192 1977 2216 ac

1235 2236 1360 2269 irritum
1378 2242 1408 2269 et
1428 2236 1519 2270 inane
1535 2236 1688 2280 quidquid
1705 2246 1795 2270 secus
1814 2245 1911 2281 super
1926 2235 1977 2269 his

1234 2300 1252 2322 a
1271 2300 1452 2333 quoquam,
1477 2289 1586 2333 quavis
1610 2289 1817 2331 anctoritate,
1841 2288 1977 2323 scienter

458 2343 658 2386 quotidianae
671 2343 692 2384 ¹,
717 2344 840 2389 aliaque
869 2344 1082 2377 emolumenta
1101 2372 1107 2382 ,
1137 2350 1199 2377 tam
1236 2343 1283 2376 vel
1300 2343 1494 2386 ignoranter,
1506 2342 1674 2385 contigerit
1687 2341 1842 2376 attentari.

2041 2409 2179 2434 neuin-nm

459 2401 544 2430 certa
560 2407 655 2440 quam
675 2397 804 2437 incerta,
820 2397 959 2430 valorem
977 2407 1116 2430 annuum
1133 2407 1202 2431 ceu-
1280 2397 1295 2439 g
1318 2395 1348 2429 lt.
1368 2397 1403 2430 Ut
1429 2400 1534 2429 autem
1559 2395 1739 2439 supradicta
1761 2394 1930 2438 diligenter
1945 2398 1977 2428 et
2022 2436 2028 2441 ·
2108 2437 2113 2442 .

459 2453 524 2483 tum
549 2456 711 2484 scutorum
737 2456 881 2484 monetae
912 2450 1037 2484 illarum
1062 2451 1200 2495 partium
1235 2449 1371 2483 fideliter
1395 2448 1596 2493 exequutioni
1615 2447 1853 2489 demandentur,
1868 2448 1978 2482 frater·
1991 2436 2180 2491 ῗιῗῗιῖῗοὲἑρξῗξῖ

458 2513 532 2536 vere
548 2509 578 2537 et
602 2504 728 2538 realiter
745 2514 807 2538 non
823 2504 987 2545 excedunt,
1003 2515 1201 2548 possessores
1235 2503 1363 2537 nitatem
1395 2508 1498 2543 tuam,
1523 2502 1613 2536 euius
1643 2502 1722 2535 fides
1752 2506 1783 2535 et
1810 2501 1978 2546 prudentia
1991 2490 2181 2539 :mac-impo-

458 2555 590 2590 arbitrio
614 2560 668 2591 tuo
692 2557 900 2598 remittimus,
925 2568 1006 2601 quos
1032 2558 1072 2590 ab
1096 2558 1202 2591 liuius·
1236 2557 1326 2591 nobis
1342 2557 1404 2590 iam
1422 2555 1546 2601 pridem
1563 2555 1688 2599 cognita
1704 2559 1734 2589 et
1749 2556 1883 2599 probata
1899 2555 1979 2589 exis-

459 2609 545 2643 modi
555 2609 750 2643 decimarum
759 2611 916 2645 solutione
928 2611 1048 2645 liberos
1059 2616 1089 2644 et
1100 2622 1201 2645 exem-
1217 2622 1219 2641 ι
1235 2612 1280 2653 tit,
1299 2617 1329 2645 et
1348 2622 1408 2655 pro
1426 2616 1566 2655 tempore
1583 2609 1767 2643 existentem
1784 2614 1930 2644 nostrum
1947 2611 1979 2644 et

495 2674 508 2701 1
524 2671 595 2701 Edit.
609 2672 689 2703 Maia.
705 2673 772 2710 tegit
785 2674 974 2711 quotidianas
989 2677 1030 2711 (n.
1045 2675 1093 2709 τ.).
1271 2673 1413 2704 1Verhum
1424 2674 1555 2703 volumus
1564 2681 1614 2703 nos
1623 2673 1758 2710 addimus,
1767 2677 1798 2703 ut
1806 2673 1873 2704 alibi
1882 2676 1920 2711 (a.
1927 2673 1977 2710 ²12).
