2293 3231
287 291 334 317 nn.
347 291 374 318 c.
398 291 462 319 ¹62¹
512 283 578 317 654

309 778 378 798 Caum

283 807 331 825 acta
347 807 379 825 est
398 804 418 824 ln
433 809 466 823 oa-

283 837 319 851 cra
352 835 466 855 congrega-

283 860 340 877 tione
357 862 465 883 ‘piscopo-

284 890 328 903 rum
343 886 362 903 et
386 883 466 908 regula·

284 916 344 930 [tum.

404 779 466 802 igitur

301 1523 358 1547 Quae
373 1523 471 1543 unionem

287 1550 396 1570 cunni-mai
403 1552 425 1569 it.

481 342 558 373 fines
577 351 686 373 eorum
705 339 841 372 mandati
859 338 1040 378 excessisse,
1059 338 1223 370 maiorem-

480 403 541 436 que
566 396 687 436 partem
711 391 933 433 religiosorum
965 389 1224 433 Congregationis

481 445 602 478 Siciliae
628 443 820 488 deputationi
845 449 875 476 et
899 443 1114 476 constitutioni
1138 454 1224 487 prae-

480 500 615 531 fatorum
641 502 884 541 procuratorum
910 507 972 530 non
999 497 1223 537 intervenisse,

480 551 692 595 nonnullaque
709 551 769 583 alia
787 550 963 584 necessaria
982 550 1021 583 ad
1039 550 1070 583 id
1085 550 1224 584 adliibila

479 615 542 638 non
566 605 682 645 fuisse,
716 603 979 647 praetendentes,
1011 604 1224 648 unionemqne

482 658 653 702 praefatam
677 658 796 690 nullam
821 667 887 691 csse
914 663 1103 700 asserentes)
1124 658 1176 691 se*
1197 658 1224 691 ei

481 717 706 754 opposuerunt.

526 766 541 807 g*
565 762 594 796 6.
611 764 724 804 Quare,
743 764 872 807 negotio
892 764 1075 797 huiusmodi
1100 764 1139 797 ab
1166 774 1223 797 eo-

482 817 552 850 dem
581 817 676 850 Paulo
703 817 949 861 praedecessore
977 817 1014 850 ad
1042 828 1222 860 congrega-

483 870 599 903 tionem
627 870 854 903 venerabilium
882 870 1016 903 fratrum
1041 875 1224 903 nostrorum

482 927 605 957 sanctae
638 923 796 956 Romanae
827 923 985 956 Ecclesiae
1017 923 1224 956 cardinalium

483 976 622 1020 negociis
646 977 870 1020 episcoporum
883 982 913 1009 et
931 976 1125 1020 regularium
1139 987 1227 1021 prae-

482 1030 656 1074 positorum
671 1031 813 1071 remisso,
824 1031 854 1063 in
867 1032 967 1074 eaque
977 1031 1029 1063 diu
1040 1036 1225 1075 matureque

482 1084 633 1124 discusso,
647 1084 789 1128 partibus
802 1084 888 1128 ipsis,
902 1084 1046 1117 videlicet
1059 1084 1181 1117 dilectis
1195 1086 1227 1117 ti-

485 1137 533 1170 liis
548 1137 699 1172 fratribus
713 1137 925 1181 praefatarum
940 1138 1225 1181 Congregationum

484 1191 589 1224 ltaliae
613 1196 641 1224 et
663 1191 807 1231 Siciliae,
837 1201 873 1224 ac
904 1191 999 1224 ctiam
1023 1191 1137 1224 dilecto
1161 1192 1226 1225 tilio

484 1244 590 1288 priore
607 1244 746 1287 generali
765 1244 858 1277 totius
874 1244 999 1278 Ordinis
1013 1245 1111 1277 sancti
1126 1246 1227 1288 Augu-

485 1297 568 1338 stini,
581 1307 755 1340 eorumque
768 1297 1032 1340 procuratoribus
1045 1303 1075 1330 et
1096 1298 1225 1331 advoca-

486 1350 534 1391 tis,
548 1350 644 1383 semel
658 1355 688 1383 et
705 1349 840 1394 pluries»²
856 1350 980 1390 auditis,
996 1350 1096 1383 bonae
1112 1361 1228 1384 memo-

486 1404 551 1437 riae
569 1404 684 1437 Ioanne
701 1403 781 1438 tituli
803 1404 899 1438 sancti
920 1404 1085 1437 Clementis
1102 1405 1228 1449 presby-

487 1464 554 1492 tero
566 1458 725 1491 cardinale
740 1458 854 1492 Bonsio
868 1464 1048 1502 nuncupato
1062 1460 1226 1500 referente,

531 1512 546 1556 ᾗ
563 1513 591 1545 7.
617 1511 731 1545 Eadem
749 1522 838 1544 sacra
855 1512 1059 1554 congregatio
1080 1512 1226 1545 unionem

486 1565 744 1608 Congregationis
760 1565 883 1598 Siciliae
900 1565 1142 1608 (Longi-egationi
1160 1566 1229 1598 reli-

486 1619 648 1662 giosorum
662 1618 760 1651 sancti
780 1618 946 1661 Augustini
963 1618 1227 1652 Discalceatorum

1070 290 1248 314 BULLARHJM
1272 289 1426 313 ROMANUM

1257 337 1371 380 lig-iosi‚
1388 336 1441 379 qui
1460 336 1490 368 in
1507 337 1543 368 ea
1564 341 1635 369 ante
1651 336 1801 369 unionem
1826 336 1998 381 praefatam

1258 389 1486 433 professionem
1510 389 1704 429 emiserunt,
1727 389 1766 421 ad
1793 400 1846 423 sex
1878 400 2000 423 menses

1257 442 1415 476 dumtaxat
1432 452 1449 475 a
1466 442 1678 476 notificatione
1692 442 1772 476 sacta
1784 443 1832 475 vel
1849 443 2000 482 facienda,

1258 496 1342 528 iuxta
1366 495 1529 529 decretum
1553 495 1654 529 dictae
1670 495 1925 538 congregationis
1941 496 2001 528 sub

1259 549 1369 582 ultima
1395 549 1577 582 novembris
1601 558 1697 582 unctx
1717 554 1748 581 et
1771 548 1840 582 eius
1863 548 1999 582 litteras*

1258 602 1316 635 sub
1330 612 1382 635 xix
1398 602 1575 635 decembris
1589 602 1745 635 mensium
1759 602 1870 635 diebus
1881 601 2002 636 mcxx*

1258 666 1413 689 annorum
1438 655 1579 689 eiusdem
1603 655 1744 697 Domini,
1761 656 1800 689 ad
1821 655 1897 689 alias
1921 655 2002 689 eius-

1258 710 1330 742 dem
1341 709 1467 744 Ordinis
1479 709 1742 753 congregationes
1753 709 1811 743 sub
1825 709 2003 743 obedientia

1259 763 1399 796 eiusdem
1417 763 1534 807 prioris
1558 763 1714 806 generalis
1738 763 1884 804 transire,
1897 763 1929 796 in
1941 763 2003 796 eis-

1259 827 1319 860 que
1337 816 1374 849 de
1395 822 1502 850 cetero
1521 817 1637 857 vivere,
1654 821 1684 850 et
1700 817 1828 850 illorum
1844 816 2003 859 regularia

1258 870 1399 902 instituta
1416 870 1586 903 observare
1605 875 1779 903 teneantur.
1796 869 1842 902 Illi
1857 879 1932 903 vero
1947 869 2004 903 hu-

1260 923 1394 958 iusmodi
1419 924 1552 968 professi
1577 929 1649 957 ante
1665 924 1824 964 unionem,
1837 923 1890 967 qui
1908 923 2002 956 talem

1259 977 1424 1010 transitum
1444 978 1548 1011 facere
1565 977 1733 1017 noluerint,
1747 982 1777 1010 et
1792 976 1855 1017 alii,
1868 976 1920 1020 qui
1934 981 2002 1020 post

1259 1031 1408 1064 unionem
1423 1031 1594 1075 praefatam
1611 1031 1642 1064 in
1654 1030 1936 1074 Congregationem
1955 1030 2004 1063 Di-

1260 1085 1486 1118 scalceatorum
1519 1084 1623 1118 Italiae
1655 1084 1714 1117 sub
1744 1083 1856 1117 eodem
1886 1083 2003 1117 vicario

1260 1137 1398 1180 generali
1425 1138 1655 1182 professionem
1687 1137 1879 1178 emiserunt,
1907 1137 1939 1170 in
1967 1140 2003 1171 ea

1260 1196 1415 1239 perpetuo
1439 1191 1584 1224 similiter
1607 1201 1773 1224 remanere
1795 1190 1943 1231 debeant,
1968 1200 2003 1224 ac

1260 1245 1353 1278 etiam
1380 1250 1552 1285 teneantur;
1577 1256 1614 1278 ac
1637 1244 1864 1288 superioritati,
1882 1244 2004 1277 iurisdi-

1261 1297 1354 1330 ctioni
1379 1303 1409 1330 et
1433 1297 1629 1331 obedientiae
1639 1297 1853 1342 ,superiorum
1869 1297 2005 1340 Congre-

1261 1351 1396 1393 gationis
1420 1351 1685 1384 Discalceatorum
1710 1350 1808 1384 sancti
1838 1350 2003 1394 Augustini

1261 1404 1365 1437 ltaliae
1391 1404 1571 1437 huiusmodi
1596 1404 1760 1437 subiacere
1781 1409 1944 1447 cogantur,
1968 1413 2004 1437 ac

1261 1457 1336 1490 alias
1361 1463 1455 1501 prout
1483 1458 1515 1490 in
1543 1458 1670 1491 decreto
1702 1457 1804 1491 dictae
1835 1467 2005 1501 congrega-

1262 1511 1369 1551 tionis,
1394 1511 1484 1544 cuius
1510 1517 1634 1545 tenores
1658 1511 1878 1555 praesentibus
1895 1511 2004 1544 haberi

1261 1565 1406 1598 volumus
1424 1576 1482 1609 pro
1496 1565 1664 1610 expressis,
1679 1565 1772 1598 etiam
1792 1565 1915 1608 plenius
1935 1574 2006 1598 con-

1261 1618 1384 1652 [inetur.

2013 287 2104 315 An.C.
2126 288 2190 317 ¹821

487 1672 612 1712 ltaliae,
649 1677 682 1704 ut
717 1671 893 1716 praefertur
929 1668 1063 1711 factam,
1094 1671 1227 1704 validam

486 1735 553 1758 esse
577 1725 708 1765 censuit,
733 1734 864 1768 eamque
895 1724 1109 1763 confirmavit;
1136 1730 1228 1768 atque

485 1779 654 1812 declaravit
675 1777 871 1822 supradictas
895 1778 1015 1810 litteras
1039 1778 1230 1812 fundationis

1305 1672 1320 1715 ἓ
1345 1670 1374 1704 8.
1400 1671 1476 1704 Cum
1501 1677 1605 1704 autem
1622 1698 1629 1712 ‚
1654 1671 1734 1704 sicut
1758 1671 1867 1704 eadem
1893 1671 2003 1716 petitio
2018 1674 2204 1730 gfjiegiffigtggffi

1261 1725 1482 1768 subiungebat,
1502 1726 1551 1759 ut⁸
1567 1736 1602 1758 ea
1623 1735 1703 1769 quae
1721 1735 1738 1758 a
1754 1725 1847 1759 nobis
1871 1730 1902 1759 et
1925 1725 2004 1759 Sede
2018 1727 2204 1778 {{‡5‡g⁰⁰{2„‘4¹2‡1

1262 1779 1402 1823 praefata
1426 1778 1654 1812 confirmantur
1671 1784 1701 1812 et
1720 1779 1938 1823 approbantur
1952 1779 2006 1812 fir·
2019 1783 2079 1805 mri-

486 1839 515 1866 ct
539 1832 708 1866 erectionis
724 1831 984 1875 Congregationis
1005 1831 1130 1865 Siciliae
1147 1833 1228 1866 eius-

485 1886 557 1920 dem
582 1886 668 1920 Pauli
693 1885 948 1930 praedecessoris
973 1885 1031 1918 sub
1048 1886 1158 1919 eadem
1180 1886 1230 1919 die

486 1951 566 1975 xxm
590 1940 663 1974 maii
688 1950 809 1974 uncvni
834 1940 1014 1974 huiusmodi
1038 1950 1095 1984 per
1115 1940 1230 1974 dictam

488 1995 635 2028 unionem
649 1994 818 2038 expirasse,
832 1993 1011 2038 nulliusque
1024 1993 1151 2027 roboris
1164 2005 1230 2028 esse

488 2053 518 2081 et
534 2049 611 2089 fore,
628 2053 658 2081 et
678 2049 791 2081 fratres
807 2047 930 2081 Siciliae
950 2058 984 2081 ae
1005 2048 1110 2081 Italiae
1128 2048 1233 2081 huius—

489 2100 842 2144 modiCongregationis
856 2101 1120 2134 Discalccatorum
1135 2101 1231 2134 sancti

490 2153 655 2197 Augustini
678 2164 773 2187 unam
793 2154 999 2198 eamdemque
1014 2154 1234 2197 Congregatio-

491 2218 562 2241 nem
575 2207 688 2248 facere,
703 2207 750 2240 et³
763 2208 820 2240 sub
835 2207 945 2240 eadem
958 2207 1148 2249 obedientia,
1162 2208 1234 2251 legi-

493 2262 559 2302 bus,
576 2261 862 2301 constitutionibus,
877 2261 1008 2303 statulis‚
1023 2261 1155 2301 iuribus,
1173 2261 1234 2305 pri-

492 2316 613 2359 vilegiis
630 2321 660 2349 et
677 2315 928 2360 quibuscumque
949 2315 1028 2356 aliis,
1046 2315 1112 2349 sinc
1129 2315 1234 2359 aliqua

491 2369 667 2403 differentia
691 2379 793 2413 neque
817 2369 1085 2413 particularitate,
1112 2369 1142 2401 in
1168 2379 1236 2412 per-

492 2428 620 2466 petuum
646 2433 713 2456 esse
738 2427 767 2455 et
792 2422 868 2463 fore,
894 2422 1147 2466 quibuscumque
1172 2432 1234 2456 non

492 2475 697 2509 obstantibus.
723 2476 766 2509 lta
791 2479 910 2516 tamen,
937 2480 969 2508 ut
993 2485 1102 2508 omnes
1123 2480 1151 2508 et
1176 2475 1237 2508 sin-

493 2528 558 2571 guli
577 2528 836 2572 Congregationis
853 2528 975 2561 Siciliae
993 2527 1173 2562 huiusmodi
1190 2539 1237 2562 re-

531 2609 541 2634 l
559 2608 703 2644 Perperam
715 2608 780 2635 edit.
799 2608 880 2635 Main.
898 2607 962 2643 legit
974 2609 1023 2635 sed
1038 2615 1085 2644 pro
1100 2616 1127 2636 se
1143 2608 1233 2644 (nm).

529 2651 546 2678 2
561 2652 678 2679 Erronee
694 2652 757 2679 edit.
775 2651 852 2679 Main.
870 2652 935 2687 legit
946 2651 1044 2686 plures
1060 2653 1096 2687 (n.
1115 2652 1163 2687 12).

531 2695 548 2721 3
564 2694 724 2723 Particulam
740 2699 766 2723 et
781 2704 828 2724 nos
843 2696 967 2723 addimus
981 2696 1016 2731 (n.
1034 2697 1082 2730 τ.).

1263 1832 1344 1865 mius
1367 1832 1558 1873 subsistant,
1581 1837 1611 1865 et
1641 1832 1680 1864 ab
1705 1832 1851 1865 omnibus
1874 1832 2005 1866 inviola-

1262 1886 1357 1919 bilius
1371 1886 1590 1926 observentur,
1602 1896 1660 1929 pro
1680 1890 1768 1929 parte
1781 1885 2006 1929 religiosorum

1262 1939 1366 1983 primo
1384 1939 1485 1972 dictae
1501 1938 1760 1982 Congregationis
1777 1938 1868 1972 nobis
1880 1938 1939 1972 fuit
1951 1938 2006 1972 hu·

1265 1993 1381 2025 militer
1405 1992 1635 2036 supplicatum,
1664 1997 1819 2036 quatenus
1842 1991 2006 2025 decretum

1264 2046 1459 2090 praedictum
1477 2045 1656 2090 approbare
1672 2051 1701 2079 et
1718 2045 1918 2087 confirmare,
1927 2045 2009 2079 aliis-

1265 2111 1325 2143 qne
1343 2100 1374 2133 in
1394 2099 1576 2144 praemissis
1593 2105 1772 2144 opportune
1784 2099 1952 2144 providere
1967 2099 2006 2132 de

1265 2153 1456 2197 benignitate
1480 2153 1650 2198 apostolica
1674 2153 1896 2197 dignaremur:

1311 2208 1368 2251 gt).
1387 2207 1449 2240 Nos
1466 2207 1572 2250 igitur,
1585 2207 1639 2251 qui
1656 2206 1910 2240 christifidelium
1930 2215 2006 2249 quo-

1267 2260 1415 2294 rumlibet
1439 2260 1598 2294 Altissimo
1626 2261 1812 2304 praesertim
1836 2260 1896 2293 sub
1918 2269 2006 2293 suavi

1268 2314 1429 2357 religionis
1445 2314 1519 2357 iugo
1540 2314 1756 2348 famulantium
1781 2319 1852 2347 vota
1875 2312 2007 2346 inviola-

1267 2367 1372 2401 biliter
1406 2367 1589 2408 observari,
1614 2378 1650 2400 ac
1675 2367 1706 2399 in
1730 2367 1775 2401 eis
1809 2376 1880 2399 cum
1911 2365 2007 2405 animi

1268 2420 1493 2464 tranquillitate
1517 2419 1722 2464 perseverari,
1736 2418 1866 2452 sinceris
1885 2418 2008 2452 deside-

1268 2484 1375 2506 ramus
1390 2473 1564 2514 affectibus,
1581 2473 1684 2517 primo
1703 2472 1818 2506 dictam
1833 2471 2008 2515 Congrega-

1268 2526 1386 2560 tionem
1405 2537 1441 2560 ac
1471 2536 1581 2571 omnes
1611 2531 1641 2558 et
1665 2525 1806 2569 singulos
1831 2525 1915 2558 illius
1939 2525 2008 2558 reli-

1306 2609 1314 2633 ¹
1334 2603 1481 2642 Per-peram
1497 2606 1560 2633 edit.
1577 2606 1658 2633 Main.
1676 2605 1740 2641 legit
1754 2605 1858 2634 litteris
1872 2606 1909 2641 (n.
1926 2605 1975 2640 τ.).

1303 2651 1319 2678 2
1334 2651 1387 2678 Has
1397 2651 1500 2678 litteras
1510 2649 1594 2677 habes
1603 2650 1630 2677 in
1642 2653 1706 2678 tom.
1717 2657 1755 2684 xi,
1771 2658 1833 2686 pag.
1847 2650 1896 2678 411
1909 2650 2004 2687 (nm).

1303 2696 1319 2723 3
1329 2695 1464 2723 Particula
1476 2697 1507 2724 uc
1522 2698 1630 2730 praeter
1643 2703 1701 2723 rem
1712 2702 1771 2723 esse
1783 2695 1888 2723 videtur
1902 2696 1942 2731 (n.
1954 2694 2003 2730 12).

2034 2209 2146 2240 Confirmat
2155 2208 2203 2231 Gr·-

1999 2258 2005 2264 ,
2021 2241 2100 2264 gorius,
