2293 3231
233 264 284 288 Αιι.
305 261 335 286 c.
352 257 417 287 16²¹
467 246 532 284 538
1004 248 1187 276 nmmum!
1210 248 1367 274 nomm

1964 246 2016 276 An.
2037 244 2066 274 G.
2084 243 2147 276 {621

279 323 418 345 caunum-
478 307 493 351 ἓ
513 305 542 340 1.
561 304 707 339 Exhibita
723 301 879 346 siquidem
896 298 988 335 nobis
1003 309 1106 343 nuper
1118 309 1178 343 pro
1194 302 1196 304 '
1211 305 1420 342 personarum
1445 306 1553 337 more,
1577 295 1686 341 eisque
1707 294 1899 339 promiscui,
1923 292 1955 329 in

233 352 321 426 {22:¹5⁶
340 350 419 398 ..h'ss'liff
434 365 522 406 parte
543 356 647 392 dilecti
668 356 723 390 tilii
744 353 936 389 Constantini
961 351 1110 392 Caietani,
1127 351 1179 384 ab·
1211 349 1348 395 publicis
1363 348 1521 394 hospitiis,
1537 353 1632 393 atque
1648 349 1742 382 etiam
1757 347 1954 393 privatorum

241 411 281 430 0⁸1!

433 413 514 447 batis
542 409 725 445 monasterii
755 408 853 441 sancti
881 405 1028 446 Bai-omi,
1053 404 1179 439 Ordinis

435 465 532 500 sancti
565 462 742 503 Benedicti,
775 460 976 496 pistoriensis
1008 459 1179 499 dioecesis,

435 515 694 562 Congregationis
710 513 913 555 Cassinensis,
927 512 1091 546 familiaris
1109 521 1181 545 con-

435 571 514 605 tinui
540 568 762 604 commensalis
781 566 892 608 nostri,
910 565 1019 611 petitio
1043 564 1183 599 contine·

436 626 508 666 bat,
531 623 616 669 quod
641 623 733 666 (licet
757 622 840 655 inter
864 631 974 655 omnes
999 619 1182 664 disciplinae

437 677 594 723 regularis
623 676 751 710 ordines
775 676 801 709 is
827 675 963 708 maxime
992 673 1182 718 conspicuus

437 742 506 766 esse
530 730 745 775 dignoscatur,
767 728 821 773 qui
842 739 861 762 a
880 732 988 762 sancto
1014 726 1183 760 Benedicto

437 786 552 820 abbate
577 783 735 824 fundatus,
759 781 1040 826 saluberrimisque
1064 780 1185 814 institu-

438 840 478 874 tis
491 838 634 874 excultus
650 843 697 872 est
705 848 714 878 ;
731 842 762 870 et
781 846 877 882 quem
897 836 972 869 olim
991 839 1037 869 tot
1053 834 1186 879 impera-

439 899 535 934 tores,
556 895 603 926 tot
621 901 723 935 reges,
744 894 789 925 tot
813 889 920 929 duces,
945 892 989 923 tot
1013 888 1184 934 principes,

439 945 600 992 regalibus
624 944 769 990 sceptris,
793 953 1042 988 regnorumque,
1062 947 1093 976 et
1115 952 1186 987 pro-

440 1001 617 1036 vinciarum
638 998 864 1044 gubernaculis
889 997 1051 1042 depositis,
1069 996 1187 1040 ingres-

441 1065 492 1089 sos
509 1054 614 1094 fuisse,
632 1052 791 1097 vitamque
808 1052 1014 1086 monasticam
1032 1050 1064 1084 in
1078 1061 1115 1084 eo
1133 1050 1192 1082 du·-

441 1109 536 1150 insse,
558 1118 594 1142 ac
611 1118 648 1141 ex
665 1117 728 1153 quo
748 1110 794 1140 tot
818 1105 986 1149 religiosos
1006 1105 1038 1137 in
1063 1109 1187 1137 sanetae

441 1164 601 1199 Romanae
614 1161 773 1196 Ecclesiae
790 1160 965 1194 cardinales
981 1164 1011 1192 et
1030 1159 1188 1204 praelatos

442 1222 633 1262 assumpt05‚
657 1220 766 1260 totque
791 1214 829 1247 ad
854 1212 969 1247 summi
994 1212 1187 1257 apostolatus

443 1270 566 1316 apicem
586 1274 710 1304 evectos
731 1268 826 1301 fuisse
847 1271 978 1308 constat,
994 1272 1029 1299 ut
1045 1266 1140 1309 longa
1159 1271 1187 1298 et

445 1324 626 1359 continuata
647 1323 821 1356 multorum
839 1321 1019 1354 seculorum
1038 1320 1119 1353 serie
1137 1320 1190 1353 Ec—

445 1378 541 1413 clesia
557 1378 626 1422 ipsa
641 1377 745 1410 nullos
762 1376 850 1416 alios,
865 1385 960 1419 quam
979 1374 1114 1407 familiae
1132 1374 1189 1407 Be-

446 1431 622 1466 nedictinae
655 1429 818 1470 alumnos,
849 1430 997 1463 Summos
1023 1427 1190 1461 Pontifices

446 1485 608 1524 babuerit;
634 1495 671 1518 ex
695 1494 797 1529 eoque
821 1483 882 1516 iam
903 1483 941 1516 ab
964 1481 1191 1526 antiquissimis

447 1539 645 1585 temporibus
665 1537 844 1572 admirabili
865 1536 1009 1571 doctrina
1030 1542 1061 1569 et
1080 1536 1192 1569 sancti-

447 1599 511 1628 tate
527 1592 659 1639 praediti
674 1592 732 1625 viri
747 1601 845 1636 prope
860 1590 1107 1624 innumerabiles
1123 1600 1193 1634 pro-

449 1648 593 1690 dierunt)
611 1646 815 1680 nihilominus
832 1655 942 1680 omnes
960 1643 1117 1684 monaehi,
1135 1643 1192 1676 sub

449 1700 563 1734 vexillo
587 1700 662 1733 dieti
687 1699 812 1734 Ordinis
834 1698 933 1732 sancti
958 1697 1119 1732 Benedicti
1140 1697 1194 1730 mi-

449 1755 584 1795 litantes,
604 1764 668 1788 non
692 1753 745 1787 uni
766 1759 795 1787 et
815 1753 917 1787 eidem
943 1752 1099 1797 superiori
1124 1751 1195 1784 sub·
1221 1783 1224 1785 Α

451 1814 540 1849 sunt,
571 1808 626 1842 sed
651 1808 682 1842 in
711 1807 869 1852 aliquibus
902 1806 1086 1851 regionibus
1115 1816 1191 1850 par-

450 1862 631 1897 ticularium
668 1861 935 1895 monasteriorum
967 1859 1134 1894 abbatibus
1165 1864 1194 1891 et

451 1917 624 1962 prioribus,
642 1916 673 1949 in
693 1916 762 1949 aliis
779 1926 854 1949 vcro
874 1914 1066 1948 Cassinensis
1090 1913 1194 1960 etiam,

453 1971 484 2004 in
505 1970 574 2003 aliis
594 1970 727 2003 aliarum
749 1968 1032 2012 congregationum
1058 1966 1197 2011 superio-

453 2024 543 2058 ribus
560 2023 702 2057 subsunt.
721 2023 757 2056 Et
775 2022 847 2056 ltine
860 2022 905 2063 tit,
919 2028 962 2062 ut,
976 2032 1047 2054 cum
1066 2021 1096 2053 in
1115 2021 1196 2053 alm-‘i

454 2077 539 2112 Urbe
561 2078 670 2111 nostra
696 2077 819 2109 nullum
837 2076 967 2120 praefati
989 2074 1195 2115 Ordinis‚nisi

453 2131 612 2177 praefatae
631 2129 893 2173 Congregationis
916 2128 1109 2162 Cassinensis
1129 2138 1198 2161 coe-

454 2184 583 2219 nobium
609 2194 664 2218 seu
688 2183 844 2226 regularis
868 2184 954 2216 loeus
979 2182 1098 2222 existat,
1120 2181 1198 2215 eius-

455 2238 526 2272 dem
552 2237 677 2272 Ordinis
704 2235 862 2276 monaclii,
883 2236 935 2279 qui
961 2235 999 2268 ad
1025 2235 1120 2275 illam,
1145 2234 1197 2267 de-

456 2291 591 2326 votionis
623 2301 678 2325 seu
702 2290 968 2335 peregrinationis
993 2299 1028 2322 ae
1054 2289 1196 2321 liminum

456 2345 672 2390 apostolorum
697 2343 924 2377 visitandorum
950 2353 1004 2375 seu
1030 2341 1124 2375 etiam
1149 2351 1198 2375 ne-

457 2399 617 2444 gotiorum
643 2398 691 2431 vel
716 2397 893 2430 studiorum
918 2398 1023 2437 causa,
1044 2406 1081 2428 ex
1103 2395 1200 2429 omni—

457 2452 518 2487 bus
541 2451 704 2486 christiani
729 2450 815 2484 orbis
840 2449 984 2494 partibus
1008 2450 1200 2482 incessanter

459 2507 629 2547 confluunt,
643 2505 668 2539 si
686 2506 843 2551 praefatae
856 2503 1116 2547 Congregationis
1133 2503 1201 2537 Cas-

460 2559 590 2594 sinensis
610 2569 673 2593 non
693 2564 765 2593 sunt
776 2558 795 2599 ¹,
810 2568 874 2592 non
895 2557 989 2592 modo
1010 2555 1199 2591 secularium

499 2632 506 2658 t
534 2630 588 2658 llac
611 2630 693 2658 verba
717 2639 776 2658 non
799 2633 868 2659 sunt
891 2629 1017 2658 addenda
1045 2628 1202 2656 censuimus

461 2676 498 2710 (a.
515 2675 562 2709 τ.).

1212 403 1342 436 aedibus
1363 403 1481 443 vivant;
1501 402 1578 448 quin
1597 401 1692 435 etiam
1711 401 1866 447 plerique,
1885 411 1957 436 con-

1213 456 1347 501 sumptis
1365 457 1398 490 in
1417 455 1602 502 longinquis
1627 454 1793 490 itineribus
1817 458 1848 490 et
1864 465 1957 500 pere·

1214 509 1456 554 grinationibus,
1480 509 1546 543 sive
1569 508 1722 553 negotiis,
1746 518 1824 553 quas
1847 518 1958 553 aspor—

1215 568 1366 604 taverant,
1378 562 1532 607 pecuniis,
1544 561 1583 596 ad
1601 562 1739 607 inopiam
1758 561 1889 603 redacti,
1904 571 1961 596 seu

1216 618 1328 652 morbo
1339 616 1445 662 aliquo
1459 616 1611 662 correpti,
1623 616 1772 658 ostiatim,
1786 615 1825 649 ad
1838 615 1960 660 singula

1215 672 1411 717 privatarum
1428 671 1553 705 aedium
1569 670 1722 705 vestibula
1739 680 1811 704 cum
1825 669 1961 704 maxima

1217 726 1412 760 monachalis
1425 725 1552 760 habitus
1562 730 1655 770 atque
1665 730 1762 758 status
1776 723 1962 765 indecentia,

1217 779 1485 823 sacerdotalisque
1502 778 1664 822 dignitatis
1680 776 1863 823 vilipendio,
1880 786 1964 811 men·

1218 834 1324 868 dicare
1355 838 1527 877 cogantur,
1552 832 1605 865 alii
1629 831 1740 873 etiam,
1764 830 1849 876 quod
1873 830 1965 876 peius

1219 892 1275 929 est,
1289 899 1325 921 ex
1340 887 1457 921 rubore
1472 892 1503 920 et
1515 885 1707 920 verecundia
1723 883 1846 930 proprii
1866 888 1964 918 status

1219 947 1249 975 et
1274 940 1495 981 mendicitatis,
1520 939 1708 983 religiosum
1733 938 1876 972 habitum
1900 947 1967 972 non

1220 995 1286 1029 sine
1315 995 1403 1039 gravi
1436 993 1591 1028 laicorum
1624 992 1772 1027 scandalo
1796 991 1966 1037 deponant..

1219 1050 1361 1090 Quorum
1381 1048 1539 1083 infelicem
1560 1053 1678 1081 statum
1698 1047 1800 1081 dictus
1820 1046 1969 1081 Constan-

1222 1104 1306 1137 tinus
1326 1103 1432 1144 abbas,
1450 1101 1494 1135 sic
1519 1102 1551 1135 in
1575 1101 1658 1135 alma
1678 1101 1763 1135 Urbe
1786 1102 1894 1135 nostra
1921 1110 1967 1134 re-

1221 1158 1337 1199 sidens,
1361 1157 1498 1191 sraterna
1515 1161 1610 1201 atque
1626 1155 1797 1189 christiana
1813 1154 1967 1189 charitate

1222 1211 1400 1251 miseratus,
1420 1210 1547 1244 tandem
1567 1209 1664 1243 animi
1685 1209 1909 1253 cogitationem
1928 1209 1967 1242 ad

1222 1265 1438 1311 operosiorem
1459 1270 1489 1298 et
1508 1264 1742 1298 diuturniorem
1770 1263 1868 1297 immo
1892 1273 1968 1298 vero

1224 1325 1408 1364 perpetuam
1422 1324 1646 1353 extraneorum
1659 1318 1787 1351 illorum
1798 1317 1969 1352 monacho-

1223 1384 1294 1407 rum
1331 1373 1527 1406 confratrum
1560 1382 1691 1405 suorum
1728 1370 1967 1405 subventionem

1225 1427 1383 1467 attollens,
1409 1427 1458 1459 his
1482 1424 1692 1460 incommodis
1717 1427 1897 1470 opportuna
1920 1435 1970 1459 ra—

1225 1481 1309 1515 tione
1326 1480 1503 1515 remedium
1524 1479 1630 1513 afferri
1650 1489 1743 1524 posse
1760 1477 1923 1522 cogitavit,
1943 1479 1968 1512 si

1226 1536 1257 1568 in
1277 1535 1358 1568 dicta
1376 1534 1459 1568 Urbe
1480 1533 1609 1578 aliquod
1633 1531 1806 1578 hospitium
1829 1542 1886 1566 seu
1907 1532 1970 1567 col-

1226 1589 1345 1633 legium
1366 1589 1418 1633 (in
1437 1598 1500 1632 quo
1520 1597 1631 1621 omnes
1650 1586 1798 1621 monachi
1818 1586 1894 1620 dicti
1912 1585 1970 1621 Or-

1227 1643 1308 1676 dinis
1316 1652 1591 1687 quarumcumque
1602 1646 1781 1675 exterarum
1792 1640 1970 1685 regionum,

1227 1697 1359 1730 Romam
1384 1695 1578 1737 devotionis,
1603 1705 1657 1728 seu
1681 1694 1897 1738 negotiorum,
1922 1695 1971 1729 vel

1228 1750 1404 1784 studiorum
1429 1751 1522 1784 causa
1546 1749 1761 1790 adventantes,
1777 1748 1971 1794 recipiantur

1228 1809 1258 1837 et
1282 1803 1467 1846 convivunt)
1491 1803 1681 1836 instituatur.

1273 1859 1288 1903 g
1313 1859 1342 1892 ΕΖ.
1368 1858 1498 1903 Ilocque
1515 1868 1572 1891 suo
1589 1855 1721 1891 consilio
1737 1855 1971 1891 venerabilibus
1986 1894 1997 1910 e
2013 1860 2129 1910 'gnum
2142 1861 2173 1912 ff

1229 1912 1379 1946 fratribus
1403 1911 1530 1950 nostris,
1554 1909 1732 1944 Alexandro
1757 1909 1907 1955 episcopo
1923 1911 1972 1945 Al·
1987 1896 2011 1962 [υ
2047 1943 2051 1946 .
2072 1893 2146 1965 3:2⁰⁵
2165 1900 2174 1907 ”

1229 1963 1357 1997 bunensi
1371 1962 1530 2003 Montalto,
1541 1962 1698 2007 praefatae
1711 1960 1972 2005 Congregationis
1987 1948 2175 1992 iiffi'ssonnssniil

1229 2017 1430 2058 cassinensis,
1445 2027 1566 2050 necnon
1580 2015 1708 2050 Octavio
1720 2015 1870 2060 episcopo
1883 2015 1973 2050 Prae-
1987 1995 2175 2070 {fnsszbeffieffii’o'

1230 2071 1353 2105 nestino
1378 2071 1518 2104 Bandino
1542 2070 1742 2114 nuncupatis,
1766 2074 1891 2103 sanctae
1914 2069 1974 2103 Ro·
1987 2049 2175 2123 'cissssffssaim'iff

1233 2136 1341 2158 manae
1366 2125 1524 2158 Ecclesiae
1549 2123 1773 2164 cardinalibus,
1792 2123 1973 2167 Congrega·
1989 2108 2176 2161 tffimssfffffit'

1232 2179 1325 2212 tionis
1344 2178 1572 2212 Bursseldensis
1592 2176 1623 2211 in
1644 2176 1812 2212 Germania
1833 2175 1973 2211 eiusdem
1989 2159 2087 2205 mmm
2117 2156 2176 2179 ''u’‘

1232 2232 1356 2267 Ordinis
1380 2231 1553 2276 respective
1577 2230 1820 2276 protectoribus,
1837 2240 1976 2264 eommu-

1232 2287 1346 2327 nicato,
1367 2297 1438 2319 cum
1459 2296 1513 2319 eos
1533 2295 1595 2318 non
1616 2284 1846 2329 approbatores
1870 2282 1975 2324 modo,

1233 2341 1287 2373 sed
1311 2340 1354 2384 pii
1385 2340 1517 2373 huiusce
1541 2339 1588 2372 sui
1613 2338 1766 2383 propositi
1797 2336 1976 2372 laudatores

1234 2394 1412 2435 habuisset,
1439 2393 1471 2426 in
1495 2403 1564 2426 eam
1592 2402 1660 2426 rem
1692 2390 1839 2425 alacriori
1872 2390 1976 2425 studio

1234 2447 1293 2481 sibi
1317 2447 1564 2482 incumbendum
1589 2451 1687 2487 ratus,
1712 2444 1750 2478 ab
1771 2443 1883 2478 eodem
1910 2443 1977 2478 Ale-

1234 2501 1354 2535 xandro
1372 2501 1520 2545 episcopo
1533 2497 1691 2533 cardinale
1704 2498 1823 2531 litteras
1836 2501 1977 2543 patentes

1234 2555 1385 2589 obtinuit:
1410 2554 1524 2598 quibus
1549 2552 1632 2585 idem
1655 2550 1831 2586 Alexander
1855 2551 1977 2596 episco-

1235 2619 1293 2654 pus
1318 2608 1486 2642 cardinalis
1509 2607 1554 2648 ei,
1575 2610 1735 2639 reservato
1760 2610 1866 2638 tamen
1889 2603 1978 2639 Sedis

1234 2662 1432 2708 Apostolicae
1448 2659 1656 2705 heneplacito,
1674 2662 1709 2695 ut
1725 2659 1758 2692 in
1776 2668 1976 2704 quocumque

1987 1915 2060 1937 tuendi
2100 1915 2140 1938 ho·
2156 1917 2173 1939 l·
