2293 3231
562 272 624 306 872

513 335 564 368 Vl.
596 335 774 375 l’rixitegia.
805 330 944 365 indulta.
968 331 1100 374 gratiae,
1129 329 1259 363 faculta-

603 394 648 421 tes
669 393 696 419 rt
724 387 945 429 exemptiones
970 393 1140 418 concessae
1167 382 1258 416 cubi-

603 441 746 475 enlariis.
775 441 828 483 qni
863 439 1025 471 sanctitati
1051 439 1133 471 Suae
1160 439 1259 470 inser-

603 494 748 534 xiebant,
778 492 852 526 50⁹.

605 549 793 583 Decernitur
810 548 842 580 In
863 545 986 581 Ordine
1007 546 1108 579 sancti
1129 545 1258 579 Antonii

603 603 642 635 (te
656 605 764 636 sancto
782 600 918 634 Antonio
932 599 1126 633 Viennensis
1138 608 1199 632 non
1209 598 1260 632 ad-

608 658 684 689 mitti
711 665 802 699 posse
829 654 982 694 novitios,
1010 654 1071 686 nisi
1097 654 1258 686 luramcn-

603 714 665 743 tum
692 709 904 752 praestiterint
924 706 963 739 (Ie
985 706 1144 740 servanda
1161 707 1259 739 resor-

602 765 750 803 mallone,
779 771 875 805 quam
900 760 999 794 abbas
1024 759 1186 804 generalis
1209 761 1258 793 in-

603 816 746 855 ‹lim-rit,
776 816 849 848 519.

621 869 773 903 [nivei-so
799 867 913 902 Ordini
939 868 1144 900 eremitarum
1160 867 1260 900 sancti

604 923 772 967 Augustini
799 923 894 955 etiam
915 922 1079 966 utriusque
1099 931 1195 955 sexus
1213 922 1261 954 in-

604 976 725 1010 dultum
739 975 928 1009 conceditur
942 973 1126 1008 celebrandi
1145 974 1259 1008 festum

603 1032 701 1063 sancti
717 1029 855 1063 Thomae
873 1028 911 1062 de
930 1027 1098 1062 villanova
1118 1037 1190 1062 cum
1215 1027 1260 1061 of-

604 1085 674 1117 ticio
695 1087 725 1116 ct
742 1084 852 1123 missa,
881 1082 955 1115 519.

517 1138 568 1170 lx.
594 1137 639 1170 De
666 1135 865 1170 facultatibus
885 1139 1012 1169 sanctae
1030 1143 1180 1169 romanae
1200 1132 1260 1167 Ec-

604 1192 721 1223 clesiae
746 1188 916 1223 cardinalis
942 1190 1120 1230 camerarii,
1142 1187 1216 1221 520.

520 1245 554 1276 X.
566 1243 691 1277 Erectio
703 1242 966 1286 Congrcgationis
979 1243 1078 1275 sancti
1094 1241 1193 1275 Mauri
1205 1239 1262 1275 Or-

605 1298 688 1330 dinis
701 1299 800 1330 sancti
816 1297 979 1329 Benedicti
995 1298 1025 1329 in
1040 1295 1160 1336 Galliis,
1183 1295 1257 1328 533.

517 1353 566 1385 XI.
588 1352 713 1385 Erectio
731 1351 858 1395 hospitii
880 1355 908 1384 et
930 1350 1055 1394 collegii
1073 1350 1260 1393 Gregoriani

604 1407 635 1438 in
662 1405 746 1438 [rho
768 1415 825 1449 pro
846 1406 1004 1438 universis
1022 1404 1186 1437 monachis
1203 1402 1262 1437 sub

605 1459 716 1503 regula
735 1461 835 1493 saneti
855 1459 1019 1492 Benedicti
1040 1457 1258 1499 militantibus,

607 1523 666 1546 una
689 1523 759 1547 eum
781 1513 1022 1558 privilegiorum
1044 1514 1262 1554 concessione,

610 1568 684 1600 537.

612 1620 815 1654 Confirmatio
845 1621 1022 1654 sententiae
1049 1619 1129 1654 latae
1155 1621 1262 1654 favore

606 1684 752 1707 camerac
779 1675 970 1718 apostolicae
1000 1675 1030 1707 in
1056 1675 1165 1718 regnis
1193 1674 1264 1708 His-

607 1729 771 1771 paniarum
789 1731 896 1761 contra
921 1727 1059 1760 Iudicem
1084 1729 1191 1762 curiae
1216 1737 1261 1761 ar·

606 1782 851 1826 rhiepiscopalis
866 1782 1064 1826 Hispalensis
1079 1783 1265 1816 iurisdietio-

611 1846 680 1869 nem
690 1836 984 1880 sodisApostolteae
996 1836 1264 1878 lafflentcmffiss.

521 1890 598 1924 Xlll.
629 1890 771 1923 Fan-ultas
785 1891 870 1923 clero
888 1892 979 1934 regni
1002 1890 1148 1924 roloniae
1170 1895 1199 1924 ct
1217 1900 1265 1923 ar-

608 1943 812 1988 chiepiscopo
833 1944 1023 1987 Gnesnensi,
1046 1948 1079 1978 nt
1099 1945 1166 1988 regi
1189 1943 1264 1978 sub-

608 1998 724 2031 sidium
750 2002 911 2042 praestare
937 2000 1075 2043 possint,
1101 1999 1175 2032 546.

523 2051 597 2084 XIV.
623 2053 683 2085 Sex
709 2052 851 2086 decimae
877 2061 934 2086 sex
961 2054 1051 2086 annis
1077 2054 1264 2097 persolven-

608 2106 666 2138 (lac
700 2107 730 2138 ln
765 2106 913 2140 dominiis
948 2107 1051 2140 Caroli
1081 2107 1265 2142 Emanuclis

609 2158 785 2193 §abaudiac
803 2160 894 2194 ducis
916 2171 973 2205 pre
988 2161 1100 2195 codem
1122 2161 1204 2195 duce
1222 2163 1264 2195 in-

611 2212 767 2255 dicuntur,
790 2214 864 2247 547.

526 2266 590 2300 XV.
615 2266 816 2301 Confirmatio
842 2267 1065 2303 nonnullarum
1091 2269 1263 2303 litterarum

611 2322 863 2364 apostolicarum,
877 2322 992 2367 quibus
1007 2325 1153 2357 statuitur
1167 2327 1198 2357 ut
1219 2333 1265 2355 ee·

612 2375 778 2408 elesiastiei
797 2379 857 2408 tam
871 2376 1031 2410 seculares
1056 2387 1151 2421 quam
1176 2387 1266 2421 regu-

612 2427 692 2460 lares
717 2429 852 2462 civitatis
870 2429 1079 2463 Bononiensis
1103 2430 1142 2464 ad
1169 2440 1266 2475 opera

611 2480 736 2525 publica
762 2487 968 2526 concurrant,
992 2484 1068 2517 551.

527 2534 603 2568 XVI.
640 2535 866 2580 Exemptiones
897 2538 1067 2571 nonnullae
1099 2538 1211 2583 legatis
1237 2543 1266 2573 ct

615 2590 836 2632 xicclegatisct
852 2590 1120 2634 gubernatoribus
1130 2594 1266 2627 cixitatis

614 2641 821 2677 Itonioncnsis
847 2645 1072 2688 conceduntur,
1091 2647 1165 2679 551.

528 2694 621 2729 xx'lt.
640 2695 757 2730 Causae
772 2699 1061 2734 ecclesiasticorum
1079 2704 1109 2734 et
1127 2700 1267 2735 Iocorum

518 551 578 583 itt.

518 870 593 903 vul.

520 1620 585 1654 XII.

1108 277 1284 301 nt'LLmtml
1310 276 1461 301 Remmia!

1401 331 1525 373 piorum
1546 329 1683 363 civitatis
1712 334 1741 364 et
1775 330 1931 376 dloeeesis
1950 331 2055 366 Bono-

1401 383 1521 415 niensis
1536 383 1566 415 in
1586 384 1688 426 prima
1710 384 1861 418 instantia
1877 385 1909 418 in
1924 385 1991 419 foro
2008 395 2058 419 ar-

1402 435 1633 480 chiepiscopali
1658 437 1912 481 cognoscendae,
1931 439 2006 473 552.

1311 488 1423 523 XVIII.
1457 489 1603 524 Facultas
1635 490 1814 535 vicelegato
1843 492 2062 528 Avenionensi

1399 542 1540 587 eligendi
1555 547 1618 578 tres
1634 545 1721 578 viros
1737 555 1796 590 pro
1810 545 1975 581 decisione
1988 556 2059 581 eon-

1400 599 1624 632 troversiarum
1641 593 1725 633 inter
1745 600 1906 634 civitatem
1920 599 2059 634 Avenie-

1400 660 1533 685 ncnsem
1553 656 1583 686 et
1607 651 1753 687 homines
1772 653 1868 698 Burgi
1892 654 1933 688 de
1953 654 2059 689 Noves

1399 709 1429 739 et
1454 705 1532 738 alios
1556 705 1773 740 Provinciales
1798 709 1991 742 vertentium
2012 718 2058 742 ra-

1402 760 1486 793 tione
1498 761 1671 794 confinium
1680 765 1711 795 et
1724 761 1953 796 lurisdictionis
1964 771 2058 806 quam

1400 811 1593 847 Francorum
1610 823 1666 848 rex
1684 824 1782 858 snper
1796 815 1927 849 flumme
1941 814 2061 849 Duren-

1401 867 1463 899 tiae
1487 865 1548 900 sibi
1573 869 1699 909 asserit⁷
1727 868 1801 901 554.

1312 918 1391 953 XIX.
1419 918 1588 965 EpiscopIs
1612 921 1774 956 indiarum
1799 920 2061 957 occidentalium

1401 974 1587 1008 conceditur
1603 975 1736 1009 facultas
1752 976 1896 1009 lauream
1913 975 2059 1010 doctora-

1401 1031 1451 1061 tus
1482 1029 1520 1062 iis
1552 1029 1762 1072 conferendi,
1795 1030 1850 1074 qui
1873 1027 1913 1062 ‘m
1944 1028 2061 1063 scholis

1402 1082 1610 1127 collegiorum
1630 1083 1797 1118 Societatis
1810 1084 1881 1118 Iesu
1895 1093 1953 1128 per
1968 1085 2061 1128 quin-

1402 1138 1578 1180 quennium
1603 1138 1745 1172 scientiis
1771 1147 1901 1182 operam
1925 1136 2058 1179 dabunt,

1403 1190 1457 1224 ubi
1482 1190 1658 1225 studiorum
1683 1191 1798 1225 desunt
1823 1193 2057 1234 universitates,

1403 1244 1476 1277 554.

1408 1298 1532 1331 ErectIO
1557 1297 1649 1331 officii
1667 1300 1815 1343 perpetui
1841 1297 1880 1331 ad
1907 1299 2004 1332 instar
2028 1308 2061 1331 a-

1403 1353 1517 1386 llorum
1543 1352 1722 1386 officiorum
1748 1352 1910 1386 Romanae
1945 1351 2061 1386 Curiae

1404 1406 1556 1439 vacabilis
1573 1416 1630 1450 pro
1651 1416 1714 1440 uno
1732 1408 1853 1441 notar10
1878 1407 2062 1451 specialiter

1403 1460 1555 1504 deputato
1584 1460 1624 1494 ad
1653 1460 1876 1503 formandum,
1902 1461 2061 1505 privative

1405 1513 1509 1559 quoad
1541 1513 1619 1547 alios
1649 1523 1869 1559 quoscumque
1900 1515 2060 1556 notarios,

1405 1577 1574 1612 processus
1587 1578 1695 1602 coram
1708 1568 1737 1602 S.
1750 1567 1828 1603 RE.
1844 1567 2062 1602 cardinalibus

1404 1631 1503 1666 super
1533 1621 1739 1667 qualitatibus
1768 1621 2061 1667 promovendorum

1405 1685 1422 1709 a
1447 1675 1574 1709 Summo
1606 1675 1759 1709 Pontifice
1792 1675 1832 1709 ad
1861 1674 2062 1709 cathedrales

1405 1731 1559 1763 ccclesias
1577 1733 1608 1763 ct
1627 1730 1818 1763 monasteria
1832 1728 2061 1763 consistorialia

1405 1793 1580 1829 eorumque
1612 1787 1693 1818 statu
1717 1793 1789 1817 cum
1819 1784 2060 1828 prIViIegiorum

1406 1843 1433 1873 et
1459 1840 1633 1882 gratiarum
1658 1837 1857 1881 elargitione,
1883 1837 1958 1870 555.

1318 1891 1399 1926 XXI.
1436 1891 1639 1925 Confirmatio
1671 1892 1845 1925 litterarum
1874 1890 1994 1925 Nicolai
2029 1889 2061 1933 V,

1405 1945 1485 1980 Sixti
1509 1945 1551 1979 lv
1583 1949 1613 1979 et
1643 1944 1815 1979 Clementis
1840 1943 1917 1987 Vll,
1943 1943 2061 1989 qulbus

1407 1999 1598 2033 universitas
1628 1998 1724 2032 studii
1757 1997 1918 2042 generalis
1953 1997 2063 2031 Trevi-

1405 2055 1507 2087 rensis
1532 2054 1680 2095 erigitur,
1707 2052 1935 2096 concessisque
1961 2051 2062 2095 privi-

1406 2107 1499 2151 legiis
1524 2105 1695 2148 nonnullis,
1716 2106 1746 2139 ei
1770 2105 1930 2139 beneficia
1954 2104 2062 2150 aliqua

1407 2161 1623 2195 ecclesiastica
1645 2162 1806 2202 uniuntur,
1833 2160 1907 2193 558.

1319 2214 1416 2249 XXII.
1442 2215 1545 2258 Regni
1566 2214 1741 2249 Galliarum
1757 2223 1909 2258 proceres
1932 2211 1991 2247 sub
2009 2221 2074 2246 ex:

1405 2270 1701 2304 communicationis
1725 2277 1830 2313 poena
1846 2267 2004 2310 admonet,
2022 2276 2062 2300 ne

1406 2323 1580 2359 rebellibus
1605 2326 1714 2357 contra
1734 2322 1930 2356 Ludovicum
1953 2330 2063 2365 regem

1406 2378 1618 2419 adhaereant,
1644 2377 1850 2421 faveantque‚
1871 2374 1946 2409 572.

1321 2432 1432 2467 XXIII.
1458 2431 1602 2466 Facultas
1619 2432 1771 2475 episcopo
1796 2429 2001 2464 Luceoriensi
2017 2437 2064 2462 re-

1406 2486 1555 2521 servandi
1581 2487 1638 2520 tria
1663 2484 1822 2519 beneticia
1846 2483 2062 2518 ecclesiastica

1407 2542 1438 2575 in
1455 2539 1590 2584 singulis
1603 2539 1793 2580 Gnesnensi,
1807 2536 2062 2579 Vladislaviensi,

1408 2595 1626 2636 Posnaniensi,
1652 2592 1816 2634 Plocami,
1842 2591 2062 2632 CracoxIensi,

1407 2645 1602 2680 Warmiensi
1634 2644 1800 2683 ecelesiis,
1829 2643 1976 2686 personis
2003 2650 2062 2685 per

1407 2709 1518 2744 regem
1537 2699 1687 2733 Potoniae
1707 2695 1925 2739 nominandis⁷
1947 2696 2021 2730 574.

1316 1297 1382 1331 XX.
