<?xml version="1.0" encoding="UTF-8"?>
<!DOCTYPE html PUBLIC "-//W3C//DTD XHTML 1.0 Transitional//EN"
    "http://www.w3.org/TR/xhtml1/DTD/xhtml1-transitional.dtd">
<html xmlns="http://www.w3.org/1999/xhtml" xml:lang="en" lang="en">
 <head>
  <title>
</title>
<meta http-equiv="Content-Type" content="text/html;charset=utf-8" />
  <meta name='ocr-system' content='tesseract 3.04.00' />
  <meta name='ocr-capabilities' content='ocr_page ocr_carea ocr_par ocr_line ocrx_word'/>
</head>
<body>
  <div class='ocr_page' id='page_1' title='image "./bullarumdiplomat12cath_0261.png"; bbox 0 0 2293 3231; ppageno 0'>
   <div class='ocr_carea' id='block_1_1' title="bbox 0 0 53 2909">
    <p class='ocr_par' dir='ltr' id='par_1_1' title="bbox 0 0 53 2909">
     <span class='ocr_line' id='line_1_1' title="bbox 0 0 53 2909; baseline 0 0"><span class='ocrx_word' id='word_1_1' title='bbox 0 0 53 2909; x_wconf 95' lang='lat' dir='ltr'><em> </em></span> 
     </span>
    </p>
   </div>
   <div class='ocr_carea' id='block_1_2' title="bbox 69 296 1008 725">
    <p class='ocr_par' dir='ltr' id='par_1_2' title="bbox 69 296 255 326">
     <span class='ocr_line' id='line_1_2' title="bbox 69 296 255 326; baseline -0.005 0"><span class='ocrx_word' id='word_1_2' title='bbox 69 297 121 326; x_wconf 82' lang='lat' dir='ltr'><em>An.</em></span> <span class='ocrx_word' id='word_1_3' title='bbox 138 296 166 324; x_wconf 90' lang='lat' dir='ltr'><em>C.</em></span> <span class='ocrx_word' id='word_1_4' title='bbox 188 296 255 325; x_wconf 79' lang='lat'><strong>1613</strong></span> 
     </span>
    </p>

    <p class='ocr_par' dir='ltr' id='par_1_3' title="bbox 553 348 726 382">
     <span class='ocr_line' id='line_1_3' title="bbox 553 348 726 382; baseline 0.017 -5"><span class='ocrx_word' id='word_1_5' title='bbox 553 348 726 382; x_wconf 72' lang='lat' dir='ltr'><em>ccxxxix.</em></span> 
     </span>
    </p>

    <p class='ocr_par' dir='ltr' id='par_1_4' title="bbox 268 417 1007 514">
     <span class='ocr_line' id='line_1_4' title="bbox 268 417 1007 462; baseline 0.001 -11"><span class='ocrx_word' id='word_1_6' title='bbox 268 418 347 460; x_wconf 67' lang='lat' dir='ltr'><em>Regji</em></span> <span class='ocrx_word' id='word_1_7' title='bbox 379 417 622 461; x_wconf 76' lang='lat' dir='ltr'><em>Hispaniarum</em></span> <span class='ocrx_word' id='word_1_8' title='bbox 657 420 842 452; x_wconf 71' lang='lat' dir='ltr'><em>conceditur</em></span> <span class='ocrx_word' id='word_1_9' title='bbox 870 420 1007 462; x_wconf 75' lang='lat' dir='ltr'><em>facultas</em></span> 
     </span>
     <span class='ocr_line' id='line_1_5' title="bbox 311 470 1003 514; baseline 0.001 -12"><span class='ocrx_word' id='word_1_10' title='bbox 311 470 482 503; x_wconf 74' lang='lat' dir='ltr'><em>amovendi</em></span> <span class='ocrx_word' id='word_1_11' title='bbox 512 475 540 503; x_wconf 80' lang='lat' dir='ltr'><em>et</em></span> <span class='ocrx_word' id='word_1_12' title='bbox 575 471 757 514; x_wconf 72' lang='lat' dir='ltr'><em>deputandi</em></span> <span class='ocrx_word' id='word_1_13' title='bbox 787 471 1003 504; x_wconf 71' lang='lat' dir='ltr'><em>administra-</em></span> 
     </span>
    </p>

    <p class='ocr_par' dir='ltr' id='par_1_5' title="bbox 313 522 1007 567">
     <span class='ocr_line' id='line_1_6' title="bbox 313 522 1007 567; baseline 0.001 -12"><span class='ocrx_word' id='word_1_14' title='bbox 313 526 412 555; x_wconf 82' lang='lat' dir='ltr'><em>torem</em></span> <span class='ocrx_word' id='word_1_15' title='bbox 442 522 478 555; x_wconf 76' lang='lat' dir='ltr'><em>iu</em></span> <span class='ocrx_word' id='word_1_16' title='bbox 512 523 739 567; x_wconf 73' lang='lat' dir='ltr'><em>temporalibus</em></span> <span class='ocrx_word' id='word_1_17' title='bbox 771 525 921 556; x_wconf 73' lang='lat' dir='ltr'><em>abbatiae</em></span> <span class='ocrx_word' id='word_1_18' title='bbox 952 534 1007 556; x_wconf 76' lang='lat' dir='ltr'><em>seu</em></span> 
     </span>
    </p>

    <p class='ocr_par' dir='ltr' id='par_1_6' title="bbox 311 576 1007 610">
     <span class='ocr_line' id='line_1_7' title="bbox 311 576 1007 610; baseline 0.001 -2"><span class='ocrx_word' id='word_1_19' title='bbox 311 576 502 609; x_wconf 71' lang='lat' dir='ltr'><em>monasterii?</em></span> <span class='ocrx_word' id='word_1_20' title='bbox 533 580 664 609; x_wconf 76' lang='lat' dir='ltr'><em>sanetae</em></span> <span class='ocrx_word' id='word_1_21' title='bbox 695 577 821 609; x_wconf 76' lang='lat' dir='ltr'><em>Mariae</em></span> <span class='ocrx_word' id='word_1_22' title='bbox 848 577 885 609; x_wconf 84' lang='lat' dir='ltr'><em>de</em></span> <span class='ocrx_word' id='word_1_23' title='bbox 912 576 1007 610; x_wconf 82' lang='lat' dir='ltr'><em>Alco-</em></span> 
     </span>
    </p>

    <p class='ocr_par' dir='ltr' id='par_1_7' title="bbox 312 629 1007 672">
     <span class='ocr_line' id='line_1_8' title="bbox 312 629 1007 672; baseline 0.001 -11"><span class='ocrx_word' id='word_1_24' title='bbox 312 629 402 661; x_wconf 80' lang='lat' dir='ltr'><em>batia</em></span> <span class='ocrx_word' id='word_1_25' title='bbox 429 629 663 672; x_wconf 72' lang='lat' dir='ltr'><em>Ulyxbonensis</em></span> <span class='ocrx_word' id='word_1_26' title='bbox 688 630 857 669; x_wconf 72' lang='lat' dir='ltr'><em>dioecesis,</em></span> <span class='ocrx_word' id='word_1_27' title='bbox 891 630 1007 663; x_wconf 75' lang='lat' dir='ltr'><em>illaesa</em></span> 
     </span>
    </p>

    <p class='ocr_par' dir='ltr' id='par_1_8' title="bbox 311 681 1008 725">
     <span class='ocr_line' id='line_1_9' title="bbox 311 681 1008 725; baseline 0.003 -12"><span class='ocrx_word' id='word_1_28' title='bbox 311 685 497 714; x_wconf 73' lang='lat' dir='ltr'><em>remanente</em></span> <span class='ocrx_word' id='word_1_29' title='bbox 521 681 677 724; x_wconf 74' lang='lat' dir='ltr'><em>facultate</em></span> <span class='ocrx_word' id='word_1_30' title='bbox 701 681 879 725; x_wconf 75' lang='lat' dir='ltr'><em>deputandi</em></span> <span class='ocrx_word' id='word_1_31' title='bbox 903 682 1008 715; x_wconf 76' lang='lat' dir='ltr'><em>admi-</em></span> 
     </span>
    </p>
   </div>
   <div class='ocr_carea' id='block_1_3' title="bbox 311 734 1007 819">
    <p class='ocr_par' dir='ltr' id='par_1_9' title="bbox 311 734 1007 819">
     <span class='ocr_line' id='line_1_10' title="bbox 312 734 1007 778; baseline 0.003 -12"><span class='ocrx_word' id='word_1_32' title='bbox 312 734 521 767; x_wconf 74' lang='lat' dir='ltr'><em>nistratorem</em></span> <span class='ocrx_word' id='word_1_33' title='bbox 553 735 589 767; x_wconf 78' lang='lat' dir='ltr'><em>in</em></span> <span class='ocrx_word' id='word_1_34' title='bbox 621 735 854 778; x_wconf 72' lang='lat' dir='ltr'><em>spiritualibus</em></span> <span class='ocrx_word' id='word_1_35' title='bbox 886 736 1007 769; x_wconf 66' lang='lat' dir='ltr'><em>mincio</em></span> 
     </span>
     <span class='ocr_line' id='line_1_11' title="bbox 311 786 486 819; baseline 0 0"><span class='ocrx_word' id='word_1_36' title='bbox 311 788 454 819; x_wconf 76' lang='lat' dir='ltr'><em>concessa</em></span> <span class='ocrx_word' id='word_1_37' title='bbox 469 786 486 819; x_wconf 87' lang='lat'><em>¹.</em></span> 
     </span>
    </p>
   </div>
   <div class='ocr_carea' id='block_1_4' title="bbox 268 865 1007 946">
    <p class='ocr_par' dir='ltr' id='par_1_10' title="bbox 268 865 1007 946">
     <span class='ocr_line' id='line_1_12' title="bbox 268 865 1007 902; baseline 0.003 -9"><span class='ocrx_word' id='word_1_38' title='bbox 268 865 448 894; x_wconf 81' lang='lat' dir='ltr'><em>Charissimo</em></span> <span class='ocrx_word' id='word_1_39' title='bbox 469 866 498 894; x_wconf 88' lang='lat' dir='ltr'><em>in</em></span> <span class='ocrx_word' id='word_1_40' title='bbox 515 866 632 895; x_wconf 86' lang='lat' dir='ltr'><em>Christo</em></span> <span class='ocrx_word' id='word_1_41' title='bbox 656 867 718 894; x_wconf 88' lang='lat' dir='ltr'><em>filio</em></span> <span class='ocrx_word' id='word_1_42' title='bbox 740 870 845 895; x_wconf 82' lang='lat' dir='ltr'><em>nostro</em></span> <span class='ocrx_word' id='word_1_43' title='bbox 870 867 1007 902; x_wconf 82' lang='lat' dir='ltr'><em>Philippo</em></span> 
     </span>
     <span class='ocr_line' id='line_1_13' title="bbox 302 910 1007 946; baseline 0.001 -8"><span class='ocrx_word' id='word_1_44' title='bbox 302 910 506 945; x_wconf 64' lang='lat' dir='ltr'><em>portugalliae</em></span> <span class='ocrx_word' id='word_1_45' title='bbox 522 914 554 938; x_wconf 80' lang='lat' dir='ltr'><em>et</em></span> <span class='ocrx_word' id='word_1_46' title='bbox 568 912 770 946; x_wconf 70' lang='lat' dir='ltr'><em>Alqarhiorum</em></span> <span class='ocrx_word' id='word_1_47' title='bbox 785 911 847 946; x_wconf 72' lang='lat' dir='ltr'><em>regi</em></span> <span class='ocrx_word' id='word_1_48' title='bbox 863 912 1007 940; x_wconf 82' lang='lat' dir='ltr'><em>catholico</em></span> 
     </span>
    </p>
   </div>
   <div class='ocr_carea' id='block_1_5' title="bbox 516 963 767 997">
    <p class='ocr_par' dir='ltr' id='par_1_11' title="bbox 516 963 767 997">
     <span class='ocr_line' id='line_1_14' title="bbox 516 963 767 997; baseline 0 -6"><span class='ocrx_word' id='word_1_49' title='bbox 516 964 627 991; x_wconf 81' lang='lat' dir='ltr'><em>Paulus</em></span> <span class='ocrx_word' id='word_1_50' title='bbox 643 963 722 997; x_wconf 82' lang='lat' dir='ltr'><em>Papa</em></span> <span class='ocrx_word' id='word_1_51' title='bbox 735 965 767 991; x_wconf 88' lang='lat' dir='ltr'><em>v.</em></span> 
     </span>
    </p>
   </div>
   <div class='ocr_carea' id='block_1_6' title="bbox 303 1025 960 1104">
    <p class='ocr_par' dir='ltr' id='par_1_12' title="bbox 303 1025 960 1104">
     <span class='ocr_line' id='line_1_15' title="bbox 352 1025 918 1061; baseline 0.004 -9"><span class='ocrx_word' id='word_1_52' title='bbox 352 1025 532 1053; x_wconf 76' lang='lat' dir='ltr'><em>Charissime</em></span> <span class='ocrx_word' id='word_1_53' title='bbox 551 1025 582 1052; x_wconf 84' lang='lat' dir='ltr'><em>in</em></span> <span class='ocrx_word' id='word_1_54' title='bbox 602 1025 719 1053; x_wconf 78' lang='lat' dir='ltr'><em>christo</em></span> <span class='ocrx_word' id='word_1_55' title='bbox 738 1026 782 1054; x_wconf 84' lang='lat' dir='ltr'><em>fili</em></span> <span class='ocrx_word' id='word_1_56' title='bbox 804 1029 918 1061; x_wconf 81' lang='lat' dir='ltr'><em>noster,</em></span> 
     </span>
     <span class='ocr_line' id='line_1_16' title="bbox 303 1071 960 1104; baseline 0.002 -6"><span class='ocrx_word' id='word_1_57' title='bbox 303 1071 431 1098; x_wconf 80' lang='lat' dir='ltr'><em>salutem</em></span> <span class='ocrx_word' id='word_1_58' title='bbox 451 1074 481 1098; x_wconf 86' lang='lat' dir='ltr'><em>et</em></span> <span class='ocrx_word' id='word_1_59' title='bbox 501 1071 695 1104; x_wconf 82' lang='lat' dir='ltr'><em>apostolicam</em></span> <span class='ocrx_word' id='word_1_60' title='bbox 713 1072 960 1099; x_wconf 80' lang='lat' dir='ltr'><em>benedictionem.</em></span> 
     </span>
    </p>
   </div>
   <div class='ocr_carea' id='block_1_7' title="bbox 71 1141 1009 1200">
    <p class='ocr_par' dir='ltr' id='par_1_13' title="bbox 71 1141 1009 1200">
     <span class='ocr_line' id='line_1_17' title="bbox 71 1141 1009 1200; baseline 0.005 -29"><span class='ocrx_word' id='word_1_61' title='bbox 71 1151 253 1200; x_wconf 51' lang='lat' dir='ltr'><em>00nfss³i¹¹²⁵s⁰ssoiff</em></span> <span class='ocrx_word' id='word_1_62' title='bbox 313 1142 328 1185; x_wconf 56' lang='grc' dir='ltr'>ᾗ</span> <span class='ocrx_word' id='word_1_63' title='bbox 352 1141 381 1174; x_wconf 68' lang='grc'><em>’1.</em></span> <span class='ocrx_word' id='word_1_64' title='bbox 399 1141 480 1176; x_wconf 76' lang='lat' dir='ltr'><em>Alias</em></span> <span class='ocrx_word' id='word_1_65' title='bbox 494 1142 608 1176; x_wconf 85' lang='lat' dir='ltr'><em>dilecto</em></span> <span class='ocrx_word' id='word_1_66' title='bbox 621 1142 686 1176; x_wconf 83' lang='lat' dir='ltr'><em>filio</em></span> <span class='ocrx_word' id='word_1_67' title='bbox 699 1143 796 1175; x_wconf 91' lang='lat' dir='ltr'><em>nobili</em></span> <span class='ocrx_word' id='word_1_68' title='bbox 818 1154 918 1186; x_wconf 91' lang='lat' dir='ltr'><em>puero</em></span> <span class='ocrx_word' id='word_1_69' title='bbox 936 1144 1009 1176; x_wconf 86' lang='lat' dir='ltr'><em>Fer-</em></span> 
     </span>
    </p>
   </div>
   <div class='ocr_carea' id='block_1_8' title="bbox 71 1194 1009 1254">
    <p class='ocr_par' dir='ltr' id='par_1_14' title="bbox 71 1194 1009 1254">
     <span class='ocr_line' id='line_1_18' title="bbox 71 1194 1009 1254; baseline 0.003 -27"><span class='ocrx_word' id='word_1_70' title='bbox 71 1205 221 1254; x_wconf 45' lang='lat' dir='ltr'><em>mffigtiffliuss</em></span> <span class='ocrx_word' id='word_1_71' title='bbox 228 1209 254 1251; x_wconf 52' lang='grc' dir='ltr'><em>ἐξ</em></span> <span class='ocrx_word' id='word_1_72' title='bbox 268 1194 403 1229; x_wconf 82' lang='lat' dir='ltr'><em>dinando</em></span> <span class='ocrx_word' id='word_1_73' title='bbox 417 1195 525 1228; x_wconf 78' lang='lat' dir='ltr'><em>infanti</em></span> <span class='ocrx_word' id='word_1_74' title='bbox 536 1196 758 1240; x_wconf 78' lang='lat' dir='ltr'><em>Hispaniarum</em></span> <span class='ocrx_word' id='word_1_75' title='bbox 772 1202 844 1230; x_wconf 89' lang='lat' dir='ltr'><em>nato</em></span> <span class='ocrx_word' id='word_1_76' title='bbox 857 1202 920 1237; x_wconf 89' lang='lat' dir='ltr'><em>tuo,</em></span> <span class='ocrx_word' id='word_1_77' title='bbox 936 1202 1009 1231; x_wconf 85' lang='lat' dir='ltr'><em>tune</em></span> 
     </span>
    </p>
   </div>
   <div class='ocr_carea' id='block_1_9' title="bbox 0 1243 1009 1310">
    <p class='ocr_par' dir='ltr' id='par_1_15' title="bbox 0 1243 1009 1310">
     <span class='ocr_line' id='line_1_19' title="bbox 0 1243 1009 1310; baseline 0.004 -31"><span class='ocrx_word' id='word_1_78' title='bbox 0 1243 26 1295; x_wconf 31' lang='grc' dir='ltr'><em>ζ’..</em></span> <span class='ocrx_word' id='word_1_79' title='bbox 71 1256 254 1310; x_wconf 46' lang='grc' dir='ltr'><em>ἑξὲἓιέἓξαωξέἑῑ</em></span> <span class='ocrx_word' id='word_1_80' title='bbox 269 1248 441 1282; x_wconf 88' lang='lat' dir='ltr'><em>seeundum</em></span> <span class='ocrx_word' id='word_1_81' title='bbox 461 1249 571 1282; x_wconf 86' lang='lat' dir='ltr'><em>aetatis</em></span> <span class='ocrx_word' id='word_1_82' title='bbox 589 1260 663 1282; x_wconf 87' lang='lat' dir='ltr'><em>suae</em></span> <span class='ocrx_word' id='word_1_83' title='bbox 680 1260 795 1283; x_wconf 88' lang='lat' dir='ltr'><em>annum</em></span> <span class='ocrx_word' id='word_1_84' title='bbox 813 1251 927 1293; x_wconf 74' lang='lat' dir='ltr'><em>agenti,</em></span> <span class='ocrx_word' id='word_1_85' title='bbox 946 1262 1009 1284; x_wconf 91' lang='lat' dir='ltr'><em>mo-</em></span> 
     </span>
    </p>
   </div>
   <div class='ocr_carea' id='block_1_10' title="bbox 71 1302 1009 2416">
    <p class='ocr_par' dir='ltr' id='par_1_16' title="bbox 71 1302 1009 2255">
     <span class='ocr_line' id='line_1_20' title="bbox 71 1302 1008 1347; baseline 0.003 -14"><span class='ocrx_word' id='word_1_86' title='bbox 71 1311 154 1333; x_wconf 75' lang='lat' dir='ltr'><em>uiarum</em></span> <span class='ocrx_word' id='word_1_87' title='bbox 170 1302 441 1335; x_wconf 67' lang='lat' dir='ltr'><em>insanitnasterium</em></span> <span class='ocrx_word' id='word_1_88' title='bbox 475 1302 631 1336; x_wconf 87' lang='lat' dir='ltr'><em>abbatiam</em></span> <span class='ocrx_word' id='word_1_89' title='bbox 660 1309 874 1347; x_wconf 89' lang='lat' dir='ltr'><em>nuncupatum</em></span> <span class='ocrx_word' id='word_1_90' title='bbox 900 1304 1008 1337; x_wconf 86' lang='lat' dir='ltr'><em>beatae</em></span> 
     </span>
     <span class='ocr_line' id='line_1_21' title="bbox 269 1355 1008 1391; baseline 0.001 -2"><span class='ocrx_word' id='word_1_91' title='bbox 269 1355 383 1389; x_wconf 82' lang='lat' dir='ltr'><em>Mariae</em></span> <span class='ocrx_word' id='word_1_92' title='bbox 407 1356 445 1389; x_wconf 88' lang='lat' dir='ltr'><em>de</em></span> <span class='ocrx_word' id='word_1_93' title='bbox 470 1357 629 1390; x_wconf 79' lang='lat' dir='ltr'><em>Alcobatia</em></span> <span class='ocrx_word' id='word_1_94' title='bbox 652 1357 867 1391; x_wconf 86' lang='lat' dir='ltr'><em>Cistercieusis</em></span> <span class='ocrx_word' id='word_1_95' title='bbox 884 1357 1008 1391; x_wconf 82' lang='lat' dir='ltr'><em>Ordinis</em></span> 
     </span>
     <span class='ocr_line' id='line_1_22' title="bbox 269 1409 1009 1454; baseline 0 -11"><span class='ocrx_word' id='word_1_96' title='bbox 269 1409 495 1454; x_wconf 79' lang='lat' dir='ltr'><em>Ulyxbonensis</em></span> <span class='ocrx_word' id='word_1_97' title='bbox 515 1410 667 1443; x_wconf 83' lang='lat' dir='ltr'><em>dioecesis</em></span> <span class='ocrx_word' id='word_1_98' title='bbox 684 1411 781 1454; x_wconf 82' lang='lat' dir='ltr'><em>(quod</em></span> <span class='ocrx_word' id='word_1_99' title='bbox 802 1411 840 1443; x_wconf 89' lang='lat' dir='ltr'><em>de</em></span> <span class='ocrx_word' id='word_1_100' title='bbox 858 1416 910 1444; x_wconf 89' lang='lat' dir='ltr'><em>tuo</em></span> <span class='ocrx_word' id='word_1_101' title='bbox 929 1411 1009 1444; x_wconf 88' lang='lat' dir='ltr'><em>iure-</em></span> 
     </span>
     <span class='ocr_line' id='line_1_23' title="bbox 267 1463 1007 1506; baseline 0.003 -11"><span class='ocrx_word' id='word_1_102' title='bbox 267 1466 460 1506; x_wconf 82' lang='lat' dir='ltr'><em>patronatus‚</em></span> <span class='ocrx_word' id='word_1_103' title='bbox 484 1463 605 1496; x_wconf 87' lang='lat' dir='ltr'><em>ratione</em></span> <span class='ocrx_word' id='word_1_104' title='bbox 621 1464 710 1506; x_wconf 79' lang='lat' dir='ltr'><em>regni</em></span> <span class='ocrx_word' id='word_1_105' title='bbox 727 1464 936 1506; x_wconf 72' lang='lat' dir='ltr'><em>Pei-tugalliae</em></span> <span class='ocrx_word' id='word_1_106' title='bbox 952 1475 1007 1497; x_wconf 88' lang='lat' dir='ltr'><em>cu-</em></span> 
     </span>
     <span class='ocr_line' id='line_1_24' title="bbox 268 1515 1008 1561; baseline 0.005 -13"><span class='ocrx_word' id='word_1_107' title='bbox 268 1515 317 1549; x_wconf 86' lang='lat' dir='ltr'><em>ius</em></span> <span class='ocrx_word' id='word_1_108' title='bbox 345 1519 378 1550; x_wconf 88' lang='lat' dir='ltr'><em>tu</em></span> <span class='ocrx_word' id='word_1_109' title='bbox 407 1516 499 1549; x_wconf 85' lang='lat' dir='ltr'><em>etiam</em></span> <span class='ocrx_word' id='word_1_110' title='bbox 530 1527 584 1550; x_wconf 81' lang='lat' dir='ltr'><em>rex</em></span> <span class='ocrx_word' id='word_1_111' title='bbox 616 1517 743 1557; x_wconf 81' lang='lat' dir='ltr'><em>existis,</em></span> <span class='ocrx_word' id='word_1_112' title='bbox 775 1528 811 1550; x_wconf 83' lang='lat' dir='ltr'><em>ex</em></span> <span class='ocrx_word' id='word_1_113' title='bbox 842 1518 1008 1561; x_wconf 68' lang='lat' dir='ltr'><em>privilegio</em></span> 
     </span>
     <span class='ocr_line' id='line_1_25' title="bbox 264 1569 1007 1615; baseline 0.004 -14"><span class='ocrx_word' id='word_1_114' title='bbox 264 1569 450 1613; x_wconf 81' lang='lat' dir='ltr'><em>apostolico,</em></span> <span class='ocrx_word' id='word_1_115' title='bbox 476 1570 524 1602; x_wconf 90' lang='lat' dir='ltr'><em>cui</em></span> <span class='ocrx_word' id='word_1_116' title='bbox 542 1580 605 1603; x_wconf 90' lang='lat' dir='ltr'><em>non</em></span> <span class='ocrx_word' id='word_1_117' title='bbox 619 1575 666 1603; x_wconf 86' lang='lat' dir='ltr'><em>est</em></span> <span class='ocrx_word' id='word_1_118' title='bbox 685 1570 837 1603; x_wconf 86' lang='lat' dir='ltr'><em>hactenus</em></span> <span class='ocrx_word' id='word_1_119' title='bbox 855 1571 885 1603; x_wconf 95' lang='lat' dir='ltr'><em>in</em></span> <span class='ocrx_word' id='word_1_120' title='bbox 902 1571 1007 1615; x_wconf 87' lang='lat' dir='ltr'><em>aliquo</em></span> 
     </span>
     <span class='ocr_line' id='line_1_26' title="bbox 267 1622 1008 1667; baseline 0.001 -11"><span class='ocrx_word' id='word_1_121' title='bbox 267 1622 464 1666; x_wconf 78' lang='lat' dir='ltr'><em>derogatum,</em></span> <span class='ocrx_word' id='word_1_122' title='bbox 489 1633 557 1656; x_wconf 86' lang='lat' dir='ltr'><em>esse</em></span> <span class='ocrx_word' id='word_1_123' title='bbox 582 1623 807 1667; x_wconf 71' lang='lat' dir='ltr'><em>dignoscitur),</em></span> <span class='ocrx_word' id='word_1_124' title='bbox 826 1624 908 1657; x_wconf 81' lang='lat' dir='ltr'><em>illius</em></span> <span class='ocrx_word' id='word_1_125' title='bbox 926 1636 1008 1657; x_wconf 84' lang='lat' dir='ltr'><em>eoin-</em></span> 
     </span>
     <span class='ocr_line' id='line_1_27' title="bbox 267 1676 1007 1721; baseline 0.004 -13"><span class='ocrx_word' id='word_1_126' title='bbox 267 1676 390 1716; x_wconf 77' lang='lat' dir='ltr'><em>menda,</em></span> <span class='ocrx_word' id='word_1_127' title='bbox 408 1676 439 1708; x_wconf 92' lang='lat' dir='ltr'><em>in</em></span> <span class='ocrx_word' id='word_1_128' title='bbox 464 1686 525 1720; x_wconf 86' lang='lat' dir='ltr'><em>qua</em></span> <span class='ocrx_word' id='word_1_129' title='bbox 544 1676 645 1709; x_wconf 81' lang='lat' dir='ltr'><em>bonae</em></span> <span class='ocrx_word' id='word_1_130' title='bbox 662 1677 835 1710; x_wconf 75' lang='lat' dir='ltr'><em>memoriae</em></span> <span class='ocrx_word' id='word_1_131' title='bbox 854 1678 1007 1721; x_wconf 73' lang='lat' dir='ltr'><em>Georgius</em></span> 
     </span>
     <span class='ocr_line' id='line_1_28' title="bbox 266 1729 1007 1774; baseline 0.003 -12"><span class='ocrx_word' id='word_1_132' title='bbox 266 1729 343 1762; x_wconf 92' lang='lat' dir='ltr'><em>olim</em></span> <span class='ocrx_word' id='word_1_133' title='bbox 368 1729 535 1774; x_wconf 87' lang='lat' dir='ltr'><em>episcopus</em></span> <span class='ocrx_word' id='word_1_134' title='bbox 559 1730 695 1762; x_wconf 87' lang='lat' dir='ltr'><em>Visensis</em></span> <span class='ocrx_word' id='word_1_135' title='bbox 711 1730 749 1763; x_wconf 90' lang='lat' dir='ltr'><em>ad</em></span> <span class='ocrx_word' id='word_1_136' title='bbox 767 1730 833 1763; x_wconf 87' lang='lat' dir='ltr'><em>eius</em></span> <span class='ocrx_word' id='word_1_137' title='bbox 859 1731 952 1764; x_wconf 69' lang='grc'>11111111</span> <span class='ocrx_word' id='word_1_138' title='bbox 971 1742 1007 1764; x_wconf 79' lang='lat' dir='ltr'><em>ex</em></span> 
     </span>
     <span class='ocr_line' id='line_1_29' title="bbox 268 1782 1006 1828; baseline 0.003 -13"><span class='ocrx_word' id='word_1_139' title='bbox 268 1782 472 1816; x_wconf 78' lang='lat' dir='ltr'><em>concessione</em></span> <span class='ocrx_word' id='word_1_140' title='bbox 503 1788 532 1816; x_wconf 87' lang='lat' dir='ltr'><em>et</em></span> <span class='ocrx_word' id='word_1_141' title='bbox 561 1783 791 1827; x_wconf 74' lang='lat' dir='ltr'><em>dispensatione</em></span> <span class='ocrx_word' id='word_1_142' title='bbox 816 1785 1006 1828; x_wconf 77' lang='lat' dir='ltr'><em>apostolica,</em></span> 
     </span>
     <span class='ocr_line' id='line_1_30' title="bbox 268 1836 1006 1881; baseline 0.004 -13"><span class='ocrx_word' id='word_1_143' title='bbox 268 1836 343 1869; x_wconf 91' lang='lat' dir='ltr'><em>dum</em></span> <span class='ocrx_word' id='word_1_144' title='bbox 369 1836 496 1877; x_wconf 83' lang='lat' dir='ltr'><em>viveret,</em></span> <span class='ocrx_word' id='word_1_145' title='bbox 522 1836 692 1878; x_wconf 76' lang='lat' dir='ltr'><em>obtinebat,</em></span> <span class='ocrx_word' id='word_1_146' title='bbox 718 1848 775 1881; x_wconf 85' lang='lat' dir='ltr'><em>per</em></span> <span class='ocrx_word' id='word_1_147' title='bbox 793 1838 913 1871; x_wconf 90' lang='lat' dir='ltr'><em>obitum</em></span> <span class='ocrx_word' id='word_1_148' title='bbox 933 1838 1006 1871; x_wconf 86' lang='lat' dir='ltr'><em>dieti</em></span> 
     </span>
     <span class='ocr_line' id='line_1_31' title="bbox 268 1889 1006 1934; baseline 0.003 -12"><span class='ocrx_word' id='word_1_149' title='bbox 268 1889 394 1932; x_wconf 76' lang='lat' dir='ltr'><em>Georgii</em></span> <span class='ocrx_word' id='word_1_150' title='bbox 412 1890 551 1934; x_wconf 81' lang='lat' dir='ltr'><em>episcopi</em></span> <span class='ocrx_word' id='word_1_151' title='bbox 573 1895 660 1922; x_wconf 80' lang='lat' dir='ltr'><em>extra</em></span> <span class='ocrx_word' id='word_1_152' title='bbox 684 1891 856 1924; x_wconf 77' lang='lat' dir='ltr'><em>Romanam</em></span> <span class='ocrx_word' id='word_1_153' title='bbox 882 1891 1006 1924; x_wconf 86' lang='lat' dir='ltr'><em>Curiam</em></span> 
     </span>
     <span class='ocr_line' id='line_1_32' title="bbox 267 1942 1008 1987; baseline 0.003 -12"><span class='ocrx_word' id='word_1_154' title='bbox 267 1942 404 1976; x_wconf 75' lang='lat' dir='ltr'><em>defuncti</em></span> <span class='ocrx_word' id='word_1_155' title='bbox 422 1948 572 1984; x_wconf 83' lang='lat' dir='ltr'><em>cessante,</em></span> <span class='ocrx_word' id='word_1_156' title='bbox 586 1943 688 1976; x_wconf 85' lang='lat' dir='ltr'><em>adbuc</em></span> <span class='ocrx_word' id='word_1_157' title='bbox 702 1954 750 1984; x_wconf 85' lang='lat' dir='ltr'><em>co,</em></span> <span class='ocrx_word' id='word_1_158' title='bbox 763 1954 827 1987; x_wconf 89' lang='lat' dir='ltr'><em>quo</em></span> <span class='ocrx_word' id='word_1_159' title='bbox 841 1948 911 1978; x_wconf 89' lang='lat' dir='ltr'><em>ante</em></span> <span class='ocrx_word' id='word_1_160' title='bbox 925 1956 1008 1977; x_wconf 89' lang='lat' dir='ltr'><em>com-</em></span> 
     </span>
     <span class='ocr_line' id='line_1_33' title="bbox 268 1995 1003 2039; baseline 0.003 -10"><span class='ocrx_word' id='word_1_161' title='bbox 268 1995 414 2030; x_wconf 79' lang='lat' dir='ltr'><em>mendam</em></span> <span class='ocrx_word' id='word_1_162' title='bbox 438 1996 538 2039; x_wconf 80' lang='lat' dir='ltr'><em>ipsam</em></span> <span class='ocrx_word' id='word_1_163' title='bbox 563 1996 707 2037; x_wconf 82' lang='lat' dir='ltr'><em>vacabat,</em></span> <span class='ocrx_word' id='word_1_164' title='bbox 733 1998 826 2030; x_wconf 89' lang='lat' dir='ltr'><em>modo</em></span> <span class='ocrx_word' id='word_1_165' title='bbox 852 2003 924 2031; x_wconf 84' lang='lat' dir='ltr'><em>tunc</em></span> <span class='ocrx_word' id='word_1_166' title='bbox 950 2009 1003 2031; x_wconf 72' lang='lat' dir='ltr'><em>va-</em></span> 
     </span>
     <span class='ocr_line' id='line_1_34' title="bbox 268 2051 1006 2094; baseline 0.004 -12"><span class='ocrx_word' id='word_1_167' title='bbox 268 2059 361 2089; x_wconf 80' lang='lat' dir='ltr'><em>cans,</em></span> <span class='ocrx_word' id='word_1_168' title='bbox 385 2060 442 2093; x_wconf 87' lang='lat' dir='ltr'><em>per</em></span> <span class='ocrx_word' id='word_1_169' title='bbox 466 2060 538 2082; x_wconf 86' lang='lat' dir='ltr'><em>eum</em></span> <span class='ocrx_word' id='word_1_170' title='bbox 562 2051 665 2094; x_wconf 88' lang='lat' dir='ltr'><em>quoad</em></span> <span class='ocrx_word' id='word_1_171' title='bbox 691 2051 829 2092; x_wconf 53' lang='lat' dir='ltr'><em>viveret„</em></span> <span class='ocrx_word' id='word_1_172' title='bbox 855 2062 889 2084; x_wconf 81' lang='lat' dir='ltr'><em>ex</em></span> <span class='ocrx_word' id='word_1_173' title='bbox 916 2057 1006 2093; x_wconf 89' lang='lat' dir='ltr'><em>tunc,</em></span> 
     </span>
     <span class='ocr_line' id='line_1_35' title="bbox 268 2104 1006 2146; baseline 0.005 -11"><span class='ocrx_word' id='word_1_174' title='bbox 268 2107 362 2146; x_wconf 88' lang='lat' dir='ltr'><em>prout</em></span> <span class='ocrx_word' id='word_1_175' title='bbox 386 2108 552 2146; x_wconf 82' lang='lat' dir='ltr'><em>postquam</em></span> <span class='ocrx_word' id='word_1_176' title='bbox 577 2104 715 2137; x_wconf 86' lang='lat' dir='ltr'><em>clericali</em></span> <span class='ocrx_word' id='word_1_177' title='bbox 741 2105 924 2138; x_wconf 74' lang='lat' dir='ltr'><em>charactere</em></span> <span class='ocrx_word' id='word_1_178' title='bbox 948 2107 1006 2139; x_wconf 87' lang='lat' dir='ltr'><em>rite</em></span> 
     </span>
     <span class='ocr_line' id='line_1_36' title="bbox 269 2155 1008 2201; baseline 0.001 -12"><span class='ocrx_word' id='word_1_179' title='bbox 269 2155 436 2199; x_wconf 84' lang='lat' dir='ltr'><em>insignitus</em></span> <span class='ocrx_word' id='word_1_180' title='bbox 460 2156 549 2197; x_wconf 81' lang='lat' dir='ltr'><em>soret,</em></span> <span class='ocrx_word' id='word_1_181' title='bbox 574 2157 754 2198; x_wconf 87' lang='lat' dir='ltr'><em>tenendum,</em></span> <span class='ocrx_word' id='word_1_182' title='bbox 780 2159 953 2201; x_wconf 77' lang='lat' dir='ltr'><em>regendum</em></span> <span class='ocrx_word' id='word_1_183' title='bbox 978 2165 1008 2193; x_wconf 88' lang='lat' dir='ltr'><em>et</em></span> 
     </span>
     <span class='ocr_line' id='line_1_37' title="bbox 269 2210 1008 2255; baseline 0.004 -12"><span class='ocrx_word' id='word_1_184' title='bbox 269 2210 522 2253; x_wconf 79' lang='lat' dir='ltr'><em>gubernandum,</em></span> <span class='ocrx_word' id='word_1_185' title='bbox 540 2216 627 2244; x_wconf 89' lang='lat' dir='ltr'><em>motu</em></span> <span class='ocrx_word' id='word_1_186' title='bbox 644 2212 773 2255; x_wconf 90' lang='lat' dir='ltr'><em>proprio</em></span> <span class='ocrx_word' id='word_1_187' title='bbox 791 2222 848 2255; x_wconf 86' lang='lat' dir='ltr'><em>per</em></span> <span class='ocrx_word' id='word_1_188' title='bbox 863 2213 938 2245; x_wconf 85' lang='lat' dir='ltr'><em>alias</em></span> <span class='ocrx_word' id='word_1_189' title='bbox 956 2224 1008 2247; x_wconf 92' lang='lat' dir='ltr'><em>no-</em></span> 
     </span>
    </p>

    <p class='ocr_par' dir='ltr' id='par_1_17' title="bbox 73 2264 1008 2416">
     <span class='ocr_line' id='line_1_38' title="bbox 269 2264 852 2308; baseline 0 -10"><span class='ocrx_word' id='word_1_190' title='bbox 269 2268 350 2299; x_wconf 79' lang='lat' dir='ltr'><em>stras</em></span> <span class='ocrx_word' id='word_1_191' title='bbox 374 2264 494 2297; x_wconf 78' lang='lat' dir='ltr'><em>litteras</em></span> <span class='ocrx_word' id='word_1_192' title='bbox 518 2264 817 2298; x_wconf 78' lang='lat' dir='ltr'><em>commendavimus.</em></span> <span class='ocrx_word' id='word_1_193' title='bbox 850 2306 852 2308; x_wconf 17' lang='lat' dir='ltr'>v</span> 
     </span>
     <span class='ocr_line' id='line_1_39' title="bbox 99 2317 1008 2363; baseline 0.007 -17"><span class='ocrx_word' id='word_1_194' title='bbox 99 2325 215 2363; x_wconf 55' lang='lat' dir='ltr'><em>naiqinquo</em></span> <span class='ocrx_word' id='word_1_195' title='bbox 233 2333 254 2347; x_wconf 75' lang='lat' dir='ltr'><em>a·</em></span> <span class='ocrx_word' id='word_1_196' title='bbox 314 2317 329 2359; x_wconf 74' lang='lat'>§</span> <span class='ocrx_word' id='word_1_197' title='bbox 352 2317 382 2350; x_wconf 72' lang='lat'><em>⁶2.</em></span> <span class='ocrx_word' id='word_1_198' title='bbox 403 2317 440 2349; x_wconf 88' lang='lat' dir='ltr'><em>Et</em></span> <span class='ocrx_word' id='word_1_199' title='bbox 458 2318 509 2360; x_wconf 84' lang='lat' dir='ltr'><em>(ne</em></span> <span class='ocrx_word' id='word_1_200' title='bbox 526 2323 658 2361; x_wconf 90' lang='lat' dir='ltr'><em>propter</em></span> <span class='ocrx_word' id='word_1_201' title='bbox 675 2318 742 2350; x_wconf 84' lang='lat' dir='ltr'><em>eius</em></span> <span class='ocrx_word' id='word_1_202' title='bbox 759 2318 914 2352; x_wconf 85' lang='lat' dir='ltr'><em>minorem</em></span> <span class='ocrx_word' id='word_1_203' title='bbox 929 2325 1008 2352; x_wconf 90' lang='lat' dir='ltr'><em>aeta-</em></span> 
     </span>
     <span class='ocr_line' id='line_1_40' title="bbox 73 2352 1007 2416; baseline 0.007 -18"><span class='ocrx_word' id='word_1_204' title='bbox 73 2352 254 2401; x_wconf 56' lang='lat' dir='ltr'><em>Effi&#39;ttn‘lmfflssi</em></span> <span class='ocrx_word' id='word_1_205' title='bbox 269 2374 332 2403; x_wconf 88' lang='lat' dir='ltr'><em>tem</em></span> <span class='ocrx_word' id='word_1_206' title='bbox 356 2369 472 2403; x_wconf 85' lang='lat' dir='ltr'><em>dictum</em></span> <span class='ocrx_word' id='word_1_207' title='bbox 496 2370 722 2404; x_wconf 87' lang='lat' dir='ltr'><em>monasterium</em></span> <span class='ocrx_word' id='word_1_208' title='bbox 740 2371 865 2403; x_wconf 80' lang='lat' dir='ltr'><em>interim</em></span> <span class='ocrx_word' id='word_1_209' title='bbox 881 2372 1007 2416; x_wconf 84' lang='lat' dir='ltr'><em>aliquod</em></span> 
     </span>
    </p>
   </div>
   <div class='ocr_carea' id='block_1_11' title="bbox 73 2405 1009 2467">
    <p class='ocr_par' dir='ltr' id='par_1_18' title="bbox 73 2405 1009 2467">
     <span class='ocr_line' id='line_1_41' title="bbox 73 2405 920 2430; baseline 0.006 -5"><span class='ocrx_word' id='word_1_210' title='bbox 73 2405 139 2426; x_wconf 73' lang='lat' dir='ltr'><em>torem</em></span> <span class='ocrx_word' id='word_1_211' title='bbox 167 2406 254 2427; x_wconf 65' lang='grc'>[11011113-</span> <span class='ocrx_word' id='word_1_212' title='bbox 271 2422 277 2428; x_wconf 82' lang='lat'><strong>.</strong></span> <span class='ocrx_word' id='word_1_213' title='bbox 358 2423 363 2428; x_wconf 96' lang='lat'>.</span> <span class='ocrx_word' id='word_1_214' title='bbox 387 2422 393 2428; x_wconf 89' lang='lat'>.</span> <span class='ocrx_word' id='word_1_215' title='bbox 466 2423 470 2428; x_wconf 95' lang='lat'>.</span> <span class='ocrx_word' id='word_1_216' title='bbox 757 2424 762 2429; x_wconf 88' lang='lat'><em>.</em></span> <span class='ocrx_word' id='word_1_217' title='bbox 915 2425 920 2430; x_wconf 85' lang='lat'><strong><em>.</em></strong></span> 
     </span>
     <span class='ocr_line' id='line_1_42' title="bbox 73 2423 1009 2467; baseline 0.009 -17"><span class='ocrx_word' id='word_1_218' title='bbox 73 2432 114 2452; x_wconf 68' lang='lat' dir='ltr'><em>mm</em></span> <span class='ocrx_word' id='word_1_219' title='bbox 138 2431 254 2458; x_wconf 76' lang='lat' dir='ltr'><em>deputandi</em></span> <span class='ocrx_word' id='word_1_220' title='bbox 270 2433 301 2456; x_wconf 92' lang='lat' dir='ltr'><em>in</em></span> <span class='ocrx_word' id='word_1_221' title='bbox 317 2423 533 2467; x_wconf 77' lang='lat' dir='ltr'><em>spiritualibus</em></span> <span class='ocrx_word' id='word_1_222' title='bbox 551 2428 581 2456; x_wconf 87' lang='lat' dir='ltr'><em>et</em></span> <span class='ocrx_word' id='word_1_223' title='bbox 597 2424 826 2467; x_wconf 85' lang='lat' dir='ltr'><em>temporalibus</em></span> <span class='ocrx_word' id='word_1_224' title='bbox 843 2424 1009 2458; x_wconf 84' lang='lat' dir='ltr'><em>detrimen-</em></span> 
     </span>
    </p>
   </div>
   <div class='ocr_carea' id='block_1_12' title="bbox 73 2459 1010 2681">
    <p class='ocr_par' dir='ltr' id='par_1_19' title="bbox 73 2459 1010 2681">
     <span class='ocr_line' id='line_1_43' title="bbox 73 2459 1007 2530; baseline -0.002 -18"><span class='ocrx_word' id='word_1_225' title='bbox 73 2459 255 2530; x_wconf 50' lang='lat' dir='ltr'><em>ffiswt&#39;giiiiffiigiiff</em></span> <span class='ocrx_word' id='word_1_226' title='bbox 270 2480 335 2510; x_wconf 87' lang='lat' dir='ltr'><em>tum</em></span> <span class='ocrx_word' id='word_1_227' title='bbox 346 2477 531 2520; x_wconf 83' lang='lat' dir='ltr'><em>pateretur),</em></span> <span class='ocrx_word' id='word_1_228' title='bbox 541 2482 628 2510; x_wconf 89' lang='lat' dir='ltr'><em>motu</em></span> <span class='ocrx_word' id='word_1_229' title='bbox 640 2477 746 2518; x_wconf 84' lang='lat' dir='ltr'><em>simili,</em></span> <span class='ocrx_word' id='word_1_230' title='bbox 760 2487 938 2521; x_wconf 85' lang='lat' dir='ltr'><em>personam,</em></span> <span class='ocrx_word' id='word_1_231' title='bbox 953 2489 1007 2511; x_wconf 88' lang='lat' dir='ltr'><em>seu</em></span> 
     </span>
     <span class='ocr_line' id='line_1_44' title="bbox 113 2526 1006 2573; baseline 0 -10"><span class='ocrx_word' id='word_1_232' title='bbox 113 2526 118 2531; x_wconf 86' lang='lat'>&#39;</span> <span class='ocrx_word' id='word_1_233' title='bbox 269 2540 430 2572; x_wconf 80' lang='lat' dir='ltr'><em>personas,</em></span> <span class='ocrx_word' id='word_1_234' title='bbox 447 2530 479 2562; x_wconf 90' lang='lat' dir='ltr'><em>in</em></span> <span class='ocrx_word' id='word_1_235' title='bbox 501 2530 651 2573; x_wconf 85' lang='lat' dir='ltr'><em>dignitate</em></span> <span class='ocrx_word' id='word_1_236' title='bbox 675 2536 779 2563; x_wconf 86' lang='lat' dir='ltr'><em>tamen</em></span> <span class='ocrx_word' id='word_1_237' title='bbox 797 2531 1006 2565; x_wconf 72' lang='lat' dir='ltr'><em>ecclesiastiea</em></span> 
     </span>
     <span class='ocr_line' id='line_1_45' title="bbox 271 2583 1008 2628; baseline 0 -12"><span class='ocrx_word' id='word_1_238' title='bbox 271 2583 465 2623; x_wconf 84' lang='lat' dir='ltr'><em>constitutas,</em></span> <span class='ocrx_word' id='word_1_239' title='bbox 482 2594 499 2615; x_wconf 90' lang='lat' dir='ltr'><em>a</em></span> <span class='ocrx_word' id='word_1_240' title='bbox 519 2588 628 2617; x_wconf 84' lang='lat' dir='ltr'><em>nostro</em></span> <span class='ocrx_word' id='word_1_241' title='bbox 652 2589 682 2617; x_wconf 86' lang='lat' dir='ltr'><em>et</em></span> <span class='ocrx_word' id='word_1_242' title='bbox 706 2584 794 2617; x_wconf 81' lang='lat' dir='ltr'><em>Sedis</em></span> <span class='ocrx_word' id='word_1_243' title='bbox 812 2585 1008 2628; x_wconf 76' lang='lat' dir='ltr'><em>Apostolieae</em></span> 
     </span>
     <span class='ocr_line' id='line_1_46' title="bbox 271 2636 1010 2681; baseline 0.004 -13"><span class='ocrx_word' id='word_1_244' title='bbox 271 2636 386 2669; x_wconf 78' lang='lat' dir='ltr'><em>nuncio</em></span> <span class='ocrx_word' id='word_1_245' title='bbox 410 2641 483 2669; x_wconf 88' lang='lat' dir='ltr'><em>tunc</em></span> <span class='ocrx_word' id='word_1_246' title='bbox 508 2641 538 2669; x_wconf 87' lang='lat' dir='ltr'><em>et</em></span> <span class='ocrx_word' id='word_1_247' title='bbox 562 2648 620 2680; x_wconf 91' lang='lat' dir='ltr'><em>pro</em></span> <span class='ocrx_word' id='word_1_248' title='bbox 642 2643 782 2681; x_wconf 87' lang='lat' dir='ltr'><em>tempore</em></span> <span class='ocrx_word' id='word_1_249' title='bbox 804 2639 833 2670; x_wconf 90' lang='lat' dir='ltr'><em>in</em></span> <span class='ocrx_word' id='word_1_250' title='bbox 854 2638 944 2671; x_wconf 87' lang='lat' dir='ltr'><em>dictis</em></span> <span class='ocrx_word' id='word_1_251' title='bbox 965 2649 1010 2671; x_wconf 86' lang='lat' dir='ltr'><em>re-</em></span> 
     </span>
    </p>
   </div>
   <div class='ocr_carea' id='block_1_13' title="bbox 309 2697 807 2734">
    <p class='ocr_par' dir='ltr' id='par_1_20' title="bbox 309 2697 807 2734">
     <span class='ocr_line' id='line_1_47' title="bbox 309 2697 807 2734; baseline 0.006 -10"><span class='ocrx_word' id='word_1_252' title='bbox 309 2700 319 2725; x_wconf 88' lang='lat'><strong>1</strong></span> <span class='ocrx_word' id='word_1_253' title='bbox 343 2697 379 2724; x_wconf 87' lang='lat' dir='ltr'><em>Ex</em></span> <span class='ocrx_word' id='word_1_254' title='bbox 396 2697 503 2734; x_wconf 77' lang='lat' dir='ltr'><em>Regest.</em></span> <span class='ocrx_word' id='word_1_255' title='bbox 515 2698 542 2726; x_wconf 91' lang='lat' dir='ltr'><em>in</em></span> <span class='ocrx_word' id='word_1_256' title='bbox 557 2700 659 2727; x_wconf 85' lang='lat' dir='ltr'><em>Secret.</em></span> <span class='ocrx_word' id='word_1_257' title='bbox 672 2699 807 2727; x_wconf 85' lang='lat' dir='ltr'><em>Brevium.</em></span> 
     </span>
    </p>
   </div>
   <div class='ocr_carea' id='block_1_14' title="bbox 905 301 1139 326">
    <p class='ocr_par' dir='ltr' id='par_1_21' title="bbox 905 301 1139 326">
     <span class='ocr_line' id='line_1_48' title="bbox 905 301 1139 326; baseline -0.009 0"><span class='ocrx_word' id='word_1_258' title='bbox 905 301 1024 326; x_wconf 77' lang='lat' dir='ltr'>PAULUS</span> <span class='ocrx_word' id='word_1_259' title='bbox 1049 301 1068 324; x_wconf 69' lang='grc' dir='ltr'>Υ</span> <span class='ocrx_word' id='word_1_260' title='bbox 1093 301 1139 325; x_wconf 80' lang='grc' dir='ltr'><em>ΡΡ.</em></span> 
     </span>
    </p>
   </div>
   <div class='ocr_carea' id='block_1_15' title="bbox 1022 355 1027 1663">
    <p class='ocr_par' dir='ltr' id='par_1_22' title="bbox 1022 355 1027 1663">
     <span class='ocr_line' id='line_1_49' title="bbox 1022 355 1027 1663; baseline 0 0"><span class='ocrx_word' id='word_1_261' title='bbox 1022 355 1027 1663; x_wconf 95' lang='lat' dir='ltr'><em> </em></span> 
     </span>
    </p>
   </div>
   <div class='ocr_carea' id='block_1_16' title="bbox 1040 290 1783 2738">
    <p class='ocr_par' dir='ltr' id='par_1_23' title="bbox 1040 290 1783 1987">
     <span class='ocr_line' id='line_1_50' title="bbox 1683 290 1747 325; baseline -0.016 0"><span class='ocrx_word' id='word_1_262' title='bbox 1683 290 1747 325; x_wconf 66' lang='grc'>’2123</span> 
     </span>
     <span class='ocr_line' id='line_1_51' title="bbox 1041 348 1776 391; baseline -0.001 -11"><span class='ocrx_word' id='word_1_263' title='bbox 1041 348 1109 391; x_wconf 69' lang='lat' dir='ltr'><em>gnis</em></span> <span class='ocrx_word' id='word_1_264' title='bbox 1125 348 1267 380; x_wconf 77' lang='lat' dir='ltr'><em>existenti</em></span> <span class='ocrx_word' id='word_1_265' title='bbox 1284 348 1475 391; x_wconf 67' lang='lat' dir='ltr'><em>deputandas</em></span> <span class='ocrx_word' id='word_1_266' title='bbox 1489 348 1525 379; x_wconf 83' lang='lat' dir='ltr'><em>de</em></span> <span class='ocrx_word' id='word_1_267' title='bbox 1543 353 1595 380; x_wconf 86' lang='lat' dir='ltr'><em>tuo</em></span> <span class='ocrx_word' id='word_1_268' title='bbox 1612 358 1776 387; x_wconf 71' lang='lat' dir='ltr'><em>ronsensii,</em></span> 
     </span>
     <span class='ocr_line' id='line_1_52' title="bbox 1040 401 1774 444; baseline 0 -12"><span class='ocrx_word' id='word_1_269' title='bbox 1040 412 1075 433; x_wconf 80' lang='lat' dir='ltr'><em>ac</em></span> <span class='ocrx_word' id='word_1_270' title='bbox 1093 401 1183 434; x_wconf 81' lang='lat' dir='ltr'><em>toties</em></span> <span class='ocrx_word' id='word_1_271' title='bbox 1199 401 1321 444; x_wconf 79' lang='lat' dir='ltr'><em>quoties</em></span> <span class='ocrx_word' id='word_1_272' title='bbox 1339 401 1392 433; x_wconf 89' lang='lat' dir='ltr'><em>tibi</em></span> <span class='ocrx_word' id='word_1_273' title='bbox 1412 402 1569 434; x_wconf 66' lang='lat' dir='ltr'><em>miei-otin-</em></span> <span class='ocrx_word' id='word_1_274' title='bbox 1594 406 1620 433; x_wconf 86' lang='lat' dir='ltr'><em>ct</em></span> <span class='ocrx_word' id='word_1_275' title='bbox 1642 402 1774 444; x_wconf 79' lang='lat' dir='ltr'><em>placeret</em></span> 
     </span>
     <span class='ocr_line' id='line_1_53' title="bbox 1040 454 1777 495; baseline 0.001 -10"><span class='ocrx_word' id='word_1_276' title='bbox 1040 454 1247 491; x_wconf 62' lang='lat' dir='ltr'><em>:unm-nudas,</em></span> <span class='ocrx_word' id='word_1_277' title='bbox 1273 466 1306 487; x_wconf 74' lang='lat' dir='ltr'><em>as·</em></span> <span class='ocrx_word' id='word_1_278' title='bbox 1335 455 1436 495; x_wconf 77' lang='lat' dir='ltr'><em>illius,</em></span> <span class='ocrx_word' id='word_1_279' title='bbox 1463 466 1514 487; x_wconf 71' lang='lat' dir='ltr'><em>seii</em></span> <span class='ocrx_word' id='word_1_280' title='bbox 1542 455 1664 487; x_wconf 87' lang='lat' dir='ltr'><em>illarum</em></span> <span class='ocrx_word' id='word_1_281' title='bbox 1692 455 1777 493; x_wconf 81' lang='lat' dir='ltr'><em>loeo,</em></span> 
     </span>
     <span class='ocr_line' id='line_1_54' title="bbox 1040 506 1778 551; baseline -0.003 -13"><span class='ocrx_word' id='word_1_282' title='bbox 1040 506 1142 543; x_wconf 76' lang='lat' dir='ltr'><em>aliam,</em></span> <span class='ocrx_word' id='word_1_283' title='bbox 1169 518 1222 538; x_wconf 78' lang='lat' dir='ltr'><em>seii</em></span> <span class='ocrx_word' id='word_1_284' title='bbox 1247 508 1322 540; x_wconf 80' lang='lat' dir='ltr'><em>alias</em></span> <span class='ocrx_word' id='word_1_285' title='bbox 1347 508 1465 539; x_wconf 78' lang='lat' dir='ltr'><em>similes</em></span> <span class='ocrx_word' id='word_1_286' title='bbox 1491 517 1640 551; x_wconf 79' lang='lat' dir='ltr'><em>personas</em></span> <span class='ocrx_word' id='word_1_287' title='bbox 1663 518 1679 539; x_wconf 91' lang='lat' dir='ltr'><em>a</em></span> <span class='ocrx_word' id='word_1_288' title='bbox 1695 507 1778 539; x_wconf 78' lang='lat' dir='ltr'><em>dieto</em></span> 
     </span>
     <span class='ocr_line' id='line_1_55' title="bbox 1040 559 1779 604; baseline 0.001 -14"><span class='ocrx_word' id='word_1_289' title='bbox 1040 559 1155 591; x_wconf 84' lang='lat' dir='ltr'><em>mineio</em></span> <span class='ocrx_word' id='word_1_290' title='bbox 1180 560 1218 590; x_wconf 71' lang='lat' dir='ltr'><em>de.</em></span> <span class='ocrx_word' id='word_1_291' title='bbox 1238 560 1347 592; x_wconf 81' lang='lat' dir='ltr'><em>eodem</em></span> <span class='ocrx_word' id='word_1_292' title='bbox 1370 571 1522 593; x_wconf 75' lang='lat' dir='ltr'><em>consensu</em></span> <span class='ocrx_word' id='word_1_293' title='bbox 1549 566 1601 593; x_wconf 91' lang='lat' dir='ltr'><em>tuo</em></span> <span class='ocrx_word' id='word_1_294' title='bbox 1619 560 1779 604; x_wconf 81' lang='lat' dir='ltr'><em>ponendas</em></span> 
     </span>
     <span class='ocr_line' id='line_1_56' title="bbox 1041 612 1779 655; baseline 0.003 -12"><span class='ocrx_word' id='word_1_295' title='bbox 1041 622 1095 643; x_wconf 84' lang='lat' dir='ltr'><em>seu</em></span> <span class='ocrx_word' id='word_1_296' title='bbox 1115 612 1318 655; x_wconf 80' lang='lat' dir='ltr'><em>deputandas,</em></span> <span class='ocrx_word' id='word_1_297' title='bbox 1336 613 1605 646; x_wconf 71' lang='lat' dir='ltr'><em>adiiiiiiisti·ator‹3·s</em></span> <span class='ocrx_word' id='word_1_298' title='bbox 1626 613 1698 646; x_wconf 80' lang='lat' dir='ltr'><em>dieti</em></span> <span class='ocrx_word' id='word_1_299' title='bbox 1717 623 1779 645; x_wconf 90' lang='lat' dir='ltr'><em>mo-</em></span> 
     </span>
     <span class='ocr_line' id='line_1_57' title="bbox 1040 664 1775 707; baseline 0.001 -11"><span class='ocrx_word' id='word_1_300' title='bbox 1040 664 1178 703; x_wconf 82' lang='lat' dir='ltr'><em>nasterii,</em></span> <span class='ocrx_word' id='word_1_301' title='bbox 1193 665 1336 707; x_wconf 83' lang='lat' dir='ltr'><em>illiusque</em></span> <span class='ocrx_word' id='word_1_302' title='bbox 1362 665 1532 702; x_wconf 72' lang='lat' dir='ltr'><em>bonorum,</em></span> <span class='ocrx_word' id='word_1_303' title='bbox 1558 665 1735 698; x_wconf 81' lang='lat' dir='ltr'><em>reddituum</em></span> <span class='ocrx_word' id='word_1_304' title='bbox 1751 670 1775 697; x_wconf 85' lang='lat' dir='ltr'><em>et</em></span> 
     </span>
     <span class='ocr_line' id='line_1_58' title="bbox 1041 717 1776 762; baseline 0.001 -13"><span class='ocrx_word' id='word_1_305' title='bbox 1041 717 1154 749; x_wconf 89' lang='lat' dir='ltr'><em>iurium</em></span> <span class='ocrx_word' id='word_1_306' title='bbox 1173 728 1447 761; x_wconf 75' lang='lat' dir='ltr'><em>quoruniramque</em></span> <span class='ocrx_word' id='word_1_307' title='bbox 1470 719 1500 750; x_wconf 89' lang='grc'><em>111</em></span> <span class='ocrx_word' id='word_1_308' title='bbox 1518 718 1733 762; x_wconf 69' lang='lat' dir='ltr'><em>spiritualibus</em></span> <span class='ocrx_word' id='word_1_309' title='bbox 1750 724 1776 750; x_wconf 85' lang='lat' dir='ltr'><em>et</em></span> 
     </span>
     <span class='ocr_line' id='line_1_59' title="bbox 1041 770 1779 813; baseline 0.001 -12"><span class='ocrx_word' id='word_1_310' title='bbox 1041 770 1287 813; x_wconf 85' lang='lat' dir='ltr'><em>temporalibus,</em></span> <span class='ocrx_word' id='word_1_311' title='bbox 1313 770 1412 803; x_wconf 84' lang='lat' dir='ltr'><em>donec</em></span> <span class='ocrx_word' id='word_1_312' title='bbox 1438 771 1538 803; x_wconf 81' lang='lat' dir='ltr'><em>dietus</em></span> <span class='ocrx_word' id='word_1_313' title='bbox 1564 771 1779 803; x_wconf 65' lang='lat' dir='ltr'><em>roi-dinamius</em></span> 
     </span>
     <span class='ocr_line' id='line_1_60' title="bbox 1040 822 1781 867; baseline 0.003 -13"><span class='ocrx_word' id='word_1_314' title='bbox 1040 822 1078 854; x_wconf 90' lang='lat' dir='ltr'><em>ad</em></span> <span class='ocrx_word' id='word_1_315' title='bbox 1092 822 1263 864; x_wconf 75' lang='lat' dir='ltr'><em>legitimam</em></span> <span class='ocrx_word' id='word_1_316' title='bbox 1275 827 1407 855; x_wconf 81' lang='lat' dir='ltr'><em>aetatem</em></span> <span class='ocrx_word' id='word_1_317' title='bbox 1419 823 1620 867; x_wconf 70' lang='lat' dir='ltr'><em>pervenisset,</em></span> <span class='ocrx_word' id='word_1_318' title='bbox 1632 835 1702 856; x_wconf 87' lang='lat' dir='ltr'><em>cum</em></span> <span class='ocrx_word' id='word_1_319' title='bbox 1717 834 1781 856; x_wconf 85' lang='grc'>0111-</span> 
     </span>
     <span class='ocr_line' id='line_1_61' title="bbox 1040 875 1780 916; baseline 0.003 -10"><span class='ocrx_word' id='word_1_320' title='bbox 1040 875 1132 907; x_wconf 84' lang='lat' dir='ltr'><em>nibus</em></span> <span class='ocrx_word' id='word_1_321' title='bbox 1157 875 1364 916; x_wconf 77' lang='lat' dir='ltr'><em>facultatibus,</em></span> <span class='ocrx_word' id='word_1_322' title='bbox 1390 876 1650 916; x_wconf 81' lang='lat' dir='ltr'><em>inuiiiinitatibus,</em></span> <span class='ocrx_word' id='word_1_323' title='bbox 1675 887 1780 909; x_wconf 76' lang='lat' dir='ltr'><em>exem-</em></span> 
     </span>
     <span class='ocr_line' id='line_1_62' title="bbox 1041 928 1780 980; baseline 0.003 -22"><span class='ocrx_word' id='word_1_324' title='bbox 1041 928 1200 971; x_wconf 89' lang='lat' dir='ltr'><em>ptionibus</em></span> <span class='ocrx_word' id='word_1_325' title='bbox 1218 934 1245 961; x_wconf 88' lang='lat' dir='ltr'><em>et</em></span> <span class='ocrx_word' id='word_1_326' title='bbox 1272 929 1340 961; x_wconf 83' lang='lat' dir='ltr'><em>aliis</em></span> <span class='ocrx_word' id='word_1_327' title='bbox 1357 929 1467 980; x_wconf 66' lang='lat' dir='ltr'><em>gratiis</em></span> <span class='ocrx_word' id='word_1_328' title='bbox 1485 934 1546 961; x_wconf 87' lang='lat' dir='ltr'><em>tani</em></span> <span class='ocrx_word' id='word_1_329' title='bbox 1565 929 1780 973; x_wconf 66' lang='grc'>511111111111111115</span> 
     </span>
     <span class='ocr_line' id='line_1_63' title="bbox 1041 982 1782 1026; baseline 0.001 -13"><span class='ocrx_word' id='word_1_330' title='bbox 1041 992 1135 1024; x_wconf 83' lang='lat' dir='ltr'><em>quam</em></span> <span class='ocrx_word' id='word_1_331' title='bbox 1160 982 1388 1026; x_wconf 82' lang='lat' dir='ltr'><em>temporalibus</em></span> <span class='ocrx_word' id='word_1_332' title='bbox 1412 982 1566 1015; x_wconf 88' lang='lat' dir='ltr'><em>similibus</em></span> <span class='ocrx_word' id='word_1_333' title='bbox 1587 982 1782 1015; x_wconf 82' lang='lat' dir='ltr'><em>administra—</em></span> 
     </span>
     <span class='ocr_line' id='line_1_64' title="bbox 1041 1034 1779 1079; baseline 0.003 -13"><span class='ocrx_word' id='word_1_334' title='bbox 1041 1034 1163 1067; x_wconf 85' lang='lat' dir='ltr'><em>toribus</em></span> <span class='ocrx_word' id='word_1_335' title='bbox 1188 1037 1316 1068; x_wconf 78' lang='lat' dir='ltr'><em>eatenus</em></span> <span class='ocrx_word' id='word_1_336' title='bbox 1341 1036 1499 1069; x_wconf 79' lang='lat' dir='ltr'><em>concessis</em></span> <span class='ocrx_word' id='word_1_337' title='bbox 1520 1040 1547 1068; x_wconf 85' lang='lat' dir='ltr'><em>et</em></span> <span class='ocrx_word' id='word_1_338' title='bbox 1573 1036 1779 1079; x_wconf 84' lang='lat' dir='ltr'><em>imposterum</em></span> 
     </span>
     <span class='ocr_line' id='line_1_65' title="bbox 1042 1088 1781 1129; baseline 0.003 -9"><span class='ocrx_word' id='word_1_339' title='bbox 1042 1088 1261 1128; x_wconf 78' lang='lat' dir='ltr'><em>concedendis,</em></span> <span class='ocrx_word' id='word_1_340' title='bbox 1286 1100 1321 1121; x_wconf 86' lang='lat' dir='ltr'><em>ae</em></span> <span class='ocrx_word' id='word_1_341' title='bbox 1346 1089 1384 1122; x_wconf 83' lang='lat' dir='ltr'><em>de.</em></span> <span class='ocrx_word' id='word_1_342' title='bbox 1409 1090 1487 1129; x_wconf 82' lang='lat' dir='ltr'><em>iure,</em></span> <span class='ocrx_word' id='word_1_343' title='bbox 1513 1100 1588 1129; x_wconf 79' lang='lat' dir='ltr'><em>usu7</em></span> <span class='ocrx_word' id='word_1_344' title='bbox 1613 1094 1781 1122; x_wconf 86' lang='lat' dir='ltr'><em>eonsuetu-</em></span> 
     </span>
     <span class='ocr_line' id='line_1_66' title="bbox 1042 1141 1778 1186; baseline 0.004 -14"><span class='ocrx_word' id='word_1_345' title='bbox 1042 1141 1134 1182; x_wconf 85' lang='lat' dir='ltr'><em>dine,</em></span> <span class='ocrx_word' id='word_1_346' title='bbox 1161 1142 1344 1185; x_wconf 71' lang='lat' dir='ltr'><em>privilegio,</em></span> <span class='ocrx_word' id='word_1_347' title='bbox 1369 1148 1422 1175; x_wconf 86' lang='lat' dir='ltr'><em>aut</em></span> <span class='ocrx_word' id='word_1_348' title='bbox 1445 1143 1520 1175; x_wconf 77' lang='lat' dir='ltr'><em>alias</em></span> <span class='ocrx_word' id='word_1_349' title='bbox 1545 1143 1778 1186; x_wconf 75' lang='lat' dir='ltr'><em>quomodolibet</em></span> 
     </span>
     <span class='ocr_line' id='line_1_67' title="bbox 1042 1195 1783 1240; baseline 0.005 -14"><span class='ocrx_word' id='word_1_350' title='bbox 1042 1195 1292 1239; x_wconf 75' lang='lat' dir='ltr'><em>competentibus</em></span> <span class='ocrx_word' id='word_1_351' title='bbox 1317 1201 1342 1229; x_wconf 89' lang='lat' dir='ltr'><em>et</em></span> <span class='ocrx_word' id='word_1_352' title='bbox 1371 1197 1606 1240; x_wconf 77' lang='lat' dir='ltr'><em>competituris,</em></span> <span class='ocrx_word' id='word_1_353' title='bbox 1624 1196 1783 1230; x_wconf 86' lang='lat' dir='ltr'><em>eonstitui-</em></span> 
     </span>
     <span class='ocr_line' id='line_1_68' title="bbox 1042 1249 1781 1293; baseline 0.004 -14"><span class='ocrx_word' id='word_1_354' title='bbox 1042 1258 1112 1280; x_wconf 86' lang='lat' dir='ltr'><em>mus</em></span> <span class='ocrx_word' id='word_1_355' title='bbox 1138 1253 1165 1280; x_wconf 89' lang='lat' dir='ltr'><em>et</em></span> <span class='ocrx_word' id='word_1_356' title='bbox 1191 1249 1426 1293; x_wconf 71' lang='lat' dir='ltr'><em>deputariiiius3</em></span> <span class='ocrx_word' id='word_1_357' title='bbox 1452 1260 1560 1282; x_wconf 82' lang='lat' dir='ltr'><em>euram</em></span> <span class='ocrx_word' id='word_1_358' title='bbox 1588 1250 1686 1293; x_wconf 84' lang='lat' dir='ltr'><em>ipsius</em></span> <span class='ocrx_word' id='word_1_359' title='bbox 1716 1261 1781 1282; x_wconf 90' lang='lat' dir='ltr'><em>mo-</em></span> 
     </span>
     <span class='ocr_line' id='line_1_69' title="bbox 1042 1302 1783 1345; baseline 0.004 -12"><span class='ocrx_word' id='word_1_360' title='bbox 1042 1302 1168 1334; x_wconf 88' lang='lat' dir='ltr'><em>nasterii</em></span> <span class='ocrx_word' id='word_1_361' title='bbox 1190 1313 1224 1334; x_wconf 81' lang='lat' dir='ltr'><em>ac</em></span> <span class='ocrx_word' id='word_1_362' title='bbox 1250 1303 1429 1336; x_wconf 62' lang='lat' dir='ltr'><em>liuiusi&#39;nodi</em></span> <span class='ocrx_word' id='word_1_363' title='bbox 1456 1304 1597 1345; x_wconf 69' lang='lat' dir='ltr'><em>regimen</em></span> <span class='ocrx_word' id='word_1_364' title='bbox 1627 1308 1657 1336; x_wconf 85' lang='lat' dir='ltr'><em>et</em></span> <span class='ocrx_word' id='word_1_365' title='bbox 1688 1304 1783 1336; x_wconf 87' lang='lat' dir='ltr'><em>admi—</em></span> 
     </span>
     <span class='ocr_line' id='line_1_70' title="bbox 1042 1355 1780 1401; baseline 0.004 -15"><span class='ocrx_word' id='word_1_366' title='bbox 1042 1355 1258 1389; x_wconf 84' lang='lat' dir='ltr'><em>nistrationem</em></span> <span class='ocrx_word' id='word_1_367' title='bbox 1283 1367 1453 1400; x_wconf 75' lang='lat' dir='ltr'><em>personae,</em></span> <span class='ocrx_word' id='word_1_368' title='bbox 1479 1368 1533 1389; x_wconf 83' lang='lat' dir='ltr'><em>seu</em></span> <span class='ocrx_word' id='word_1_369' title='bbox 1558 1357 1724 1401; x_wconf 84' lang='lat' dir='ltr'><em>personis,</em></span> <span class='ocrx_word' id='word_1_370' title='bbox 1749 1363 1780 1390; x_wconf 88' lang='lat' dir='ltr'><em>ut</em></span> 
     </span>
     <span class='ocr_line' id='line_1_71' title="bbox 1042 1409 1782 1454; baseline 0.001 -13"><span class='ocrx_word' id='word_1_371' title='bbox 1042 1409 1266 1452; x_wconf 80' lang='lat' dir='ltr'><em>praetenditur,</em></span> <span class='ocrx_word' id='word_1_372' title='bbox 1284 1410 1440 1454; x_wconf 84' lang='lat' dir='ltr'><em>deputatis</em></span> <span class='ocrx_word' id='word_1_373' title='bbox 1454 1420 1508 1443; x_wconf 88' lang='lat' dir='ltr'><em>seu</em></span> <span class='ocrx_word' id='word_1_374' title='bbox 1526 1410 1713 1454; x_wconf 83' lang='lat' dir='ltr'><em>deputandis</em></span> <span class='ocrx_word' id='word_1_375' title='bbox 1728 1410 1782 1453; x_wconf 85' lang='lat' dir='ltr'><em>(ita</em></span> 
     </span>
     <span class='ocr_line' id='line_1_72' title="bbox 1043 1463 1783 1506; baseline 0.003 -12"><span class='ocrx_word' id='word_1_376' title='bbox 1043 1467 1146 1494; x_wconf 87' lang='lat' dir='ltr'><em>tamen</em></span> <span class='ocrx_word' id='word_1_377' title='bbox 1171 1463 1255 1506; x_wconf 86' lang='lat' dir='ltr'><em>quod</em></span> <span class='ocrx_word' id='word_1_378' title='bbox 1272 1463 1310 1495; x_wconf 86' lang='lat' dir='ltr'><em>ab</em></span> <span class='ocrx_word' id='word_1_379' title='bbox 1328 1463 1514 1495; x_wconf 84' lang='lat' dir='ltr'><em>alienatione</em></span> <span class='ocrx_word' id='word_1_380' title='bbox 1532 1463 1672 1506; x_wconf 83' lang='lat' dir='ltr'><em>qualibet</em></span> <span class='ocrx_word' id='word_1_381' title='bbox 1688 1463 1783 1496; x_wconf 90' lang='lat' dir='ltr'><em>bono-</em></span> 
     </span>
     <span class='ocr_line' id='line_1_73' title="bbox 1043 1515 1779 1560; baseline 0.003 -14"><span class='ocrx_word' id='word_1_382' title='bbox 1043 1525 1112 1547; x_wconf 85' lang='lat' dir='ltr'><em>ruiii</em></span> <span class='ocrx_word' id='word_1_383' title='bbox 1138 1515 1349 1548; x_wconf 90' lang='lat' dir='ltr'><em>immobilium</em></span> <span class='ocrx_word' id='word_1_384' title='bbox 1375 1520 1402 1548; x_wconf 84' lang='lat' dir='ltr'><em>et</em></span> <span class='ocrx_word' id='word_1_385' title='bbox 1429 1516 1642 1560; x_wconf 88' lang='lat' dir='ltr'><em>pretiosorum</em></span> <span class='ocrx_word' id='word_1_386' title='bbox 1674 1516 1779 1549; x_wconf 88' lang='lat' dir='ltr'><em>mobi-</em></span> 
     </span>
     <span class='ocr_line' id='line_1_74' title="bbox 1042 1568 1781 1602; baseline 0.004 -3"><span class='ocrx_word' id='word_1_387' title='bbox 1042 1568 1117 1600; x_wconf 88' lang='lat' dir='ltr'><em>lium</em></span> <span class='ocrx_word' id='word_1_388' title='bbox 1132 1579 1258 1602; x_wconf 85' lang='lat' dir='ltr'><em>mensae</em></span> <span class='ocrx_word' id='word_1_389' title='bbox 1272 1569 1434 1602; x_wconf 87' lang='lat' dir='ltr'><em>abbatialis</em></span> <span class='ocrx_word' id='word_1_390' title='bbox 1445 1569 1586 1602; x_wconf 86' lang='lat' dir='ltr'><em>eiusdem</em></span> <span class='ocrx_word' id='word_1_391' title='bbox 1601 1570 1781 1602; x_wconf 88' lang='lat' dir='ltr'><em>monasterii</em></span> 
     </span>
     <span class='ocr_line' id='line_1_75' title="bbox 1041 1621 1782 1664; baseline 0.001 -12"><span class='ocrx_word' id='word_1_392' title='bbox 1041 1621 1164 1664; x_wconf 83' lang='lat' dir='ltr'><em>penitus</em></span> <span class='ocrx_word' id='word_1_393' title='bbox 1189 1633 1221 1654; x_wconf 88' lang='lat' dir='ltr'><em>se</em></span> <span class='ocrx_word' id='word_1_394' title='bbox 1246 1622 1427 1663; x_wconf 84' lang='lat' dir='ltr'><em>abstineret,</em></span> <span class='ocrx_word' id='word_1_395' title='bbox 1450 1633 1504 1655; x_wconf 86' lang='lat' dir='ltr'><em>seii</em></span> <span class='ocrx_word' id='word_1_396' title='bbox 1529 1623 1730 1663; x_wconf 79' lang='lat' dir='ltr'><em>abstinerent,</em></span> <span class='ocrx_word' id='word_1_397' title='bbox 1748 1633 1782 1655; x_wconf 78' lang='lat' dir='ltr'><em>ac</em></span> 
     </span>
     <span class='ocr_line' id='line_1_76' title="bbox 1041 1675 1783 1720; baseline 0.001 -13"><span class='ocrx_word' id='word_1_398' title='bbox 1041 1675 1079 1707; x_wconf 90' lang='lat' dir='ltr'><em>de</em></span> <span class='ocrx_word' id='word_1_399' title='bbox 1104 1675 1238 1719; x_wconf 77' lang='lat' dir='ltr'><em>receptis</em></span> <span class='ocrx_word' id='word_1_400' title='bbox 1265 1686 1320 1708; x_wconf 84' lang='lat' dir='ltr'><em>seu</em></span> <span class='ocrx_word' id='word_1_401' title='bbox 1344 1676 1569 1709; x_wconf 79' lang='lat' dir='ltr'><em>administratis</em></span> <span class='ocrx_word' id='word_1_402' title='bbox 1587 1676 1690 1720; x_wconf 83' lang='lat' dir='ltr'><em>quoad</em></span> <span class='ocrx_word' id='word_1_403' title='bbox 1708 1681 1783 1708; x_wconf 89' lang='lat' dir='ltr'><em>tem-</em></span> 
     </span>
     <span class='ocr_line' id='line_1_77' title="bbox 1041 1728 1783 1771; baseline 0.001 -11"><span class='ocrx_word' id='word_1_404' title='bbox 1041 1728 1159 1771; x_wconf 86' lang='lat' dir='ltr'><em>poralia</em></span> <span class='ocrx_word' id='word_1_405' title='bbox 1185 1734 1302 1761; x_wconf 90' lang='lat' dir='ltr'><em>tantum</em></span> <span class='ocrx_word' id='word_1_406' title='bbox 1329 1729 1481 1762; x_wconf 88' lang='lat' dir='ltr'><em>rationem</em></span> <span class='ocrx_word' id='word_1_407' title='bbox 1501 1729 1555 1761; x_wconf 90' lang='lat' dir='ltr'><em>tibi</em></span> <span class='ocrx_word' id='word_1_408' title='bbox 1573 1729 1701 1763; x_wconf 88' lang='lat' dir='ltr'><em>omnino</em></span> <span class='ocrx_word' id='word_1_409' title='bbox 1717 1730 1783 1762; x_wconf 81' lang='lat' dir='ltr'><em>red-</em></span> 
     </span>
     <span class='ocr_line' id='line_1_78' title="bbox 1041 1782 1782 1826; baseline 0.004 -13"><span class='ocrx_word' id='word_1_410' title='bbox 1041 1782 1115 1814; x_wconf 84' lang='lat' dir='ltr'><em>dere</em></span> <span class='ocrx_word' id='word_1_411' title='bbox 1140 1787 1344 1821; x_wconf 86' lang='lat' dir='ltr'><em>tenerentur,</em></span> <span class='ocrx_word' id='word_1_412' title='bbox 1376 1787 1474 1817; x_wconf 86' lang='lat' dir='ltr'><em>aetate</em></span> <span class='ocrx_word' id='word_1_413' title='bbox 1506 1788 1610 1816; x_wconf 84' lang='lat' dir='ltr'><em>autem</em></span> <span class='ocrx_word' id='word_1_414' title='bbox 1642 1784 1782 1826; x_wconf 73' lang='lat' dir='ltr'><em>legitima</em></span> 
     </span>
     <span class='ocr_line' id='line_1_79' title="bbox 1041 1836 1782 1881; baseline 0.003 -13"><span class='ocrx_word' id='word_1_415' title='bbox 1041 1836 1142 1869; x_wconf 80' lang='lat' dir='ltr'><em>eidem</em></span> <span class='ocrx_word' id='word_1_416' title='bbox 1160 1837 1358 1870; x_wconf 83' lang='lat' dir='ltr'><em>Ferdinando</em></span> <span class='ocrx_word' id='word_1_417' title='bbox 1372 1838 1575 1880; x_wconf 71' lang='lat' dir='ltr'><em>suffragante,</em></span> <span class='ocrx_word' id='word_1_418' title='bbox 1590 1838 1662 1881; x_wconf 85' lang='lat' dir='ltr'><em>sibi)</em></span> <span class='ocrx_word' id='word_1_419' title='bbox 1680 1838 1782 1881; x_wconf 80' lang='lat' dir='ltr'><em>plena-</em></span> 
     </span>
     <span class='ocr_line' id='line_1_80' title="bbox 1041 1888 1781 1934; baseline 0.001 -13"><span class='ocrx_word' id='word_1_420' title='bbox 1041 1888 1087 1921; x_wconf 86' lang='lat' dir='ltr'><em>rie</em></span> <span class='ocrx_word' id='word_1_421' title='bbox 1111 1890 1356 1931; x_wconf 83' lang='lat' dir='ltr'><em>committendo,</em></span> <span class='ocrx_word' id='word_1_422' title='bbox 1382 1894 1474 1934; x_wconf 89' lang='lat' dir='ltr'><em>prout</em></span> <span class='ocrx_word' id='word_1_423' title='bbox 1499 1890 1530 1922; x_wconf 89' lang='lat' dir='ltr'><em>in</em></span> <span class='ocrx_word' id='word_1_424' title='bbox 1554 1890 1645 1923; x_wconf 81' lang='lat' dir='ltr'><em>dietis</em></span> <span class='ocrx_word' id='word_1_425' title='bbox 1670 1891 1781 1924; x_wconf 81' lang='lat' dir='ltr'><em>litteris</em></span> 
     </span>
     <span class='ocr_line' id='line_1_81' title="bbox 1041 1943 1395 1987; baseline 0.003 -12"><span class='ocrx_word' id='word_1_426' title='bbox 1041 1943 1163 1987; x_wconf 84' lang='lat' dir='ltr'><em>plenius</em></span> <span class='ocrx_word' id='word_1_427' title='bbox 1187 1945 1364 1977; x_wconf 80' lang='lat' dir='ltr'><em>continetur</em></span> <span class='ocrx_word' id='word_1_428' title='bbox 1378 1943 1395 1976; x_wconf 90' lang='lat'><em>¹.</em></span> 
     </span>
    </p>

    <p class='ocr_par' dir='ltr' id='par_1_24' title="bbox 1040 1997 1782 2467">
     <span class='ocr_line' id='line_1_82' title="bbox 1085 1997 1782 2042; baseline 0 -12"><span class='ocrx_word' id='word_1_429' title='bbox 1085 1998 1100 2041; x_wconf 58' lang='grc' dir='ltr'>ξ</span> <span class='ocrx_word' id='word_1_430' title='bbox 1123 1998 1152 2030; x_wconf 77' lang='lat'><em>3.</em></span> <span class='ocrx_word' id='word_1_431' title='bbox 1179 1997 1254 2031; x_wconf 86' lang='lat' dir='ltr'><em>Cum</em></span> <span class='ocrx_word' id='word_1_432' title='bbox 1279 2003 1396 2038; x_wconf 86' lang='lat' dir='ltr'><em>autem,</em></span> <span class='ocrx_word' id='word_1_433' title='bbox 1421 1998 1498 2030; x_wconf 75' lang='lat' dir='ltr'><em>sieut</em></span> <span class='ocrx_word' id='word_1_434' title='bbox 1526 1999 1715 2042; x_wconf 76' lang='lat' dir='ltr'><em>accepimus,</em></span> <span class='ocrx_word' id='word_1_435' title='bbox 1738 1998 1782 2030; x_wconf 89' lang='lat' dir='ltr'><em>di-</em></span> 
     </span>
     <span class='ocr_line' id='line_1_83' title="bbox 1041 2051 1782 2096; baseline 0.003 -13"><span class='ocrx_word' id='word_1_436' title='bbox 1041 2056 1091 2084; x_wconf 89' lang='lat' dir='ltr'><em>cto</em></span> <span class='ocrx_word' id='word_1_437' title='bbox 1116 2051 1315 2085; x_wconf 83' lang='lat' dir='ltr'><em>Ferdinando</em></span> <span class='ocrx_word' id='word_1_438' title='bbox 1332 2052 1433 2095; x_wconf 74' lang='lat' dir='ltr'><em>magis</em></span> <span class='ocrx_word' id='word_1_439' title='bbox 1451 2053 1628 2085; x_wconf 84' lang='lat' dir='ltr'><em>consultum</em></span> <span class='ocrx_word' id='word_1_440' title='bbox 1647 2057 1677 2085; x_wconf 82' lang='lat' dir='ltr'><em>et</em></span> <span class='ocrx_word' id='word_1_441' title='bbox 1694 2062 1782 2096; x_wconf 77' lang='lat' dir='ltr'><em>expe-</em></span> 
     </span>
     <span class='ocr_line' id='line_1_84' title="bbox 1040 2104 1781 2146; baseline 0.003 -10"><span class='ocrx_word' id='word_1_442' title='bbox 1040 2104 1129 2137; x_wconf 88' lang='lat' dir='ltr'><em>diens</em></span> <span class='ocrx_word' id='word_1_443' title='bbox 1153 2105 1202 2143; x_wconf 83' lang='lat' dir='ltr'><em>sit,</em></span> <span class='ocrx_word' id='word_1_444' title='bbox 1220 2109 1263 2145; x_wconf 85' lang='lat' dir='ltr'><em>ut,</em></span> <span class='ocrx_word' id='word_1_445' title='bbox 1283 2106 1415 2138; x_wconf 85' lang='lat' dir='ltr'><em>durante</em></span> <span class='ocrx_word' id='word_1_446' title='bbox 1440 2106 1554 2138; x_wconf 89' lang='lat' dir='ltr'><em>minori</em></span> <span class='ocrx_word' id='word_1_447' title='bbox 1580 2110 1690 2146; x_wconf 83' lang='lat' dir='ltr'><em>aetate,</em></span> <span class='ocrx_word' id='word_1_448' title='bbox 1708 2117 1781 2138; x_wconf 83' lang='lat' dir='ltr'><em>eura</em></span> 
     </span>
     <span class='ocr_line' id='line_1_85' title="bbox 1041 2157 1781 2192; baseline 0.003 -3"><span class='ocrx_word' id='word_1_449' title='bbox 1041 2162 1071 2189; x_wconf 91' lang='lat' dir='ltr'><em>et</em></span> <span class='ocrx_word' id='word_1_450' title='bbox 1094 2157 1326 2192; x_wconf 86' lang='lat' dir='ltr'><em>administratio</em></span> <span class='ocrx_word' id='word_1_451' title='bbox 1344 2159 1525 2192; x_wconf 87' lang='lat' dir='ltr'><em>monasterii</em></span> <span class='ocrx_word' id='word_1_452' title='bbox 1552 2158 1733 2192; x_wconf 84' lang='lat' dir='ltr'><em>huiusmodi</em></span> <span class='ocrx_word' id='word_1_453' title='bbox 1752 2159 1781 2191; x_wconf 92' lang='lat' dir='ltr'><em>iii</em></span> 
     </span>
     <span class='ocr_line' id='line_1_86' title="bbox 1041 2211 1778 2256; baseline 0.003 -14"><span class='ocrx_word' id='word_1_454' title='bbox 1041 2211 1269 2254; x_wconf 86' lang='lat' dir='ltr'><em>temporalibus</em></span> <span class='ocrx_word' id='word_1_455' title='bbox 1294 2211 1331 2243; x_wconf 85' lang='lat' dir='ltr'><em>ad</em></span> <span class='ocrx_word' id='word_1_456' title='bbox 1358 2212 1440 2244; x_wconf 86' lang='lat' dir='ltr'><em>illius</em></span> <span class='ocrx_word' id='word_1_457' title='bbox 1472 2217 1660 2256; x_wconf 83' lang='lat' dir='ltr'><em>perpetuum</em></span> <span class='ocrx_word' id='word_1_458' title='bbox 1686 2222 1778 2245; x_wconf 68' lang='lat' dir='ltr'><em>eom-</em></span> 
     </span>
     <span class='ocr_line' id='line_1_87' title="bbox 1042 2263 1782 2308; baseline 0.003 -13"><span class='ocrx_word' id='word_1_459' title='bbox 1042 2263 1271 2296; x_wconf 84' lang='lat' dir='ltr'><em>iiiendatarium</em></span> <span class='ocrx_word' id='word_1_460' title='bbox 1284 2276 1342 2308; x_wconf 91' lang='lat' dir='ltr'><em>pro</em></span> <span class='ocrx_word' id='word_1_461' title='bbox 1356 2270 1498 2308; x_wconf 84' lang='lat' dir='ltr'><em>tempore</em></span> <span class='ocrx_word' id='word_1_462' title='bbox 1512 2266 1696 2298; x_wconf 81' lang='lat' dir='ltr'><em>existentem</em></span> <span class='ocrx_word' id='word_1_463' title='bbox 1716 2276 1782 2308; x_wconf 79' lang='lat' dir='ltr'><em>per-</em></span> 
     </span>
     <span class='ocr_line' id='line_1_88' title="bbox 1042 2317 1781 2362; baseline 0.001 -13"><span class='ocrx_word' id='word_1_464' title='bbox 1042 2317 1211 2350; x_wconf 83' lang='lat' dir='ltr'><em>tinentibus</em></span> <span class='ocrx_word' id='word_1_465' title='bbox 1236 2318 1329 2351; x_wconf 79' lang='lat' dir='ltr'><em>alicui</em></span> <span class='ocrx_word' id='word_1_466' title='bbox 1354 2329 1508 2362; x_wconf 86' lang='lat' dir='ltr'><em>personae</em></span> <span class='ocrx_word' id='word_1_467' title='bbox 1534 2319 1666 2351; x_wconf 80' lang='lat' dir='ltr'><em>seculari</em></span> <span class='ocrx_word' id='word_1_468' title='bbox 1693 2319 1730 2351; x_wconf 85' lang='lat' dir='ltr'><em>ad</em></span> <span class='ocrx_word' id='word_1_469' title='bbox 1752 2319 1781 2351; x_wconf 89' lang='lat' dir='ltr'><em>id</em></span> 
     </span>
     <span class='ocr_line' id='line_1_89' title="bbox 1041 2365 1782 2415; baseline 0.003 -13"><span class='ocrx_word' id='word_1_470' title='bbox 1041 2380 1058 2402; x_wconf 88' lang='lat' dir='ltr'><em>a</em></span> <span class='ocrx_word' id='word_1_471' title='bbox 1071 2375 1100 2402; x_wconf 88' lang='lat' dir='ltr'><em>te</em></span> <span class='ocrx_word' id='word_1_472' title='bbox 1114 2370 1180 2403; x_wconf 85' lang='lat' dir='ltr'><em>eius</em></span> <span class='ocrx_word' id='word_1_473' title='bbox 1201 2371 1353 2413; x_wconf 75' lang='lat' dir='ltr'><em>genitore,</em></span> <span class='ocrx_word' id='word_1_474' title='bbox 1371 2381 1432 2404; x_wconf 89' lang='lat' dir='ltr'><em>non</em></span> <span class='ocrx_word' id='word_1_475' title='bbox 1447 2365 1550 2404; x_wconf 80' lang='lat' dir='ltr'><em>autem</em></span> <span class='ocrx_word' id='word_1_476' title='bbox 1564 2372 1679 2405; x_wconf 87' lang='lat' dir='ltr'><em>nuncio</em></span> <span class='ocrx_word' id='word_1_477' title='bbox 1696 2382 1782 2415; x_wconf 88' lang='lat' dir='ltr'><em>prae-</em></span> 
     </span>
     <span class='ocr_line' id='line_1_90' title="bbox 1041 2422 1614 2467; baseline 0.003 -12"><span class='ocrx_word' id='word_1_478' title='bbox 1041 2422 1135 2463; x_wconf 79' lang='lat' dir='ltr'><em>dicto,</em></span> <span class='ocrx_word' id='word_1_479' title='bbox 1160 2424 1355 2467; x_wconf 82' lang='lat' dir='ltr'><em>deputandae</em></span> <span class='ocrx_word' id='word_1_480' title='bbox 1380 2425 1614 2465; x_wconf 66' lang='lat' dir='ltr'><em>committatur,</em></span> 
     </span>
    </p>

    <p class='ocr_par' dir='ltr' id='par_1_25' title="bbox 1042 2477 1782 2682">
     <span class='ocr_line' id='line_1_91' title="bbox 1086 2477 1780 2523; baseline 0.004 -14"><span class='ocrx_word' id='word_1_481' title='bbox 1086 2478 1100 2519; x_wconf 63' lang='grc' dir='ltr'><strong>ξ</strong></span> <span class='ocrx_word' id='word_1_482' title='bbox 1118 2477 1146 2509; x_wconf 68' lang='grc'><em>4.</em></span> <span class='ocrx_word' id='word_1_483' title='bbox 1160 2478 1231 2515; x_wconf 77' lang='lat' dir='ltr'><em>Nos,</em></span> <span class='ocrx_word' id='word_1_484' title='bbox 1245 2489 1339 2521; x_wconf 84' lang='lat' dir='ltr'><em>super</em></span> <span class='ocrx_word' id='word_1_485' title='bbox 1356 2478 1404 2510; x_wconf 89' lang='grc'>1115</span> <span class='ocrx_word' id='word_1_486' title='bbox 1418 2484 1596 2522; x_wconf 87' lang='lat' dir='ltr'><em>opportune</em></span> <span class='ocrx_word' id='word_1_487' title='bbox 1614 2479 1780 2523; x_wconf 71' lang='lat' dir='ltr'><em>providere</em></span> 
     </span>
     <span class='ocr_line' id='line_1_92' title="bbox 1042 2531 1781 2575; baseline 0.005 -14"><span class='ocrx_word' id='word_1_488' title='bbox 1042 2531 1197 2567; x_wconf 73' lang='lat' dir='ltr'><em>volentes,</em></span> <span class='ocrx_word' id='word_1_489' title='bbox 1229 2542 1264 2563; x_wconf 76' lang='lat' dir='ltr'><em>ae</em></span> <span class='ocrx_word' id='word_1_490' title='bbox 1295 2531 1471 2563; x_wconf 84' lang='lat' dir='ltr'><em>litterarum</em></span> <span class='ocrx_word' id='word_1_491' title='bbox 1496 2532 1726 2575; x_wconf 77' lang='lat' dir='ltr'><em>praedictarum</em></span> <span class='ocrx_word' id='word_1_492' title='bbox 1752 2539 1781 2565; x_wconf 54' lang='lat' dir='ltr'><em>et,</em></span> 
     </span>
     <span class='ocr_line' id='line_1_93' title="bbox 1043 2583 1782 2629; baseline 0.008 -15"><span class='ocrx_word' id='word_1_493' title='bbox 1043 2583 1113 2615; x_wconf 81' lang='lat' dir='ltr'><em>inde</em></span> <span class='ocrx_word' id='word_1_494' title='bbox 1138 2590 1342 2626; x_wconf 77' lang='lat' dir='ltr'><em>sequutorum</em></span> <span class='ocrx_word' id='word_1_495' title='bbox 1366 2596 1639 2629; x_wconf 78' lang='lat' dir='ltr'><em>quorumeumspie</em></span> <span class='ocrx_word' id='word_1_496' title='bbox 1657 2592 1782 2620; x_wconf 80' lang='lat' dir='ltr'><em>tenores</em></span> 
     </span>
     <span class='ocr_line' id='line_1_94' title="bbox 1043 2638 1780 2682; baseline 0.009 -15"><span class='ocrx_word' id='word_1_497' title='bbox 1043 2638 1258 2679; x_wconf 84' lang='lat' dir='ltr'><em>praesentibus</em></span> <span class='ocrx_word' id='word_1_498' title='bbox 1274 2649 1332 2681; x_wconf 88' lang='lat' dir='ltr'><em>pro</em></span> <span class='ocrx_word' id='word_1_499' title='bbox 1346 2639 1499 2682; x_wconf 72' lang='lat' dir='ltr'><em>expressis</em></span> <span class='ocrx_word' id='word_1_500' title='bbox 1517 2640 1676 2679; x_wconf 79' lang='lat' dir='ltr'><em>habentes,</em></span> <span class='ocrx_word' id='word_1_501' title='bbox 1695 2647 1780 2674; x_wconf 88' lang='lat' dir='ltr'><em>motu</em></span> 
     </span>
    </p>

    <p class='ocr_par' dir='ltr' id='par_1_26' title="bbox 1082 2701 1743 2738">
     <span class='ocr_line' id='line_1_95' title="bbox 1082 2701 1743 2738; baseline 0.008 -13"><span class='ocrx_word' id='word_1_502' title='bbox 1082 2702 1090 2726; x_wconf 88' lang='grc'><em>1</em></span> <span class='ocrx_word' id='word_1_503' title='bbox 1114 2702 1186 2732; x_wconf 82' lang='lat' dir='ltr'><em>Quas</em></span> <span class='ocrx_word' id='word_1_504' title='bbox 1207 2708 1259 2728; x_wconf 87' lang='lat' dir='ltr'><em>non</em></span> <span class='ocrx_word' id='word_1_505' title='bbox 1280 2705 1343 2737; x_wconf 86' lang='lat' dir='ltr'><em>puto</em></span> <span class='ocrx_word' id='word_1_506' title='bbox 1365 2710 1423 2729; x_wconf 85' lang='lat' dir='ltr'><em>esse</em></span> <span class='ocrx_word' id='word_1_507' title='bbox 1444 2701 1469 2728; x_wconf 91' lang='lat' dir='ltr'><em>in</em></span> <span class='ocrx_word' id='word_1_508' title='bbox 1490 2703 1623 2730; x_wconf 81' lang='lat' dir='ltr'><em>Bullario</em></span> <span class='ocrx_word' id='word_1_509' title='bbox 1643 2704 1679 2738; x_wconf 78' lang='grc'>(11.</span> <span class='ocrx_word' id='word_1_510' title='bbox 1697 2705 1743 2738; x_wconf 68' lang='grc'>1.),</span> 
     </span>
    </p>
   </div>
   <div class='ocr_carea' id='block_1_17' title="bbox 1796 299 1975 327">
    <p class='ocr_par' dir='ltr' id='par_1_27' title="bbox 1796 299 1975 327">
     <span class='ocr_line' id='line_1_96' title="bbox 1796 299 1975 327; baseline 0.006 -1"><span class='ocrx_word' id='word_1_511' title='bbox 1796 300 1845 326; x_wconf 86' lang='grc' dir='ltr'>Α11.</span> <span class='ocrx_word' id='word_1_512' title='bbox 1862 300 1889 326; x_wconf 86' lang='lat' dir='ltr'><em>C.</em></span> <span class='ocrx_word' id='word_1_513' title='bbox 1910 299 1975 327; x_wconf 75' lang='lat'>1613</span> 
     </span>
    </p>
   </div>
   <div class='ocr_carea' id='block_1_18' title="bbox 1797 2010 1984 2194">
    <p class='ocr_par' dir='ltr' id='par_1_28' title="bbox 1797 2010 1984 2194">
     <span class='ocr_line' id='line_1_97' title="bbox 1824 2010 1981 2031; baseline -0.013 0"><span class='ocrx_word' id='word_1_514' title='bbox 1824 2010 1865 2031; x_wconf 70' lang='lat' dir='ltr'><em>Seil</em></span> <span class='ocrx_word' id='word_1_515' title='bbox 1875 2015 1921 2030; x_wconf 79' lang='lat' dir='ltr'><em>eum</em></span> <span class='ocrx_word' id='word_1_516' title='bbox 1932 2015 1981 2029; x_wconf 82' lang='lat' dir='ltr'><em>eou-</em></span> 
     </span>
     <span class='ocr_line' id='line_1_98' title="bbox 1797 2037 1981 2061; baseline -0.011 -4"><span class='ocrx_word' id='word_1_517' title='bbox 1797 2037 1871 2057; x_wconf 70' lang='lat' dir='ltr'><em>sultius</em></span> <span class='ocrx_word' id='word_1_518' title='bbox 1882 2042 1928 2056; x_wconf 75' lang='lat' dir='ltr'><em>esse</em></span> <span class='ocrx_word' id='word_1_519' title='bbox 1944 2041 1981 2061; x_wconf 84' lang='lat' dir='ltr'><em>pii-</em></span> 
     </span>
     <span class='ocr_line' id='line_1_99' title="bbox 1798 2063 1984 2087; baseline -0.011 -4"><span class='ocrx_word' id='word_1_520' title='bbox 1798 2066 1853 2084; x_wconf 75' lang='lat' dir='ltr'><em>tetur</em></span> <span class='ocrx_word' id='word_1_521' title='bbox 1862 2079 1866 2087; x_wconf 76' lang='lat'><em>,</em></span> <span class='ocrx_word' id='word_1_522' title='bbox 1891 2063 1984 2083; x_wconf 81' lang='lat' dir='ltr'><em>admini-</em></span> 
     </span>
     <span class='ocr_line' id='line_1_100' title="bbox 1797 2092 1980 2111; baseline -0.016 0"><span class='ocrx_word' id='word_1_523' title='bbox 1797 2092 1908 2111; x_wconf 77' lang='lat' dir='ltr'><em>stratorem</em></span> <span class='ocrx_word' id='word_1_524' title='bbox 1961 2094 1980 2108; x_wconf 90' lang='lat' dir='ltr'><em>in</em></span> 
     </span>
     <span class='ocr_line' id='line_1_101' title="bbox 1798 2115 1981 2141; baseline -0.022 -4"><span class='ocrx_word' id='word_1_525' title='bbox 1798 2115 1948 2141; x_wconf 78' lang='lat' dir='ltr'><em>temporalibus</em></span> <span class='ocrx_word' id='word_1_526' title='bbox 1955 2115 1981 2134; x_wconf 82' lang='lat' dir='ltr'><em>:ib</em></span> 
     </span>
     <span class='ocr_line' id='line_1_102' title="bbox 1798 2141 1981 2168; baseline -0.005 -6"><span class='ocrx_word' id='word_1_527' title='bbox 1798 2149 1843 2168; x_wconf 67' lang='lat' dir='ltr'><em>ipso</em></span> <span class='ocrx_word' id='word_1_528' title='bbox 1854 2148 1902 2167; x_wconf 65' lang='lat' dir='ltr'><em>rege</em></span> <span class='ocrx_word' id='word_1_529' title='bbox 1914 2141 1981 2167; x_wconf 82' lang='lat' dir='ltr'><em>depu-</em></span> 
     </span>
     <span class='ocr_line' id='line_1_103' title="bbox 1798 2172 1850 2194; baseline 0.019 -5"><span class='ocrx_word' id='word_1_530' title='bbox 1798 2172 1836 2191; x_wconf 83' lang='lat' dir='ltr'><em>tari</em></span> <span class='ocrx_word' id='word_1_531' title='bbox 1846 2186 1850 2194; x_wconf 66' lang='grc'>,</span> 
     </span>
    </p>
   </div>
   <div class='ocr_carea' id='block_1_19' title="bbox 1797 2496 1981 2598">
    <p class='ocr_par' dir='ltr' id='par_1_29' title="bbox 1797 2496 1981 2598">
     <span class='ocr_line' id='line_1_104' title="bbox 1810 2496 1980 2516; baseline 0 0"><span class='ocrx_word' id='word_1_532' title='bbox 1810 2496 1945 2516; x_wconf 57' lang='lat' dir='ltr'><em>Ner-esurias</em></span> <span class='ocrx_word' id='word_1_533' title='bbox 1954 2496 1980 2516; x_wconf 84' lang='lat' dir='ltr'><em>ad</em></span> 
     </span>
     <span class='ocr_line' id='line_1_105' title="bbox 1799 2523 1981 2543; baseline 0 0"><span class='ocrx_word' id='word_1_534' title='bbox 1799 2523 1818 2543; x_wconf 85' lang='lat' dir='ltr'><em>id</em></span> <span class='ocrx_word' id='word_1_535' title='bbox 1836 2523 1913 2543; x_wconf 73' lang='lat' dir='ltr'><em>Paulus</em></span> <span class='ocrx_word' id='word_1_536' title='bbox 1933 2528 1981 2543; x_wconf 82' lang='lat' dir='ltr'><em>con-</em></span> 
     </span>
     <span class='ocr_line' id='line_1_106' title="bbox 1797 2549 1980 2575; baseline 0.005 -6"><span class='ocrx_word' id='word_1_537' title='bbox 1797 2550 1854 2570; x_wconf 80' lang='lat' dir='ltr'><em>eedit</em></span> <span class='ocrx_word' id='word_1_538' title='bbox 1883 2556 1927 2575; x_wconf 73' lang='lat' dir='ltr'><em>regi</em></span> <span class='ocrx_word' id='word_1_539' title='bbox 1952 2549 1980 2570; x_wconf 79' lang='lat' dir='ltr'><em>fa-</em></span> 
     </span>
     <span class='ocr_line' id='line_1_107' title="bbox 1797 2577 1893 2598; baseline 0 -2"><span class='ocrx_word' id='word_1_540' title='bbox 1797 2577 1893 2598; x_wconf 77' lang='lat' dir='ltr'><em>cultates.</em></span> 
     </span>
    </p>
   </div>
  </div>
 </body>
</html>
