2293 3231
85 264 133 292 An.
154 263 270 291 (21612

924 262 1042 287 PAULUs
1062 263 1082 286 V
1101 263 1149 287 Pr.

283 311 383 356 possit
406 310 444 343 ad
464 320 570 343 earum
596 310 838 354 expeditionem,
863 312 1020 355 composi-
1053 316 1083 345 et
1106 311 1174 344 aliis
1197 311 1291 345 ctiam
1315 316 1424 344 nostro
1448 317 1478 344 et
1502 321 1720 345 successorum
1739 322 1792 345 no-

283 365 411 405 tionem,
437 374 491 397 sen
516 364 736 408 ‹plodcumque
756 365 841 398 aliud
861 365 1020 397 decretum

282 417 423 462 procedi,
441 417 580 462 exceptis
597 417 753 451 dumtaxat
773 418 874 451 causis
895 418 950 451 sori
970 418 1022 451 Ca-

283 470 416 514 pitolini,
441 476 471 503 et
498 471 534 503 iis
558 471 588 503 in
614 471 727 514 quibus
751 482 810 515 pro
834 472 909 504 fisco
931 471 1022 504 inter—

282 525 387 558 venire
413 525 493 558 solet
517 536 659 558 camerae
684 525 926 558 commissarius.

326 577 355 610 2.
380 577 436 617 Qui
460 578 526 611 sisci
552 584 740 623 procurator
756 579 785 611 in
810 579 921 622 primis
947 590 1021 622 pro-

283 631 404 676 spiciat,
422 636 470 671 ut,
488 632 753 675 quemadmodum
778 632 809 664 in
833 632 1020 665 admissione

283 684 320 717 ad
345 685 412 717 eius
437 685 575 718 officium
600 685 632 717 in
660 687 784 718 cainera
810 685 1022 717 iuranwntum

282 743 421 782 praestat.
445 738 482 771 de
508 738 584 772 illud
609 744 692 772 recte
713 750 746 771 ac
772 738 906 772 fideliter
923 736 1022 771 admi-

282 791 456 833 nistrando,
483 792 524 826 ita
548 793 659 825 deimle
685 793 787 825 taliter
805 793 835 825 in
854 792 935 825 illius
953 803 1023 836 pro-

284 846 468 889 sequutione
490 858 521 879 se
546 852 644 890 gerat,
662 850 694 880 ut
711 846 874 891 promissis
895 856 1023 889 respon-

283 899 364 939 deat,
382 910 438 932 net·
456 900 552 933 ullam
569 911 695 933 causam
713 903 907 944 promoveat,
927 909 1022 942 quam

283 953 510 986 calumniosam
523 964 591 986 esse
609 953 801 996 cognoverit,
817 958 857 993 et,
875 963 946 985 cum
960 952 1024 996 pri-

284 1018 370 1040 mum
394 1007 432 1039 de
457 1006 625 1047 calumnia,
643 1006 696 1039 lite
717 1007 840 1050 coepta,
859 1006 906 1038 vel
923 1005 961 1038 de
976 1005 1022 1038 rei

284 1060 462 1094 innocentia
495 1059 686 1100 constiterit,
717 1059 756 1091 ab
788 1059 841 1092 illa
874 1059 1022 1099 desistat,

284 1113 378 1148 etiam
400 1123 464 1146 non
488 1114 651 1157 expectata
676 1113 838 1147 sententia.

327 1166 357 1201 3.
388 1168 527 1210 Cumque
559 1167 678 1200 ratione
703 1167 749 1199 sui
774 1167 868 1199 oflicii
894 1171 1024 1209 cogatur

285 1221 323 1255 ad
346 1221 589 1256 introducendas
609 1232 719 1254 causas
741 1221 772 1253 in
793 1221 906 1264 quibus
922 1221 959 1253 de
977 1220 1024 1253 in-

285 1281 402 1310 teresse
427 1275 493 1308 fisci
511 1275 624 1319 agitur,
641 1275 719 1308 nihil
736 1275 864 1309 omnino
881 1275 919 1307 ab
937 1275 1024 1307 insti-

283 1330 448 1373 gatorihus
473 1329 603 1373 accipiat
635 1341 694 1373 pro
723 1329 851 1363 decreto
877 1329 924 1362 vel
950 1329 1024 1361 suh-

285 1383 454 1427 scriptione
479 1383 704 1426 cuiuscumque
729 1382 907 1421 monitorii,
932 1383 1023 1417 etiam

285 1437 322 1470 ad
348 1437 556 1481 personaliter
588 1436 853 1480 comparendum,
886 1437 932 1469 xel
965 1437 1024 1469 alia

285 1500 481 1533 quacumque
506 1500 670 1522 causarum
696 1489 935 1523 introductione.

337 1543 366 1576 4.
406 1543 439 1575 ln
476 1543 722 1587 prosequutione
754 1554 828 1575 xero
859 1533 1025 1576 causarum

286 1602 348 1629 tam
373 1597 439 1640 ipsc
465 1607 559 1639 quam
583 1596 741 1630 substituti
775 1596 873 1639 ipsius
901 1596 1025 1629 nonnisi

286 1650 445 1684 moderate
463 1649 471 1665 ¹
498 1661 556 1694 pro
573 1649 680 1682 labore
708 1660 765 1693 per
785 1661 856 1682 eum
879 1650 942 1683 sive
960 1651 1026 1683 eius

286 1704 469 1738 substitutos
481 1704 520 1736 ad
532 1703 697 1737 utilitatem
715 1707 743 1737 ct
761 1704 962 1737 commodum
976 1715 1027 1737 co-

286 1758 429 1791 rumdem
443 1758 663 1801 instigatoriun
677 1757 848 1790 subeundo.
860 1757 942 1790 Nihil
952 1769 1026 1791 xero

286 1811 420 1856 accipiat
444 1822 461 1843 a
485 1811 548 1844 reis
573 1811 631 1844 sul)
656 1811 766 1855 quovis
791 1815 971 1855 praetextu,
997 1817 1025 1844 et

287 1865 472 1910 praesertim
490 1865 528 1897 ab
553 1865 590 1898 iis
614 1865 667 1908 qui
692 1865 883 1898 obtinuerint
909 1870 1028 1898 senten-

287 1918 362 1952 tiam
383 1919 620 1960 absolutorum,
637 1930 655 1951 a
676 1929 738 1962 qua
754 1918 820 1962 ipse
840 1922 1028 1963 procurator

287 1973 449 2017 appellare
473 1973 620 2013 noluerit,
644 1983 702 2005 nec>
726 1973 819 2005 etiam
844 1984 903 2016 pro
927 1984 1027 2017 appo-

287 2025 399 2060 sitione
425 2036 535 2059 manus
560 2026 591 2058 in
612 2026 777 2059 mandatus
794 2025 831 2059 dc
848 2026 1026 2059 relaxando.

332 2077 360 2112 5.
386 2078 536 2111 Similiter
552 2084 581 2112 et
606 2079 763 2113 substituti
780 2079 891 2123 ipsius,
910 2091 968 2123 pro
986 2080 1029 2112 in—

288 2131 447 2173 ventariis,
465 2131 692 2164 cassationihus
717 2143 936 2176 processimm,
957 2133 1030 2165 cita-

289 2184 443 2225 tionibus,
469 2184 762 2225 informationibus,
788 2190 838 2218 aut
864 2185 926 2218 alio
950 2197 1028 2229 quo-

289 2249 423 2282 cumque
449 2243 621 2282 praetextu,
648 2238 736 2271 titulo
754 2239 801 2271 vel
821 2241 926 2279 causa,
950 2239 1028 2272 nihil

289 2303 422 2336 prorsus
445 2303 462 2325 a
486 2292 569 2333 reis,
600 2292 663 2324 sive
692 2292 724 2324 in
755 2293 934 2326 carceribus
964 2293 1028 2326 sive

289 2351 377 2379 extra
404 2357 458 2379 eos
490 2346 688 2383 constitutis,
720 2351 770 2378 aut
802 2346 952 2389 pecuniae
977 2352 1027 2379 aut

291 2400 441 2441 muneris,
466 2399 559 2434 etiam
584 2400 777 2432 esculentum
802 2404 853 2432 aut
878 2400 1029 2443 poculen-

290 2459 356 2486 tum
387 2458 418 2486 et
449 2464 466 2486 a
490 2454 558 2486 iure
583 2454 630 2486 vet
655 2453 929 2486 constitutionibus
956 2464 1029 2497 per-

290 2507 437 2548 missum,
462 2507 633 2551 accipiant,
659 2507 716 2540 sul)
741 2509 843 2550 poena
869 2505 1028 2546 infamiae,

291 2561 475 2606 privationis
488 2561 593 2601 officii,
603 2560 803 2594 inhabilitatis
814 2560 1029 2604 imposterum,

329 2679 339 2706 1
362 2677 537 2713 Subinteuige
555 2677 681 2713 accipiat
699 2677 741 2705 vel
761 2677 907 2712 accipiant
925 2676 964 2711 (n.
981 2675 1027 2711 τ,).

1055 370 1192 397 sti-orum
1208 364 1348 397 arbitrio.

1098 419 1127 450 6.
1152 418 1258 457 Quoad
1283 429 1434 462 expensas
1459 418 1720 459 contumaciales,
1745 419 1792 451 vel

1055 482 1133 514 quae
1158 472 1233 504 alias
1256 483 1273 504 a
1298 483 1352 506 reo
1370 472 1562 512 reficiuntur,
1584 472 1608 505 si
1630 472 1794 515 instigator

1055 525 1176 566 aderit,
1201 526 1264 558 sive
1295 530 1422 570 apertus
1453 527 1516 559 sive
1547 532 1708 566 secretus,
1741 526 1793 569 qui

1056 578 1138 621 ipsas
1164 579 1268 611 tin-urit
1286 606 1293 619 ,
1322 580 1382 623 ipsi
1407 579 1581 622 instigatori
1607 583 1795 623 procurator

1054 631 1178 673 fiscalis,
1203 632 1252 664 cui
1282 633 1402 665 ratione
1431 633 1701 666 condemnationis
1733 633 1795 666 sol-

1055 684 1171 717 vendae
1190 685 1327 725 veniunt,
1345 686 1501 725 restituat;
1520 686 1573 718 uhi
1597 696 1672 718 vero
1691 686 1795 718 nullus

1055 738 1190 770 adfuerit
1206 738 1381 782 instigator,
1398 739 1562 773 satisfactis
1580 739 1668 783 prius
1679 739 1718 771 de
1735 739 1795 771 illis

1055 791 1186 823 notariis
1214 802 1272 835 pro
1300 792 1444 825 mercede
1472 792 1615 825 laborum
1644 803 1794 832 suorum,

1055 845 1217 877 residuum
1256 845 1410 878 dictarum
1449 856 1657 890 expensarum
1677 873 1684 885 ,
1725 856 1795 878 cum

1055 909 1118 932 non
1143 899 1179 931 sit
1206 899 1321 932 iustum
1346 910 1435 932 reum
1459 912 1494 932 ex
1520 899 1715 934 contumacia
1739 902 1794 932 sua

1056 952 1257 986 commodum
1283 953 1447 996 consequi,
1472 953 1573 985 eidem
1599 952 1794 996 procuratori

1056 1005 1123 1038 fisci
1149 1006 1296 1039 solvatur.

1102 1060 1130 1093 7.
1155 1060 1236 1093 Reos
1261 1060 1327 1104 ipse
1352 1060 1419 1093 fisci
1445 1063 1633 1104 procurator
1657 1064 1708 1092 aut
1727 1059 1796 1092 eius

1057 1112 1215 1147 substituti
1239 1124 1302 1147 non
1327 1113 1540 1156 interrogent,
1573 1123 1673 1157 neque
1704 1117 1796 1147 testes

1057 1166 1244 1204 examinent,
1261 1166 1321 1199 nisi
1345 1166 1376 1198 in
1402 1166 1580 1210 praesentia
1605 1165 1725 1199 iudicis.
1745 1167 1797 1200 At-

1058 1219 1132 1263 qui¹
1151 1224 1237 1252 extra
1254 1230 1398 1253 carceres
1416 1220 1507 1252 liceat
1527 1220 1647 1253 eisdem
1664 1231 1735 1252 cum
1753 1219 1798 1251 in·

1059 1278 1201 1306 terventu
1226 1273 1339 1307 notarii
1366 1273 1553 1307 examinare.
1581 1273 1615 1306 Et
1635 1284 1692 1317 pro
1709 1273 1799 1306 assis-

1059 1328 1164 1369 tentia,
1185 1327 1248 1360 sixe
1273 1326 1351 1371 pro*z
1367 1327 1507 1360 examine
1525 1337 1653 1360 reorum
1672 1327 1719 1359 xel
1737 1330 1798 1360 tes—

1059 1382 1146 1423 tium,
1171 1381 1234 1414 sive
1259 1381 1297 1413 ad
1317 1381 1467 1414 offensam
1491 1380 1538 1413 vel
1563 1380 1638 1413 alias
1662 1391 1721 1424 pro
1743 1391 1797 1414 reo

1060 1436 1298 1480 productorum,
1315 1435 1392 1468 nihil
1417 1446 1548 1479 prorsus
1572 1434 1702 1478 accipiat
1721 1434 1797 1478 ipse,

1058 1501 1114 1523 nec
1140 1490 1208 1523 eius
1224 1489 1400 1529 substituti,
1419 1494 1446 1521 et
1473 1489 1525 1521 ubi
1551 1489 1582 1520 in
1607 1488 1741 1521 termino
1759 1487 1800 1520 ci-

1061 1543 1184 1577 tationis
1208 1542 1342 1576 examini
1366 1542 1492 1576 testium
1516 1552 1579 1575 non
1603 1541 1798 1581 interfuerit,

1060 1597 1108 1628 vel
1132 1596 1375 1638 interrogatoria
1400 1606 1462 1628 non
1487 1595 1616 1635 dederit,
1643 1600 1736 1627 testes
1756 1595 1801 1626 in-

1059 1650 1143 1683 ducti
1169 1650 1234 1683 sine
1251 1649 1395 1683 ulteriori
1411 1649 1558 1682 dilatione
1575 1649 1798 1681 examinentur.

1104 1702 1133 1736 8.
1166 1703 1282 1736 Citatus
1312 1703 1497 1745 originalem
1528 1702 1708 1736 citationem
1737 1712 1799 1735 non

1061 1757 1159 1801 possit
1184 1757 1265 1790 ultra
1289 1756 1372 1788 diem
1398 1766 1496 1800 penes
1521 1766 1552 1788 se
1577 1755 1723 1795 retinere,
1746 1754 1800 1788 sed

1061 1810 1145 1843 illam
1170 1810 1220 1843 die
1245 1810 1386 1853 sequenti
1402 1809 1567 1843 restituere
1585 1812 1743 1847 teneatur3
1769 1808 1800 1840 in

1061 1876 1122 1908 qua
1138 1865 1284 1897 citatione
1300 1875 1383 1908 pars,
1400 1864 1439 1896 ad
1456 1863 1544 1896 cuius
1561 1863 1739 1896 instantiam
1756 1862 1800 1901 sit,

1061 1929 1176 1952 nomen
1199 1917 1324 1958 notarii,
1349 1917 1380 1950 in
1405 1917 1493 1950 cuius
1509 1917 1613 1950 officio
1631 1927 1723 1949 causa
1738 1920 1801 1950 tra-

1062 1976 1163 2006 ctatur
1186 1972 1233 2004 vel
1259 1971 1384 2004 tractari
1409 1970 1511 2009 debet,
1529 1976 1559 2003 et
1575 1970 1799 2014 procuratoris,

1063 2026 1087 2058 si
1103 2025 1288 2069 prineil-›alis
1305 2024 1385 2057 absit¹
1402 2024 1440 2056 ab
1458 2024 1551 2064 Urbe,
1569 2024 1680 2056 debeat
1699 2034 1798 2068 appo-

1062 2090 1154 2119 nere,
1172 2079 1311 2122 alioquin
1325 2078 1429 2110 citatio
1450 2078 1517 2121 ipsa
1530 2077 1615 2109 nulla
1627 2081 1800 2116 censeatur,

1062 2144 1119 2165 nec
1145 2133 1246 2175 ipsum
1272 2132 1339 2164 fisci
1365 2135 1603 2175 procuratorem
1623 2130 1745 2162 afficiat.

1108 2187 1136 2220 9.
1162 2187 1230 2219 Non
1247 2186 1297 2218 det
1315 2186 1459 2218 mandata
1475 2185 1512 2217 de
1527 2184 1680 2228 capiendo
1697 2194 1802 2226 quem-

1064 2240 1158 2283 piam,
1176 2250 1251 2272 voce
1269 2239 1316 2271 vel
1330 2239 1360 2270 in
1374 2238 1509 2282 scriptis,
1524 2237 1582 2269 nisi
1599 2237 1651 2269 ubi
1669 2236 1801 2268 adfuerit

1063 2293 1238 2336 periculum
1262 2292 1363 2335 fugae,
1381 2295 1410 2324 et
1430 2290 1541 2323 iudicis
1558 2290 1680 2333 copiam
1697 2289 1802 2322 incon-

1064 2346 1172 2380 tinenti
1196 2345 1312 2378 hahere
1337 2355 1399 2377 non
1424 2344 1530 2388 possit.

1108 2400 1159 2432 lO.
1178 2400 1229 2440 Et,
1248 2410 1319 2432 cum
1335 2399 1374 2431 ad
1391 2398 1581 2441 signaturam
1598 2402 1715 2441 spectet
1734 2407 1802 2430 cau-

1064 2464 1114 2487 sas
1137 2453 1386 2497 appellationum
1410 2452 1536 2485 nomine
1552 2451 1626 2484 dicti
1650 2462 1802 2494 procura-

1063 2506 1141 2539 toris
1158 2506 1272 2539 fiscalis
1289 2506 1323 2538 aS
1341 2505 1500 2539 sententiis
1518 2509 1628 2538 contra
1644 2515 1716 2537 eum
1732 2504 1802 2537 latis

1101 2588 1112 2612 1
1130 2585 1230 2621 Nempe
1240 2586 1299 2620 sed,
1310 2585 1360 2612 nisi
1372 2585 1499 2612 malueris
1512 2585 1602 2621 legere
1612 2586 1702 2621 Atque
1712 2584 1801 2620 (n.·t·.]·

1099 2630 1115 2657 2
1135 2630 1205 2657 Edit.
1225 2629 1304 2657 Main.
1326 2630 1390 2665 legit
1403 2638 1457 2666 pro
1476 2631 1534 2658 sive
1553 2635 1589 2662 (n.
1606 2630 1654 2665 [j.

1100 2674 1117 2702 3
1136 2674 1231 2711 Praep.
1248 2683 1265 2702 α
1280 2682 1329 2702 nos
1344 2673 1496 2702 addendam
1511 2674 1665 2702 censuimus
1681 2676 1718 2709 (n.
1736 2675 1781 2708 tn).
1823 2690 1828 2692 -

1713 254 1755 288 83
1801 264 1850 290 An.
1871 263 1899 291 c.
1922 265 1990 292 1612
