2293 3231
68 308 122 338 An.
137 307 166 336 C.
187 306 256 336 1612

911 309 1029 333 metus
1054 309 1073 332 V
1098 310 1144 332 1¹1¹.

1706 301 1745 332 ti't'

265 354 351 399 piant
380 355 461 388 ultra
489 354 519 388 id
549 355 634 399 quod
663 356 805 400 accipere
834 357 1003 399 potuissent
1039 357 1195 395 dentibus,
1223 356 1468 398 eineieentibus,
1488 366 1523 388 ac
1543 356 1617 389 alias
1648 367 1777 399 quomo-

266 407 290 440 si
308 408 488 441 commissio
504 418 567 441 non
584 408 713 451 adesset.

309 459 361 494 ⁶28.
380 461 591 495 Permittimus
613 467 714 494 tamen
731 462 797 494 eius
815 462 844 494 in
862 462 1005 495 civilibus

265 514 487 548 locumtenenti
511 514 541 547 in
559 515 662 547 causis
679 526 734 558 per
752 515 1003 548 cmumissionem

265 567 304 600 ab
318 566 406 600 initio
420 567 616 605 introductis,
630 568 722 601 etiam
738 568 784 600 sui
798 570 909 600 natm-:⁴1
925 568 1007 600 ordi-

265 620 376 661 nariis,
393 621 434 654 ob
459 631 602 663 magnam
630 621 775 653 laborum
792 621 1004 653 assiduitatem

265 676 296 707 et
317 674 602 708 emolumentorum
626 675 824 713 tenuitatem,
849 674 1006 717 sportulas

265 726 442 760 moderatas
471 727 556 760 iuxta
583 732 780 771 praesentem
809 726 1006 759 constitutio-

265 789 337 813 nem
354 780 511 825 recipere:
529 781 723 814 declarantes
740 780 959 819 nibilominus,
976 780 1006 812 in

266 833 396 877 reliquis
421 834 567 868 omnibus
591 845 701 867 causas
726 834 855 876 intelligi
885 833 1008 866 ordina-

266 886 347 927 rias,
368 897 425 921 nee
445 888 584 921 notarios
604 888 772 932 quicquam
790 887 925 931 amplius
942 887 1007 919 exi-

266 950 341 983 gere
357 951 459 984 posse,
475 946 528 974 aut
543 941 669 981 dehere,
683 951 776 985 quam
795 941 826 973 in
842 940 910 973 aliis
926 940 1008 973 ordi-

266 993 363 1026 nariis
379 994 570 1038 permissum
587 999 642 1027 est.

311 1046 362 1081 29.
376 1047 527 1091 Quodque
539 1047 692 1080 auditoris
706 1057 847 1079 camerae
861 1057 918 1091 pro
933 1051 1009 1079 tem-

266 1111 345 1145 pore
366 1101 527 1134 existentis
547 1102 761 1135 locumtenens
778 1101 924 1133 mandata
940 1111 1008 1133 exe-

266 1155 405 1198 quutiva‚
418 1155 478 1188 nisi
495 1155 584 1199 prius
602 1155 731 1199 ipsemet
750 1156 963 1189 locumtenens
977 1154 1008 1187 in

266 1208 298 1241 in
315 1208 397 1242 libro
415 1208 649 1252 expeditionum
666 1209 748 1241 diem
767 1208 1008 1251 subscriptionis

267 1271 363 1295 manu
386 1261 518 1306 propria
535 1262 706 1300 notaverit,
729 1262 929 1295 subscribere
946 1271 1008 1293 non

267 1314 375 1359 possit.

311 1367 362 1401 30.
376 1368 527 1412 Quodque
542 1368 694 1402 auditoris
707 1379 849 1401 camerae
863 1378 921 1412 pro
934 1373 1010 1401 tem-

267 1431 346 1465 pore
369 1421 528 1455 existentis
548 1422 639 1455 iudex
660 1422 877 1455 loeuintenens
901 1423 931 1455 in
948 1423 1009 1455 cri-

269 1475 438 1508 minalibus
462 1487 520 1519 pro
544 1476 694 1519 sportulis
715 1477 841 1514 (salario
862 1477 921 1509 sibi
947 1477 1009 1509 iam

267 1528 426 1572 assignato
439 1530 617 1573 contentus)
631 1529 709 1562 nihil
723 1529 886 1573 percipere
903 1530 1009 1573 possit.

311 1581 363 1616 31.
384 1583 418 1615 In
447 1583 549 1616 causis
578 1583 724 1617 civilibus
753 1595 828 1617 vero
858 1585 1010 1617 locumte-

268 1636 353 1669 nenti
367 1636 500 1680 singulis
514 1637 675 1670 mensibus
684 1638 910 1681 quinquaginta
924 1643 1010 1671 scuta

268 1695 412 1723 monetae
438 1700 456 1722 a
480 1690 611 1723 notariis
635 1691 708 1725 dicti
733 1692 885 1725 auditoris
908 1691 1010 1724 tribu-

269 1742 348 1776 nalis
363 1753 422 1787 pro
439 1746 508 1776 rata
524 1744 601 1777 solvi
613 1771 620 1785 ‚
637 1755 693 1778 nec
711 1745 814 1788 aliqua
831 1745 890 1777 alia
907 1744 1010 1788 portio

269 1805 327 1840 pro
348 1806 386 1829 eo
406 1797 534 1830 retineri
551 1797 672 1831 debeat.

604 1868 619 1911 ξ
643 1868 674 1901 V.

445 1938 492 1972 De
510 1939 677 1973 auditorio
699 1940 800 1973 Rotae
810 1941 829 1972 ¹.

314 2010 344 2043 ’1.
361 2010 601 2044 Constitutiones
614 2010 712 2043 felicis
725 2011 951 2044 reeordationis
967 2011 1013 2044 ln-

270 2062 407 2095 nocentii
431 2062 515 2103 VIII,
540 2062 583 2095 Pii
606 2063 653 2103 lv,
677 2068 706 2095 et.
729 2063 863 2096 aliorum
880 2064 1012 2107 praede-

271 2125 434 2148 cessorum
458 2120 640 2148 nostrorum
664 2115 855 2157 innovantes,
876 2122 903 2149 et
924 2117 1013 2150 audi-

272 2168 388 2202 torium
404 2168 504 2202 nostri
522 2168 645 2211 palatii,
663 2169 694 2201 in
713 2180 776 2212 quo
792 2170 1011 2203 universorum

272 2221 522 2255 christifidelium
557 2221 718 2263 graviores
749 2233 860 2255 causae
892 2228 1012 2256 mature

273 2279 508 2317 cognoscuntur
530 2279 558 2306 et
588 2274 666 2306 iuste
687 2275 908 2316 terminantur,
924 2276 1013 2309 novis

272 2328 502 2372 praerogativis
525 2333 686 2371 augentes,
711 2329 856 2361 volumus
880 2335 906 2362 et
928 2330 1013 2362 ordi-

273 2392 406 2424 namuS,
437 2388 471 2416 ut
500 2382 592 2415 unica
620 2387 739 2415 tantum
772 2382 952 2415 commissio
983 2383 1013 2415 in

274 2436 414 2480 qualibet
430 2435 577 2469 instantia
597 2435 741 2475 sufficiat,
762 2441 789 2468 et
808 2436 891 2468 illius
906 2436 1014 2479 vigore

274 2488 399 2522 auditor
426 2499 551 2522 oausam
580 2489 639 2521 sibi
667 2489 867 2521 commissam
896 2500 1014 2531 cogno-

276 2552 379 2583 scere,
396 2548 427 2576 et
447 2553 519 2576 eum
539 2542 687 2575 omnibus
704 2547 731 2575 et
750 2542 880 2585 singulis
898 2542 1014 2585 depen—

313 2625 324 2649 1
342 2622 414 2650 Taxa
436 2623 518 2650 huius
541 2623 631 2650 euriae
648 2626 689 2650 est
712 2623 738 2650 in
760 2623 848 2650 Const.
870 2631 928 2658 seq.
953 2623 966 2657 ξ
988 2622 1013 2649 4.

276 2666 316 2694 Λᾶ
337 2666 404 2695 haee
424 2666 483 2694 vide
503 2668 584 2695 etiam
605 2667 643 2694 Pii
658 2667 692 2694 IV
708 2667 797 2695 Const.
814 2673 868 2701 mv,
884 2666 897 2702 ς
913 2668 937 2701 t,
958 2667 973 2693 2
990 2670 1015 2694 et

278 2712 310 2740 -17
327 2712 352 2739 in
369 2715 432 2740 tom.
446 2718 492 2747 vu,
509 2720 570 2748 pag.
583 2713 633 2740 155
648 2721 723 2748 seqq.
738 2712 776 2747 (n.
788 2718 813 2739 Τ.
826 2720 857 2740 ex
873 2711 1013 2739 Cherub).

1039 410 1153 442 delibet
1174 409 1383 442 inridentiluis
1399 409 1543 442 decidere
1562 410 1669 442 valeat.

1083 463 1111 494 2.
1134 462 1229 494 I‘ossit
1249 463 1340 495 etiam
1363 463 1485 496 auditor
1505 462 1570 495 sine
1594 464 1672 495 nova
1691 473 1777 495 com-

1040 515 1185 548 missione
1214 518 1387 558 praefigere
1413 516 1581 548 tei-minum
1605 516 1642 548 ad
1663 516 1777 548 docen-

1039 568 1112 600 dum
1137 569 1175 600 de
1198 569 1352 601 attentatis
1373 574 1398 601 et
1418 570 1612 602 nullitatibus
1630 574 1656 601 et
1676 570 1778 602 causis

1039 626 1169 664 propter
1186 633 1262 665 quus
1279 622 1348 665 quis
1366 622 1394 654 in
1415 622 1569 663 integrum
1587 622 1706 655 restitui
1724 622 1777 655 de-

1041 675 1122 712 beat,
1136 685 1170 707 ac
1186 675 1238 707 illo
1251 676 1367 718 elapso,
1379 681 1404 708 et
1425 687 1486 708 uon
1500 676 1601 715 docto,
1616 676 1653 708 ad
1668 686 1778 708 causae

1039 727 1268 770 expeditionem
1292 729 1472 771 procedere,
1493 739 1613 761 necnon
1634 729 1778 761 remisso-

1040 779 1102 811 rias
1116 780 1295 819 decernere,
1307 781 1471 813 dilationes
1488 782 1669 821 concedere,
1686 781 1778 825 liqui-

1040 832 1180 865 dationes
1209 834 1366 866 fruetuum
1392 834 1422 866 in
1448 835 1590 877 partibus
1618 835 1777 877 delegare3

1040 897 1075 918 ae.
1095 886 1200 918 omnia
1217 892 1244 919 et
1263 887 1383 929 singula
1402 887 1460 919 :dia
1484 899 1581 931 usque
1599 888 1635 920 ad
1653 888 1779 920 finalem

1040 940 1265 972 sententiarum
1284 951 1412 973 suarum
1429 941 1670 984 exequutionem
1685 941 1780 973 inclu-

1040 993 1105 1026 sive
1126 994 1243 1033 saeere,
1268 1005 1347 1038 quae.
1364 994 1401 1027 de
1420 995 1487 1027 iure
1508 995 1662 1027 Ordinarii
1681 997 1780 1028 tacere

1040 1052 1181 1089 possunt.

1084 1099 1114 1132 3.
1132 1101 1258 1133 Necnon
1276 1102 1371 1144 possit
1390 1102 1514 1134 auditor
1532 1102 1706 1145 praefigere
1723 1105 1782 1135 ter-

1041 1153 1160 1186 minum
1187 1154 1223 1186 ad
1249 1154 1422 1187 docendum
1452 1154 1490 1187 de
1517 1154 1725 1198 appellatione
1752 1159 1780 1186 et

1042 1206 1109 1239 eius
1132 1207 1273 1249 legitima
1298 1207 1557 1251 prosequutione,
1574 1207 1612 1239 ad
1637 1207 1781 1239 effectum

1041 1259 1231 1303 procedendi
1267 1260 1305 1292 ad
1337 1261 1578 1303 exequutionem
1613 1260 1782 1293 sententiae

1042 1313 1120 1345 tatae
1139 1313 1169 1345 in
1187 1315 1281 1346 eausa
1298 1313 1496 1356 appellabili,
1514 1313 1543 1345 in
1562 1324 1623 1356 qua
1640 1312 1783 1345 condem-

1042 1371 1133 1399 natus
1149 1377 1211 1399 non
1228 1366 1402 1410 appellavit.

1087 1421 1115 1453 lt.
1149 1421 1281 1464 Insuper
1313 1425 1343 1453 et
1374 1426 1499 1464 tempus
1527 1419 1722 1464 quadriennii
1753 1419 1782 1451 iu

1043 1475 1145 1507 causis
1161 1475 1369 1507 restitutionis
1385 1475 1416 1507 in
1434 1475 1591 1517 integrum
1616 1473 1713 1517 possit
1729 1483 1784 1505 au-

1043 1529 1126 1562 ditor
1142 1539 1315 1572 prorogare
1332 1529 1464 1562 arbitrio
1482 1540 1548 1561 suo.

1088 1582 1116 1615 5.
1135 1582 1171 1615 Et
1186 1587 1248 1615 tam
1273 1582 1388 1615 dictam
1405 1593 1499 1626 quam
1517 1593 1625 1616 omnes
1648 1585 1724 1618 alias
1744 1586 1785 1618 sa—

1043 1636 1185 1675 cultates,
1202 1635 1261 1668 sibi
1277 1636 1387 1678 vigore
1411 1636 1457 1668 vel
1478 1636 1716 1671 innocentianae
1737 1638 1783 1671 vel

1043 1688 1275 1722 constitutionis
1292 1689 1336 1721 Pii
1355 1689 1391 1721 IV
1413 1694 1465 1721 aut
1493 1690 1626 1723 aliorum
1644 1701 1784 1724 summo-

1044 1752 1113 1774 rum
1139 1742 1326 1775 Pontificum
1353 1742 1631 1785 praedeeessorum
1660 1748 1783 1777 nostro-

1045 1806 1114 1828 rum
1139 1800 1363 1839 competentes,
1387 1796 1594 1836 extendimus,
1615 1802 1645 1829 et
1668 1797 1783 1830 habere

1044 1849 1148 1882 locum
1166 1849 1365 1882 decernimus
1379 1849 1470 1882 etiam
1489 1850 1520 1881 in
1537 1850 1639 1882 causis
1655 1850 1784 1883 cuilibet

1046 1903 1140 1935 Rotae
1156 1902 1292 1935 auditori
1310 1906 1397 1935 extra
1414 1903 1523 1935 Rotam
1542 1903 1727 1935 commissis.

1089 1955 1117 1988 6.
1143 1956 1386 1998 prorogationes
1413 1961 1517 1988 autem
1548 1956 1688 1988 tiitalium
1716 1966 1768 1988 sae

1044 2009 1114 2052 pius
1134 2014 1164 2041 et
1186 2009 1303 2052 passim
1325 2020 1387 2041 non
1406 2009 1571 2046 concedat;
1590 2009 1642 2041 sed
1663 2014 1783 2041 tantum

1046 2073 1081 2095 ex
1100 2063 1204 2106 aliquit
1222 2063 1353 2095 honesta
1371 2065 1482 2101 causa,
1503 2074 1538 2095 zu:
1556 2063 1681 2106 praevia
1701 2063 1783 2096 illius

1045 2115 1235 2158 cognitione,
1253 2115 1383 2148 arbitrio
1400 2116 1505 2148 Rotae.

1091 2170 1119 2202 7.
1144 2166 1275 2201 Atuditor
1292 2174 1396 2201 tamen
1420 2169 1449 2201 in
1469 2169 1573 2212 aliqua
1595 2171 1703 2208 emissi,
1722 2169 1784 2201 sive

1047 2223 1152 2264 magni
1166 2222 1230 2254 sive
1242 2222 1330 2265 parvi
1349 2223 1499 2255 momenti
1521 2223 1641 2261 existat,
1663 2222 1785 2254 etiamsi

1047 2277 1114 2308 eius
1130 2276 1248 2309 decisio
1265 2277 1340 2309 clari
1358 2277 1435 2308 iuris
1452 2286 1518 2308 esse
1539 2276 1690 2313 videatur,
1708 2276 1785 2307 deti-

1047 2329 1175 2362 nitivam
1205 2329 1407 2366 sententiam,
1440 2330 1485 2361 vel
1518 2329 1785 2361 interlocutoriam

1047 2383 1108 2415 vim
1123 2383 1301 2415 definitivae
1318 2383 1495 2418 habentem,
1510 2382 1590 2414 serre
1601 2392 1663 2414 non
1678 2382 1785 2422 valeat,

1046 2435 1106 2468 nisi
1130 2437 1223 2468 eausa
1252 2435 1281 2467 in
1306 2436 1383 2468 Rota
1412 2435 1592 2478 preposita,
1618 2440 1647 2467 et
1672 2435 1786 2467 habitis

1048 2489 1126 2521 votis
1143 2489 1377 2527 ‹1⁴ondiutorum‚
1395 2488 1452 2520 nisi
1475 2493 1577 2531 partes
1595 2488 1625 2520 in
1641 2488 1717 2521 actis
1734 2499 1770 2520 ex
1785 2509 1787 2511 ·

1047 2552 1153 2585 presse
1173 2542 1404 2581 consenserint,
1423 2542 1505 2584 quod
1523 2552 1615 2574 causa
1633 2542 1698 2573 sine.
1716 2545 1786 2574 voto

1048 2596 1231 2629 eorumdem
1250 2595 1388 2638 expediri
1406 2595 1513 2638 possit.

1793 309 1840 336 Λη.
1857 309 1884 335 C.
1906 309 1972 336 1612

1092 2648 1121 2682 8.
1140 2649 1287 2692 Idemque
1313 2649 1342 2681 in
1363 2649 1430 2681 :iliis
1447 2649 1610 2692 quibusvis
1628 2649 1786 2692 [iraeiudi-
1818 2688 1822 2690 .

1048 2702 1180 2735 cialibus
1197 2702 1330 2735 decretis
1347 2703 1464 2735 servari
1483 2702 1674 2744 votu11ms,si
1689 2707 1787 2743 actor,
