2293 3231
105 284 155 313 An.
174 283 204 312 C.
223 282 289 311 ¹622

135 1192 245 1219 Impeditis
258 1198 293 1213 va-

110 1220 211 1242 latudine.

144 2097 239 2120 infirmis.

908 280 1083 305 GREGORIUS
1103 280 1144 303 XV
1164 279 1212 303 PP.

302 340 396 375 quam
426 330 511 363 illam
547 329 732 374 scripserit,
765 329 978 372 obsignavcrit
1011 333 1039 361 et

304 382 679 426 complicave1·it,duobus
692 382 803 427 primis
816 382 922 425 digitis
932 388 1042 422 sumet,

303 447 338 470 ac
358 437 476 470 elevata
501 446 595 469 mann
620 437 722 480 palam
737 436 855 469 deseret
879 435 917 468 ad
934 436 1043 475 altare,

303 500 399 534 penes
424 490 508 533 quod
532 495 613 523 stant
637 494 837 528 scrutatores,
860 489 890 520 in
916 500 978 533 quo
999 493 1045 521 cst

304 543 381 577 calix
400 554 533 586 magnus
546 543 583 576 ad
601 542 796 586 recipiendas
811 542 978 579 schedulas
995 552 1045 585 pa-

304 601 400 637 ratus,
426 602 456 629 et
479 598 591 640 patena
615 602 797 639 coopertus,
823 595 927 639 ibique
952 605 1045 637 genu-

304 650 442 689 flectens,
456 650 684 693 aliquantulum
709 650 827 689 01·abit;
852 649 963 681 deinde
981 659 1046 681 sur-

305 713 393 746 gens,
414 704 475 736 alta
500 708 530 738 et
554 703 742 746 intelligibili
764 713 849 744 voce,
874 703 991 735 iurabit
1014 702 1045 734 in

305 757 386 791 hanc
402 758 546 797 sormam,
564 768 643 801 quae
660 757 690 790 in
710 757 825 789 tabella
841 766 936 800 super
955 755 1045 788 altari

305 811 407 854 posita
431 811 589 855 descripta
613 811 760 844 habetur:
786 819 907 843 TEsTon
933 819 1042 842 cums-

307 874 371 897 TUM
400 874 561 904 Dominum,
587 873 639 900 QUI
668 874 710 897 ME
739 872 946 896 ιυῡιεΑΤυῐιυε
971 872 1045 901 Esr,

305 927 348 950 ME
371 927 515 956 ELIGERE,
540 926 625 954 QUEM
650 926 814 950 secunnrn
839 926 923 949 DEUM
940 925 1045 949 lunico

307 980 392 1004 Eum
415 981 536 1004 DEBERE
551 998 558 1011 ‚
583 981 622 1004 ET
648 981 731 1008 ouon
758 980 831 1003 inan
856 980 887 1003 IN
912 979 1046 1003 Accnssu

308 1034 490 1058 PRAESTABO.
510 1025 582 1057 Post
606 1024 683 1057 haec
707 1024 888 1056 schedulam
909 1023 941 1055 in
965 1027 1047 1066 pate-

307 1088 379 1111 nam
404 1083 511 1122 ponet,
531 1082 561 1110 et
584 1088 641 1121 per
664 1082 809 1121 patenam
827 1077 928 1109 mittet
952 1076 984 1108 in
1001 1086 1047 1109 ca—

307 1131 414 1171 licem,
440 1142 502 1175 quo
526 1131 606 1164 sacto
630 1131 792 1164 inclinabit
820 1141 852 1163 se
877 1130 915 1163 ad
939 1131 1046 1170 altare,

309 1189 338 1217 et
368 1184 406 1217 ad
437 1195 528 1217 suum
558 1185 662 1217 locum
691 1189 876 1217 revertetur.
910 1184 944 1216 Et
970 1183 1047 1215 haec

309 1237 461 1270 servanda
491 1242 603 1278 erunt,
628 1237 653 1270 si
685 1236 852 1270 cardinalis
883 1235 921 1268 ad
950 1235 1047 1268 altare

307 1301 442 1335 pergere
465 1291 578 1335 possit,
603 1301 676 1324 nam
701 1291 726 1323 si
751 1290 791 1323 ob
815 1289 971 1322 infirmam
996 1299 1049 1321 va-

309 1344 481 1378 letudinem
505 1355 568 1378 non
591 1344 700 1389 possit,
718 1350 748 1377 et
767 1353 915 1388 praesens
933 1343 964 1375 in
982 1353 1050 1386 cap-

309 1398 393 1442 pella
418 1398 476 1439 sit,
500 1398 630 1431 ultimus
654 1400 809 1431 scrutator
833 1396 953 1429 discum
978 1406 1049 1429 cum

311 1451 468 1485 schedulis
492 1451 531 1484 ad
555 1462 627 1484 eum
652 1451 780 1491 deseret,
805 1461 840 1484 ex
866 1461 928 1494 quo
954 1450 1051 1482 cardi—

310 1504 390 1537 nalis
414 1504 579 1547 infirmus,
604 1515 699 1538 unam
727 1503 901 1548 accipiens,
926 1514 995 1536 eam
1020 1503 1049 1535 in

311 1559 381 1592 loco
405 1569 462 1592 suo
494 1564 632 1599 secrete,
657 1563 691 1591 ut
720 1568 815 1602 supra
847 1557 965 1590 dictum
990 1561 1051 1597 est,

312 1612 470 1652 conficiet3
489 1612 610 1653 deinde,
630 1612 758 1656 praevio
776 1611 950 1644 iuramento
967 1620 1053 1654 prae-

313 1665 406 1707 dicto,
432 1666 614 1699 schedulam
638 1666 835 1708 obsignatam
861 1670 891 1698 ct
914 1664 1048 1708 compli—

313 1725 414 1753 catam
438 1720 538 1753 eidem
564 1719 732 1753 scrutatori
760 1718 877 1759 tradet,
902 1718 955 1762 qui
984 1728 1051 1750 eam

312 1774 417 1818 palam
436 1774 555 1807 deseret
579 1773 618 1806 ad
634 1773 741 1814 altare,
763 1777 802 1813 et,
820 1772 886 1805 sine
912 1771 1053 1805 oratione

314 1831 344 1859 et
367 1826 555 1867 iuramento,
580 1826 611 1859 in
634 1832 780 1870 patenam
804 1830 920 1869 ponet,
945 1830 974 1858 et
998 1835 1054 1868 per

314 1889 384 1913 eam
407 1880 440 1912 in
464 1880 593 1913 calicem
617 1880 733 1919 mittct;
758 1889 838 1923 quae
868 1878 973 1912 onmia
1003 1878 1055 1911 ob-

315 1933 469 1967 servanda
493 1938 585 1967 erunt
600 1944 657 1977 per
674 1933 822 1967 ultimum
847 1936 1054 1966 scrutatorem

317 1994 392 2027 erga
409 1995 462 2018 eos
479 1985 663 2026 cardinales,
681 1985 744 2028 qui,
765 1985 796 2017 in
813 1985 953 2028 cappella
970 1995 1057 2028 prae-

317 2042 429 2080 sentes,
446 2039 486 2072 ob
505 2039 714 2073 valetudinem
738 2039 776 2072 ad
802 2040 899 2072 altare
922 2048 1056 2082 pergere

317 2102 381 2125 non
404 2097 561 2135 poterunt.
586 2093 617 2126 Si
647 2103 722 2127 vero
755 2093 852 2136 aliqui
883 2092 1056 2126 cardinales

318 2144 436 2177 infirmi
461 2144 522 2178 sint
546 2145 578 2178 in
602 2145 665 2179 suis
689 2145 785 2186 cellis,
803 2150 867 2178 tres
884 2145 1057 2178 cardinales

319 2198 495 2239 infirmarii,
512 2203 547 2231 ut
563 2209 658 2242 supra
682 2199 822 2239 extracti,
839 2198 877 2231 ad
895 2209 949 2231 eos
969 2209 1057 2231 acce-

319 2251 394 2285 dent
417 2263 489 2286 cum
513 2253 641 2296 capsula
657 2252 818 2286 altitudine
842 2252 935 2284 unius
951 2252 1057 2296 palmi,

319 2305 352 2338 in
382 2306 471 2339 cuius
501 2305 658 2350 superiori
686 2311 775 2349 parte
806 2306 845 2339 sit
876 2305 973 2346 rima,
1004 2316 1059 2338 seu

319 2358 462 2392 foramen
486 2358 551 2392 eius
576 2358 821 2401 magnitudinis,
845 2362 879 2392 ut
902 2368 958 2402 per
982 2358 1059 2390 illud

321 2412 470 2445 schedula
490 2412 675 2456 complicata
694 2411 791 2456 possit
808 2422 864 2455 per
881 2421 970 2444 suam
989 2411 1058 2444 lati-

320 2465 461 2499 tudinem
481 2466 564 2499 intus
583 2467 742 2510 capsulam
761 2465 927 2500 transmitti
938 2476 946 2504 ;
964 2475 1057 2510 quam

322 2519 494 2563 capsulam,
519 2523 684 2564 antequam
709 2523 900 2553 scrutatores
924 2519 1061 2552 infirma-

323 2573 378 2606 riis
407 2574 553 2614 tradant,
577 2575 681 2618 palam
711 2573 871 2617 aperient,
895 2579 929 2606 ut
963 2573 1059 2607 ceteri

324 2627 496 2661 cardinales
512 2628 634 2672 possint
650 2639 719 2662 eam
736 2628 860 2661 inanem
881 2633 911 2661 et
926 2638 1056 2661 vacuam

326 2681 520 2725 conspicere;
555 2682 666 2716 deinde
694 2682 856 2723 claudent,
880 2686 911 2715 et
939 2682 1058 2716 clavem

1075 332 1193 370 ponent
1225 336 1318 369 super
1350 325 1462 358 altare:
1496 323 1606 357 deinde
1646 323 1810 355 infirmarii

1076 391 1147 413 cum
1173 380 1298 422 capsula
1325 379 1438 419 clausa,
1457 383 1573 411 etcum
1598 388 1694 421 parvo
1718 377 1814 416 disco,

1077 438 1121 466 tot
1146 433 1311 465 schedulas
1329 433 1498 473 continent,
1516 437 1591 475 quot,
1612 437 1682 463 sunt
1700 430 1816 463 infirmi

1077 486 1268 525 cardinales,
1293 485 1331 517 ad
1356 496 1611 528 unumquemque
1635 495 1744 516 eorum
1771 494 1818 516 ac-

1078 540 1204 579 cedent;
1223 546 1253 572 ct
1277 540 1393 572 infirmi
1414 545 1556 583 acceptas
1574 550 1609 571 ex
1629 538 1714 571 disco
1732 538 1818 570 sche-

1078 593 1186 633 dulas,
1212 599 1330 626 secrete
1362 593 1522 632 scribent,
1548 592 1760 633 obsignabant
1789 596 1818 623 et

1079 646 1321 690 complicabunt,
1341 651 1380 685 et,
1407 646 1534 690 praevio
1553 646 1612 677 iam
1630 646 1713 677 dicto
1735 644 1818 676 iura-

1079 705 1195 740 mento,
1220 700 1252 732 in
1277 700 1435 742 capsulam
1462 710 1517 743 per
1541 699 1653 731 rimam
1680 698 1817 736 mittent;

1079 753 1162 797 quod
1187 753 1212 786 si
1238 753 1353 786 infirmi
1378 752 1516 786 scribere
1537 763 1599 785 11011
1623 751 1752 795 possint,
1767 749 1819 782 alii

1080 816 1190 839 eorum
1214 806 1345 839 arbitrio
1362 805 1528 848 deligendi,
1547 805 1697 848 praestito
1715 803 1753 835 de
1770 813 1818 835 se-

1080 864 1165 893 creto
1190 860 1343 892 servando
1360 859 1390 891 in
1409 860 1553 891 manibus
1570 858 1819 891 infirmariorum

1080 913 1266 951 iuramento,
1282 912 1441 956 praedicta
1466 912 1592 951 facient,
1611 917 1702 954 atque
1723 911 1754 943 hi
1772 910 1821 943 ad-

1079 970 1201 1000 vertere
1215 966 1339 1006 debent,
1357 965 1442 1009 quod
1460 976 1521 998 non
1534 966 1634 997 solun]
1653 964 1820 996 iuramenti

1080 1020 1204 1053 vinculo
1235 1025 1381 1052 tenentur
1413 1030 1539 1051 servare
1569 1023 1742 1058 secretum,
1767 1017 1821 1050 sed

1080 1073 1173 1105 etiam
1197 1073 1229 1105 in
1253 1073 1611 1105 excomiminicationem
1642 1072 1720 1105 latae
1745 1080 1818 1103 sen-

1080 1127 1212 1167 tentiae,
1237 1127 1262 1159 si
1289 1126 1546 1166 contrafecerint,
1572 1126 1741 1158 incurrent.
1768 1125 1822 1157 His

1080 1179 1234 1222 peractis,
1259 1179 1425 1211 infirmarii
1455 1179 1492 1211 ad
1518 1180 1689 1222 cappellam
1721 1188 1823 1210 rever-

1081 1238 1185 1265 tentur
1216 1243 1286 1265 cun]
1318 1232 1469 1276 capsula,
1502 1243 1596 1275 quani
1629 1235 1822 1265 scrutatores

1081 1286 1237 1330 aperient,
1272 1290 1302 1320 et
1333 1286 1498 1318 schedulas
1527 1286 1559 1317 in
1591 1296 1627 1318 ea
1662 1290 1824 1318 contentas

1082 1341 1184 1384 palam
1208 1339 1428 1380 numerabunt,
1455 1342 1484 1372 et
1509 1342 1552 1372 tot
1576 1344 1729 1381 repertas,
1748 1343 1825 1381 quot

1083 1399 1154 1426 sunt
1177 1393 1311 1433 infirmi,
1336 1397 1454 1436 ponent
1477 1391 1659 1434 singillatim
1685 1391 1715 1423 in
1738 1396 1824 1434 pate-

1083 1459 1177 1489 nam,
1203 1454 1232 1481 et
1263 1459 1319 1492 per
1351 1453 1496 1491 patenam
1531 1447 1623 1479 simul
1653 1456 1761 1479 omnes
1794 1446 1824 1477 in

1084 1502 1222 1535 calicem.
1241 1503 1285 1535 Ne
1309 1506 1413 1535 autem
1439 1501 1532 1533 nimis
1550 1501 1580 1533 in
1604 1501 1734 1543 longum
1756 1510 1826 1542 pro-

1084 1556 1227 1588 trahatur
1254 1555 1396 1588 scrutinii
1426 1555 1525 1595 actio,
1547 1554 1716 1586 infirmarii
1741 1559 1826 1596 pote-

1085 1615 1159 1642 runt
1190 1610 1336 1653 proprias
1368 1609 1533 1642 schedulas
1568 1614 1637 1652 post
1672 1608 1826 1640 decanum

1086 1664 1262 1703 conficere,
1288 1668 1317 1695 et
1342 1663 1373 1695 in
1397 1663 1525 1695 calicem
1550 1673 1678 1706 ponere,
1703 1661 1826 1701 deinde,

1086 1717 1160 1749 dum
1185 1717 1281 1749 ceteri
1303 1716 1477 1749 cardinales
1501 1716 1687 1749 scrutinium
1713 1720 1826 1757 agunt,

1087 1771 1125 1803 ad
1150 1770 1292 1804 infirmos
1311 1781 1446 1814 pergere
1463 1770 1501 1802 ad
1519 1769 1698 1813 accipienda
1715 1778 1827 1801 eorum

1087 1824 1247 1867 suffragia,
1265 1835 1302 1857 eo
1323 1824 1427 1865 modo,
1449 1835 1511 1868 quo
1530 1824 1673 1868 proxime
1697 1828 1767 1855 ante
1784 1821 1828 1854 di-

1088 1883 1173 1911 ctum
1199 1883 1254 1910 est.

1131 1932 1266 1970 Quartus
1296 1936 1383 1964 actus
1415 1931 1555 1965 scrutinii
1589 1934 1633 1964 est
1657 1929 1824 1962 schedula-

1089 1996 1158 2018 rum
1188 1985 1377 2029 permixtio,
1409 1996 1488 2028 quae
1518 1984 1572 2016 fiet
1603 1995 1660 2028 per
1690 1982 1827 2027 primum

1089 2044 1309 2078 scrutatorem,
1328 2038 1433 2075 calice,
1452 2038 1484 2070 in
1502 2049 1564 2082 quo
1590 2037 1673 2080 ipsae
1698 2036 1829 2069 schedu-

1091 2092 1137 2124 lae
1160 2092 1281 2135 positae
1298 2092 1435 2132 tuerunt,
1452 2093 1565 2135 patena
1583 2096 1743 2134 cooperto,
1760 2090 1828 2133 plu-

1091 2146 1152 2178 ries
1177 2145 1303 2188 agitato.

1133 2198 1265 2238 Quintus
1290 2203 1377 2231 actus
1402 2203 1447 2231 est
1470 2197 1646 2230 numeratio
1667 2196 1829 2229 schedula-

1092 2263 1172 2291 rum,
1193 2262 1272 2295 quae
1297 2252 1398 2295 palam
1424 2252 1477 2283 fiet
1497 2262 1552 2294 per
1578 2251 1722 2282 ultimum
1748 2259 1832 2281 scru-

1092 2310 1236 2345 tatorem,
1253 2305 1404 2349 capiendo
1429 2305 1609 2347 singillatim
1629 2313 1832 2346 unamquam-

1091 2371 1152 2403 que
1169 2360 1349 2393 schedulam
1369 2371 1404 2392 ex
1423 2359 1528 2396 calice,
1542 2369 1673 2401 eamque
1688 2356 1832 2400 ponendo

1092 2413 1123 2445 in
1147 2413 1254 2453 alium,
1270 2412 1323 2456 qui
1347 2411 1386 2444 ad
1405 2413 1463 2444 hoc
1488 2416 1614 2455 paratus
1635 2410 1683 2450 sit,
1703 2410 1833 2442 calicem

1092 2476 1235 2498 vacuum.
1259 2465 1348 2505 Quod
1380 2465 1403 2497 si
1436 2475 1587 2497 numerus
1611 2463 1834 2496 schedularum

1092 2530 1155 2552 non
1163 2519 1348 2563 respondeat
1358 2529 1491 2552 numero
1502 2518 1718 2554 cardinalium,
1726 2528 1834 2551 omnes

1094 2573 1328 2605 comburendae
1352 2578 1432 2613 sunt,
1458 2576 1488 2606 et
1512 2572 1637 2611 iterum,
1659 2571 1690 2603 id
1715 2576 1760 2603 est
1786 2581 1833 2603 se-

1094 2627 1195 2660 cunda
1220 2627 1298 2667 rice,
1318 2627 1356 2659 ad
1376 2626 1526 2669 suffragia
1550 2626 1652 2659 statim
1678 2630 1724 2658 est
1747 2625 1835 2657 deve—

1094 2680 1253 2714 niendum.
1275 2680 1305 2713 Si
1325 2691 1400 2715 vero
1435 2690 1587 2713 numerus
1613 2675 1834 2713 schedularum

1716 265 1780 299 069
1827 275 1876 301 An.
1893 275 1920 302 c.
1946 275 2012 302 1622

1866 1509 2000 1531 Moniticnes.

1857 1933 1955 1955 Mixtione
1967 1933 2027 1955 sche-

1843 1962 1946 1982 dularum.

1878 2200 2028 2220 Naum-atione

1845 2227 2000 2248 schedularum.
