2293 3231
549 299 611 334 874

598 359 785 394 Elborensis
803 354 886 400 quod
904 352 944 387 ab
961 351 1193 395 archiepiscopi
1209 350 1253 383 iu-

598 411 781 445 risdictione
809 406 943 440 liberum
965 404 1155 443 declaratur,
1177 401 1251 434 609.

514 467 569 499 xl..
587 463 677 506 Quod
695 466 845 495 votumac
861 461 1083 498 iuramentum,
1097 463 1180 500 quae
1194 453 1254 487 cle-

599 519 657 552 rici
686 513 950 558 congregationis
966 510 1135 544 Doctrinae
1149 507 1253 542 Chris-

602 572 706 604 tianae
731 568 770 601 dc
797 565 879 600 L‘rbc
901 566 932 598 in
951 572 987 597 ea
1014 564 1169 606 perpetuo
1186 568 1253 593 ma-

600 623 697 657 nendi
731 622 896 661 emittunt,
932 617 1074 651 Romano
1111 614 1256 648 Pontifici

601 678 763 710 reservata
789 673 829 706 (Ie
855 675 962 705 cetero
986 671 1065 711 sint,
1091 667 1165 701 618.

515 732 587 765 XLI.
612 730 657 763 Dc
683 729 839 762 electione
860 725 980 759 Summi
996 722 1130 757 Romani
1150 719 1256 754 Ponti-

602 784 687 824 ficis,
713 781 787 815 619.

514 837 603 871 ml.
621 836 753 869 tilcricis
771 829 972 876 regularibus
986 828 1172 863 Scholarum
1187 825 1257 860 Pia-

605 899 675 923 rum
701 887 894 932 permittitur
924 885 981 917 tria
1011 882 1164 915 solemnia
1188 883 1259 913 vota

604 944 763 983 emittant,
789 939 863 973 627.

518 997 620 1031 xthl.
646 995 834 1028 investitura
859 991 951 1034 regni
981 988 1109 1022 Siciliae
1133 985 1256 1029 Philip-

606 1061 646 1095 po
675 1048 717 1091 IV
750 1046 976 1090 hispaniarum
1005 1043 1075 1085 regi
1106 1038 1260 1074 catholico

606 1101 794 1137 conceditur
827 1109 899 1133 eum
934 1098 1033 1131 solitis
1066 1094 1259 1129 conditioni-

606 1158 681 1199 bus,
707 1156 780 1189 628.

520 1214 619 1248 XLIV.
646 1211 788 1245 tv‘acuttas
813 1209 965 1252 episcopo
990 1203 1178 1239 Ebroicensi
1202 1202 1264 1234 eri-

608 1265 703 1311 gendi
729 1262 1011 1306 congregationem
1036 1256 1264 1301 hospitalarem

609 1322 774 1363 utriusque
799 1325 896 1349 sexus
920 1316 952 1348 in
981 1311 1099 1356 oppido
1127 1309 1264 1343 Locova-

611 1375 709 1409 rIensi
730 1370 876 1405 eiusdem
889 1366 1094 1403 Ebroicensis
1107 1363 1265 1397 dioecesis

610 1429 669 1463 sub
694 1426 805 1470 regula
830 1423 961 1459 Ordinis
985 1420 1142 1454 Minorum
1166 1417 1265 1450 sancti

610 1485 779 1526 Franctsci,
795 1478 954 1515 nonnullis
964 1475 1081 1510 additis
1092 1472 1267 1507 concessio-

612 1541 705 1576 nIbus
731 1542 761 1571 ct
786 1535 978 1581 prixilcgiiS,
1003 1534 1078 1567 635.

527 1599 615 1634 va.
640 1598 809 1642 Deputati0
829 1597 923 1629 unius
941 1594 1055 1628 notarii
1079 1591 1119 1626 ad
1145 1597 1268 1624 conser-

617 1655 755 1689 tandum
781 1660 949 1697 processus
974 1651 1006 1682 in
1032 1646 1175 1693 partibus
1199 1646 1265 1679 for—

617 1714 714 1744 matos
739 1716 834 1752 super
850 1702 1056 1750 qualitatibus
1081 1709 1267 1746 promoven-

617 1765 727 1799 dorum
759 1772 775 1795 a
807 1761 935 1795 Summo
974 1757 1126 1791 Pontifice
1161 1758 1193 1789 et
1230 1753 1269 1788 ad

618 1819 791 1852 Romanam
821 1814 947 1848 Curiam
973 1811 1172 1845 transmissos
1199 1818 1271 1842 cum

620 1872 901 1906 emolumentorum
924 1866 1148 1910 assignatione,
1175 1862 1249 1897 643.

534 1927 634 1961 XLVI.
660 1925 860 1959 Confirmatio
891 1926 922 1956 et
949 1920 1112 1954 innovatio
1144 1917 1269 1952 Consti-

625 1981 776 2014 tutionum
812 1976 959 2021 Gregorii
984 1974 1054 2008 xlll
1085 1977 1115 2007 ct
1146 1972 1270 2015 Grego-

624 2035 661 2067 rii
681 2031 745 2065 xlv
770 2040 865 2075 super
896 2027 1109 2074 prohibitione
1142 2025 1274 2060 delatio-

626 2089 673 2121 nis
706 2085 830 2119 babitus
863 2084 994 2117 fratrum
1018 2080 1277 2126 Cappueiuorum

627 2142 675 2175 tel
701 2140 874 2173 consimilis
898 2136 1026 2171 habitus
1050 2145 1109 2180 per
1133 2133 1211 2168 alios
1228 2142 1278 2166 re-

627 2196 771 2239 gutaros3
788 2202 846 2226 uec
866 2201 928 2226 non
947 2190 1127 2224 commissio
1141 2187 1279 2223 Ordina-

629 2250 681 2282 rii>¹
707 2247 846 2280 Iocorum
878 2254 1052 2288 regnorum
1083 2242 1279 2286 Hispaniae,

631 2303 801 2342 Framriac,
832 2300 1028 2343 aliorumque
1054 2305 1225 2340 regnorum
1251 2298 1281 2329 ct

631 2355 862 2399 provinciarum
875 2352 994 2393 Italiae,
1010 2360 1048 2383 ne
1063 2349 1132 2383 aliis
1151 2348 1282 2394 quibus-

632 2411 677 2443 xis
702 2409 859 2452 religiosis
885 2407 1114 2449 cuiuscumque
1140 2402 1282 2445 OrdiniS,

632 2463 790 2496 societatis
805 2464 833 2494 cI
852 2460 985 2493 instituti
1000 2456 1210 2501 regularibus,
1225 2455 1284 2490 sub

635 2516 747 2561 quovss
772 2516 960 2558 praetextu,
991 2513 1199 2555 imposterum
1223 2519 1282 2543 no-

637 2579 708 2602 men
735 2569 785 2601 rel
809 2566 951 2600 habitum
983 2567 1124 2609 ipsorum
1155 2564 1287 2597 fratrum

639 2622 910 2665 Cappuccinorum
935 2617 995 2651 sibi
1020 2617 1210 2658 vendicare,
1236 2615 1287 2649 vel

642 2684 794 2717 usurpare
813 2674 1005 2717 permittant,
1016 2670 1073 2705 sed
1090 2672 1174 2715 ipsas
1187 2669 1287 2703 editas

641 2727 883 2762 Constitutiones
897 2735 953 2771 per
966 2724 1200 2761 ecclesiasticas
1217 2732 1288 2758 cen-

1104 295 1282 322 antuman
1305 294 1457 321 Romnum

1393 356 1485 382 suras
1495 350 1525 381 et
1536 355 1655 391 poenas
1665 345 1830 381 observari
1839 345 1965 390 faciant,
1972 347 2046 382 647.

1304 400 1423 435 vall.
1434 399 1607 444 Amplia110
1621 404 1652 434 et
1665 401 1808 434 extensio
1823 399 1979 434 facultatis
1988 400 2049 434 sra-

1394 453 1497 488 tribus
1508 453 1685 488 Minoribus
1699 451 1832 489 Ordinis
1845 454 1946 487 sancti
1958 452 2050 488 Fran-

1395 509 1472 542 cisci
1489 507 1529 541 de
1543 505 1759 542 observantia
1770 506 2050 549 Discalceatorum,

1396 563 1428 595 in
1453 562 1561 605 regnis
1593 560 1820 605 Hispaniarum
1847 568 2048 594 commoran-

1395 616 1494 657 tium,
1527 623 1609 648 nova
1640 613 1709 648 loca
1733 613 1901 658 erigendi,
1925 616 2052 648 servata

1398 668 1498 702 forma
1519 677 1683 702 sacrorum
1699 677 1858 702 canonum
1874 669 1906 700 et
1921 665 2052 701 Concilii

1398 720 1587 764 Tridentini,
1613 723 1728 755 ceteris
1756 730 1820 755 non
1844 719 2052 762 obstantihuS,

1398 774 1438 808 ad
1453 774 1565 808 tratres
1578 773 1721 808 eiusdem
1734 771 1866 809 Ordinis
1878 774 1957 807 citra
1967 782 2054 807 mon-

1400 832 1446 862 tes
1471 827 1642 872 degentes,
1667 828 1741 861 649.

1310 881 1443 916 XLVIII.
1458 880 1663 915 Confirmatio
1671 880 1940 914 Constitutionum
1954 888 1972 913 a
1980 877 2057 913 Con-

1399 936 1586 979 gregatione
1600 933 1790 968 clericorum
1802 942 1982 979 pauperum
1992 932 2057 967 Ma-

1400 990 1458 1022 tris
1477 988 1538 1022 Dei
1549 987 1738 1022 Scholarum
1756 987 1885 1022 Piarum
1898 996 1956 1031 pro
1972 985 2058 1020 felici

1402 1043 1452 1076 sui
1472 1041 1629 1086 regimine
1655 1041 1830 1083 editarum,
1855 1040 1931 1074 650.

1312 1096 1417 1132 XLIX.
1444 1095 1627 1130 Ludovicus
1649 1095 1844 1129 Francorum
1868 1103 1926 1127 rex
1949 1092 2058 1127 admo-

1404 1154 1507 1192 netur,
1533 1149 1659 1184 damnis
1676 1151 1831 1191 occurrat,
1852 1156 1935 1193 quae
1951 1146 2060 1181 catho-

1405 1204 1466 1237 lica
1491 1203 1636 1237 doctrina
1664 1204 1784 1247 patitur
1808 1211 1848 1235 ex
1873 1200 1980 1243 llbris,
2005 1200 2062 1246 qui

1405 1258 1437 1290 in
1462 1256 1637 1290 Galliarum
1661 1264 1761 1299 regno
1786 1254 1967 1298 vulgantur,
1984 1253 2059 1288 659..

1316 1311 1349 1346 L.
1363 1306 1714 1346 Confirmatiounionis
1726 1308 1992 1352 Congregationis
2004 1307 2064 1340 fra-

1405 1369 1488 1399 trum
1505 1362 1779 1397 Discalceatorum
1796 1360 1929 1397 Ordinis
1942 1360 2064 1395 Eremi-

1406 1423 1509 1453 tarum
1528 1418 1629 1451 sancti
1649 1415 1836 1460 Augustini,
1854 1416 1886 1448 in
1904 1423 2005 1458 regno
2020 1413 2064 1449 Si-

1407 1473 1501 1507 ciliae
1533 1474 1627 1506 antea
1658 1473 1797 1513 erectae,
1816 1469 2065 1513 Congregationi

1408 1533 1519 1568 Italiae
1545 1529 1693 1566 eiusdem
1716 1529 1859 1572 Ordinis,
1882 1527 1958 1562 652.

1321 1588 1366 1623 LI.
1388 1588 1435 1623 De
1460 1582 1683 1631 exemptorum
1708 1583 1885 1628 privilegiis
1901 1583 1987 1616 circa
2002 1581 2067 1616 ani-

1409 1651 1533 1676 marum
1547 1648 1666 1682 curam,
1682 1639 1955 1673 sacramentorum
1970 1635 2067 1670 admi-

1410 1696 1632 1730 nistrationem
1653 1720 1660 1736 ,
1704 1695 1736 1726 et
1776 1690 2067 1725 sanctimonialium

1411 1749 1615 1790 monasteria,
1640 1750 1671 1782 et
1687 1745 1961 1791 praedicationem
1975 1742 2068 1778 verbi

1410 1804 1479 1846 Dei,
1504 1803 1579 1837 656.

1323 1860 1567 1906 Subsequuntur
1604 1856 1656 1890 hic
1692 1855 1814 1900 aIIquot
1844 1852 1942 1887 dubia
1973 1862 2070 1897 super

1413 1917 1472 1950 ista
1489 1912 1702 1947 consitutione
1721 1912 1849 1949 exorta;
1869 1917 2005 1953 quorum
2020 1915 2071 1942 re-

1413 1968 1587 2004 solutiones
1610 1975 1685 2000 mox
1709 1963 1931 2004 subiicientur‚
1952 1961 2027 1996 659.

1327 2023 1573 2068 Subsequuntur
1586 2018 1819 2054 declarati0nes
1832 2016 1873 2051 ad
1889 2014 2073 2059 supradicta

1417 2076 1515 2112 dubia
1539 2084 1557 2109 a
1581 2073 1830 2118 congregatione
1861 2068 2073 2104 cardinalium

1417 2130 1501 2166 sacri
1516 2128 1649 2164 Concilii
1665 2125 1845 2160 Tridentini
1864 2125 2074 2168 interpretum

1419 2185 1532 2227 datae,
1558 2186 1590 2217 et
1613 2191 1632 2216 a
1655 2179 1810 2224 Gregorio
1834 2177 1903 2222 XV,
1927 2186 1965 2212 ac
1988 2179 2074 2222 post-

1420 2238 1550 2274 modum
1574 2235 1613 2271 ab
1638 2233 1765 2271 Urbano
1789 2231 1862 2267 VIII
1892 2231 2075 2276 respective

1421 2291 1626 2338 approbatae,
1652 2289 1727 2323 660.

1333 2346 1579 2390 Subsequuntur
1603 2341 1665 2376 alia
1689 2339 1751 2374 duo
1776 2336 1875 2373 dubia
1898 2335 1939 2371 ab
1961 2334 2076 2370 eadem

1422 2396 1670 2442 congregatione
1689 2392 1858 2434 declarata,
1870 2393 1901 2425 et
1915 2399 1934 2425 a
1946 2389 2077 2424 sanctis-

1423 2454 1503 2487 simo
1519 2450 1654 2486 Domino
1674 2451 1782 2482 nostro
1798 2443 1981 2490 approbata,
2002 2442 2077 2477 661.

1336 2506 1398 2542 LII.
1415 2502 1655 2541 caeremoniale
1671 2503 1704 2536 in
1718 2500 1874 2535 electione
1890 2497 2005 2532 summi
2016 2495 2079 2530 Ro-

1425 2559 1512 2594 mani
1536 2556 1698 2593 Pontificis
1717 2551 1964 2593 observandum,
1989 2549 2063 2584 662.

1339 2613 1416 2649 LIII.
1442 2611 1644 2647 Canonizatio
1669 2609 1699 2643 S.
1727 2607 1899 2643 Theresiae
1923 2603 2078 2648 Virginis,

1428 2672 1491 2702 tam
1505 2666 1646 2708 fratrum,
1657 2673 1751 2710 quam
1763 2659 1948 2697 monialium
1957 2657 2080 2693 Carme-

1427 2721 1555 2759 Iitarum
1577 2717 1848 2757 Discalceatorum
1871 2712 2081 2756 fundatricis,
