2293 3231
263 276 315 302 An.
332 274 360 302 C.
377 273 442 301 162¹

312 1928 338 1949 Et
352 1926 407 1947 dotis
421 1931 456 1947 :u—

272 1957 370 1982 slgnauo.

491 263 557 297 644

463 327 554 354 natus
579 321 686 354 suisset
710 319 862 359 notarius,
880 317 934 351 sed
954 317 992 350 ad
1013 317 1073 350 hoc
1090 326 1205 350 munus

463 374 576 408 notarii
602 373 788 417 plerumque
808 381 921 415 parum
942 370 1062 414 experti
1079 369 1207 402 adhibe-

464 433 583 466 rentur,
607 435 678 465 nos,
704 424 778 457 huic
802 422 1003 457 incommodo
1027 423 1205 466 opportuna

465 479 585 512 ratione
609 476 775 521 providere
791 476 940 516 volentes,
960 478 1047 509 motu
1063 474 1206 518 proprio,

465 541 526 564 non
551 530 589 562 ad
613 529 746 562 alicuius
770 538 865 573 super
889 528 950 562 hoc
974 527 1065 561 nobis
1085 527 1207 560 oblatae

465 583 623 628 petitionis
641 583 831 623 instantiam,
848 581 903 615 sed
919 592 955 615 ex
973 583 1059 614 certa
1076 580 1207 614 scientia

465 643 493 669 et
519 638 607 670 mera
631 636 859 669 deliberatione
882 635 1008 676 nostris,
1024 645 1060 668 ae
1076 634 1115 668 de
1131 644 1207 678 apo-

465 690 592 723 stolicae
616 689 778 734 potestatis
802 688 996 733 plenitudine
1021 698 1119 722 unum
1136 698 1207 732 per-

465 750 595 788 petuum
620 743 793 777 notariatus
809 743 949 777 officium
965 743 1005 776 ad
1024 743 1121 776 instar
1137 742 1210 776 alio-

465 807 537 830 rum
569 796 726 830 Romanae
756 796 862 830 euriae
897 796 1076 830 officiorum
1113 806 1207 829 vaca-

466 851 548 892 bilc,
573 850 663 884 cuius
687 850 850 884 concessio
881 856 911 883 et
942 849 1126 884 omnimoda
1151 849 1210 882 alia

466 903 641 947 dispositio,
665 903 788 947 quoties
808 903 884 936 illud
908 913 965 948 per
985 903 1119 944 obitum,
1137 903 1211 936 resi-

467 957 668 1000 gnationem,
688 957 898 1001 privationem
921 962 975 990 aut
998 957 1074 991 alias
1099 957 1210 1001 quovis

469 1010 563 1043 modo
588 1020 698 1044 vacare
722 1011 930 1054 contingeret,
955 1010 993 1043 ad
1018 1020 1076 1044 nos
1099 1016 1129 1044 et
1148 1010 1210 1044 Ro-

469 1073 580 1097 manos
607 1063 777 1097 Pontifices
794 1074 854 1108 pro
873 1069 1017 1108 tempore
1042 1064 1210 1097 existentes

467 1123 620 1161 spectare,
646 1127 706 1161 pro
730 1127 794 1150 uno
818 1117 952 1158 notario,
973 1117 1037 1161 qui,
1055 1117 1210 1161 privative

468 1170 573 1214 quoad
608 1170 686 1204 alios
715 1181 951 1215 quoscumque,
975 1171 1007 1203 in
1038 1170 1210 1204 formandis

468 1223 722 1268 instruendisque
756 1224 972 1268 processibus,
1003 1234 1083 1268 quos
1114 1234 1210 1268 super

468 1278 669 1322 qualitatibus
693 1278 984 1322 promovendorum
1009 1279 1048 1312 ad
1068 1278 1211 1312 ecclesia-

468 1342 540 1365 rum
559 1331 788 1365 cathedralium
806 1337 836 1365 et
852 1332 1117 1366 monasteriorum
1134 1341 1209 1365 con-

469 1385 673 1418 sistorialium
697 1385 863 1428 regimina,
888 1395 924 1418 ac
951 1385 1156 1418 ecclesiarum
1181 1390 1210 1418 et

470 1438 735 1472 monasteriorum
750 1438 930 1472 huiusmodi
947 1443 1039 1478 statu,
1052 1439 1104 1472 hic
1116 1439 1148 1471 in
1162 1449 1211 1472 eu-

470 1491 528 1531 ria,
542 1501 649 1524 coram
662 1491 691 1525 S.
703 1492 737 1525 R.
749 1491 781 1524 E.
791 1491 1015 1533 cardinalibus,
1029 1497 1082 1525 aut
1099 1502 1209 1525 eorum

470 1543 678 1585 auditoribus,
700 1544 830 1578 formari
858 1550 888 1578 et
915 1545 1035 1578 institui
1061 1544 1210 1589 deinceps

470 1598 632 1642 perpetuis
655 1598 768 1631 suturis
788 1597 984 1642 temporibus
1002 1598 1210 1642 contingeret,

469 1651 545 1695 ipsis
570 1651 783 1685 cardinalibus
804 1661 859 1684 scu
884 1662 995 1685 eorum
1012 1651 1211 1685 auditoribus

469 1705 616 1738 assistere
640 1710 670 1738 et
693 1704 819 1739 testium
843 1704 926 1739 dicta
950 1710 980 1738 et
996 1705 1212 1749 depositiones

469 1758 500 1791 in
519 1758 644 1803 scriptis
656 1769 714 1803 per
730 1768 762 1792 sc
776 1758 824 1791 vel
841 1758 1044 1793 substitutum
1062 1758 1210 1792 idoneum

470 1811 615 1855 redigere
639 1817 801 1845 teneretur
825 1822 861 1846 ac
885 1811 1024 1853 deberet,
1041 1812 1211 1856 apostolica

469 1866 655 1900 auctoritate
679 1865 838 1899 ereximus
861 1876 898 1899 ac
922 1865 1123 1906 instituimus;

515 1919 531 1962 g
555 1918 584 1951 ¹1.
609 1918 719 1963 Illique
743 1918 788 1952 sic
811 1924 916 1952 erecto
936 1924 967 1952 et
983 1919 1135 1960 instituto,
1152 1929 1212 1963 pro

472 1972 539 2006 eius
563 1973 706 2016 congrua
725 1971 808 2013 dote,
825 1972 930 2005 omnia
947 1977 977 2005 et
992 1972 1115 2015 singula
1131 1982 1214 2006 emo-

472 2025 621 2066 lumenta,
634 2024 752 2068 regalia
765 2030 795 2058 ct
811 2025 880 2058 iura
893 2035 950 2069 per
966 2026 1044 2059 alios
1061 2025 1212 2066 notarios,

471 2079 526 2123 qui
557 2084 648 2112 antea
671 2079 703 2111 in
733 2078 904 2112 formandis
934 2079 1116 2112 huiusmodi
1140 2089 1213 2123 pro-

473 2142 579 2165 cessus
611 2131 729 2165 eisdem
760 2131 993 2173 cardinalibus,
1018 2142 1073 2165 seu
1103 2142 1212 2165 eorum

472 2184 688 2226 auditoribus,
718 2190 752 2218 ut
782 2185 977 2228 praefertur,
1009 2185 1212 2226 adstiterunt,

473 2249 509 2272 ae
532 2238 614 2272 dicta
627 2243 657 2272 ct
670 2238 884 2282 depositiones
901 2238 1025 2272 testium
1043 2238 1074 2271 in
1091 2238 1214 2282 seriptis

474 2292 685 2336 redegerunt,
709 2291 830 2336 percipi
861 2292 952 2326 solita
985 2295 1014 2325 et
1046 2296 1214 2332 consueta,

474 2346 581 2390 cisque
604 2351 774 2390 propterea
797 2345 912 2386 debita,
935 2351 1091 2390 perpetuo
1115 2346 1214 2390 appli-

456 2400 615 2433 cavimus
639 2404 669 2434 et
692 2399 976 2444 appropriavimus.

293 2459 461 2489 l'rivilegioruin·

277 2491 319 2511 que
333 2491 451 2507 concessio.

520 2453 535 2497 g
551 2452 580 2486 2.
598 2452 635 2486 Et
650 2453 780 2497 insuper
804 2453 942 2487 officium
959 2453 1131 2486 notariatus
1156 2452 1215 2486 hu-

478 2505 611 2539 iusmodi
628 2516 686 2550 pro
704 2511 848 2550 tempore
867 2506 1032 2547 obtinenti,
1049 2511 1084 2539 ut
1101 2507 1132 2539 in
1151 2506 1216 2552 qui-

477 2558 673 2603 buscumque
696 2559 888 2593 sessionibus
903 2587 910 2600 ,
939 2560 1194 2604 processionibus
1207 2587 1216 2602 ,

478 2621 535 2644 nec
558 2621 620 2645 non
644 2612 888 2656 equitationibus
911 2613 1004 2646 etiam
1021 2613 1216 2647 solemnibus

478 2664 609 2698 Romani
634 2664 802 2707 pontilicis,
815 2671 845 2699 et
861 2665 930 2699 aliis
949 2666 1215 2710 quibuscumque,

1041 269 1220 293 nt'LLMimM
1244 268 1398 292 ROMANUM

1238 318 1299 349 una
1323 326 1396 349 cum
1421 316 1534 348 ceteris
1566 315 1725 349 Romanae
1755 317 1861 349 curiae
1891 320 1976 349 nota-

1239 368 1304 409 riis,
1329 369 1556 411 cuiuscumque
1585 367 1702 411 gradus
1729 374 1760 401 et
1790 368 1978 402 conditionis

1239 421 1453 461 existentibus,
1479 421 1638 461 interesse,
1653 430 1690 453 ac
1706 421 1854 453 omnibus
1871 426 1904 454 et
1918 421 1979 454 sin-

1240 474 1323 517 gulis
1346 473 1529 518 privilegiis,
1554 473 1762 514 libertatibus,
1778 473 1980 507 immunitati-

1240 527 1310 568 bus,
1334 526 1586 568 antelationibus,
1604 525 1736 569 aliisque
1755 526 1981 570 praerogativis

1241 585 1271 613 et
1295 580 1425 624 gratiis,
1450 585 1513 612 tam
1537 578 1753 623 spiritualibus
1780 588 1875 623 quam
1906 583 1981 612 tem-

1241 632 1419 677 poralibus,
1452 631 1566 676 quibus
1589 641 1733 665 camerae
1756 636 1882 666 nostrae
1904 641 1981 676 apo-

1241 686 1370 720 stolieae
1385 685 1501 719 notarii
1517 685 1556 719 de
1572 685 1652 727 iure,
1665 696 1735 727 usu,
1746 685 1981 726 consuetudine,

1242 739 1418 784 privilegio,
1442 744 1495 772 aut
1519 739 1605 780 alias,
1629 739 1723 772 etiam
1747 739 1851 784 quoad
1875 749 1981 772 exem-

1243 792 1382 836 ptionem
1407 792 1623 836 vectigalium,
1654 792 1851 836 gabellarum
1875 795 1906 826 et
1932 801 1983 836 pc-

1243 847 1422 890 dagiorum,
1440 846 1678 891 quomodolibet
1700 846 1879 887 utebanttu·,
1900 845 1983 879 frue-

1243 900 1367 941 bantur,
1384 900 1585 944 potiebantur
1607 905 1637 933 et
1656 899 1844 943 gaudebant,
1867 908 1904 932 ac
1926 898 1983 939 uti,

1243 953 1316 994 frui,
1339 953 1435 998 potiri
1459 959 1490 987 et
1513 953 1652 997 gaudere
1676 958 1820 997 poterant
1849 962 1983 997 quomo-

1243 1007 1362 1041 dolibet
1388 1008 1420 1041 in
1443 1008 1585 1041 futurum
1599 1034 1607 1049 ‚
1632 1007 1777 1041 similiter
1800 1011 1831 1040 et
1853 1005 1984 1050 parisor-

1243 1061 1358 1102 miter,
1377 1071 1441 1095 non
1465 1061 1568 1095 solum
1591 1060 1631 1093 ad
1654 1070 1765 1095 eorum
1789 1060 1905 1100 instar,
1929 1058 1984 1093 sed

1243 1115 1416 1160 aequaliter
1447 1120 1478 1148 et
1506 1114 1738 1163 principaliter,
1762 1123 1799 1147 ac
1822 1114 1890 1147 sine
1920 1112 1984 1146 ulla

1243 1179 1375 1212 prorsus
1398 1168 1594 1209 differentia,
1618 1168 1679 1209 uti,
1704 1167 1766 1201 frui
1793 1171 1825 1200 et
1846 1165 1985 1211 gaudere

1243 1221 1340 1255 libere
1354 1227 1383 1255 et
1401 1221 1484 1255 licite
1498 1226 1604 1266 posset
1621 1226 1652 1254 et
1668 1221 1794 1261 valeret,
1805 1218 1935 1264 perinde
1948 1229 1984 1252 ac

1243 1275 1268 1308 si
1281 1275 1334 1308 illa
1345 1275 1403 1308 sibi
1418 1286 1475 1319 per
1488 1280 1670 1319 praesentes
1682 1283 1831 1308 concessa
1842 1272 1984 1312 fuissent,

1243 1329 1420 1373 specialiter
1444 1328 1658 1362 concessimus
1683 1332 1714 1361 et
1736 1326 1933 1360 indulsimus.

1287 1383 1302 1426 g
1325 1381 1355 1416 3.
1374 1382 1409 1415 Et
1424 1382 1564 1425 insuper,
1581 1381 1742 1425 cupientes
1758 1379 1887 1413 offcium
1899 1389 1986 1424 prae-

1243 1436 1380 1476 dictum,
1405 1435 1449 1468 sic
1477 1445 1534 1479 per
1565 1444 1623 1467 nos
1647 1438 1806 1474 erectum,
1830 1442 1985 1477 personae

1244 1488 1375 1522 idoneae
1394 1499 1466 1522 cum
1491 1488 1629 1532 primum
1654 1487 1840 1528 concedere,
1864 1486 1904 1520 de
1923 1485 1985 1520 fide

1244 1547 1274 1575 et
1295 1542 1460 1582 industria,
1485 1542 1612 1576 solertia
1633 1547 1663 1575 ct
1687 1540 1858 1584 diligentia,
1875 1545 1906 1574 et
1921 1550 1985 1574 non

1244 1595 1366 1639 vulgari
1390 1595 1422 1628 in
1445 1601 1513 1629 arte
1537 1595 1711 1629 notariatus
1735 1593 1916 1628 huiusmodi
1935 1604 1986 1638 pe-

1245 1649 1317 1682 ritia
1341 1649 1447 1683 dilecti
1471 1649 1528 1682 filii
1553 1649 1689 1683 Odoardi
1704 1647 1912 1688 Tibaldesehi,
1927 1647 1986 1681 cle-

1245 1703 1301 1736 rici
1318 1703 1504 1746 Spolctanac
1520 1702 1682 1745 dioecesis,
1699 1701 1760 1735 fide
1776 1701 1880 1744 dignis
1898 1700 1984 1734 testi-

1246 1756 1360 1790 moniis
1384 1756 1555 1797 ccrtiorati,
1580 1761 1668 1789 motu
1685 1755 1780 1789 simili
1796 1760 1827 1788 et
1842 1765 1880 1789 ex
1899 1755 1986 1789 certa

1245 1809 1375 1843 seientia
1399 1820 1435 1843 ac
1459 1811 1582 1844 matura
1606 1809 1831 1843 deliberatione
1858 1807 1986 1848 nostris,

1245 1864 1384 1897 officium
1399 1863 1596 1908 praedictum
1610 1872 1627 1895 a
1643 1862 1806 1907 primaeva
1823 1861 1907 1895 illius
1921 1870 1987 1894 ere-

1245 1917 1349 1950 ctione
1365 1916 1546 1950 huiusmodi
1563 1925 1686 1956 vacans,
1703 1926 1775 1949 curn
1792 1914 1940 1949 omnibus
1955 1918 1987 1947 et

1246 1970 1379 2014 singulis
1392 1969 1476 2003 illius
1489 1969 1674 2009 honoribus,
1690 1968 1852 2009 oneribus,
1863 1967 1987 2001 salariis

1991 267 2042 294 An.
2057 265 2087 294 C.
2105 265 2171 294 tszt

2026 1392 2139 1423 Concessio
2153 1392 2185 1414 dl-

1999 1418 2186 1468 {latitabat

1247 2029 1276 2057 et
1307 2023 1528 2058 emolumentis
1559 2022 1735 2064 universis,
1760 2021 1929 2056 ordinariis
1957 2024 1988 2055 et
2032 2049 2034 2051 .

1247 2076 1513 2117 extraordinariis,
1538 2075 1759 2120 undecumque
1775 2085 1813 2109 ex
1828 2074 1912 2108 illius
1934 2084 1987 2108 ex-

1247 2130 1356 2164 ercitio
1384 2129 1658 2174 provenientibus,
1683 2134 1714 2163 et
1741 2129 1787 2162 illi
1817 2133 1988 2173 propterea

1247 2183 1381 2224 debitis,
1405 2183 1567 2227 praedicto
1599 2181 1765 2224 Odoardo,
1789 2182 1844 2226 qui
1868 2181 1909 2215 ob
1933 2191 1987 2214 ur-

1247 2242 1371 2281 gentes,
1395 2237 1510 2281 quibus
1534 2236 1758 2281 premebamur
1776 2234 1988 2275 necessitate-5,

1248 2291 1279 2324 in
1299 2296 1440 2324 nostram
1456 2295 1486 2323 et
1503 2290 1591 2324 Sedis
1603 2289 1802 2334 Apostolieae
1813 2287 1989 2322 subventio-

1248 2354 1320 2378 nem
1335 2354 1490 2378 summam
1508 2348 1670 2377 scutorum
1683 2342 1769 2376 mille
1782 2341 1988 2386 persolverat,

1250 2397 1343 2431 simili
1368 2397 1552 2432 auctoritate
1575 2396 1788 2431 concessimus
1803 2399 1835 2428 et
1848 2393 1989 2437 assigna-

1250 2451 1361 2493 vimus,
1386 2451 1552 2495 ipsumque
1574 2449 1614 2484 ad
1637 2449 1776 2483 officium
1795 2446 1988 2487 huiusmodi,

1250 2506 1398 2550 illiusque
1421 2504 1557 2538 liberum
1582 2503 1777 2544 exercitium,
1801 2501 1940 2535 honores
1959 2505 1990 2535 et

1249 2568 1356 2599 onera,
1373 2568 1431 2602 per
1450 2567 1504 2591 eos
1527 2557 1566 2590 ad
1590 2566 1670 2599 quos
1693 2554 1852 2599 spectabat
1875 2559 1906 2588 et
1921 2564 1990 2598 per-

1250 2612 1378 2652 tinebat,
1403 2616 1608 2655 spectareque
1623 2614 1654 2643 et
1672 2609 1832 2653 pertinere
1854 2612 1989 2652 poterat,

1249 2664 1464 2708 recipiendum
1485 2669 1515 2698 et
1531 2662 1758 2696 admittendum
1779 2662 1846 2698 sore
1862 2667 1893 2697 et
1909 2672 1989 2706 esse,
