2293 3231
295 270 344 297 An.
365 269 393 296 c.
417 269 484 297 1622
531 261 593 295 7⁶22

318 1455 378 1476 Atiuu
391 1454 491 1474 'induimur

307 1483 364 1502 cii-ca
397 1481 491 1504 resigna·

307 1509 376 1529 tiones
400 1510 418 1528 et
445 1512 492 1532 pei·-

307 1536 435 1556 mutationes
456 1533 492 1553 be-

308 1562 431 1583 neficiorum
465 1559 491 1579 ad

307 1594 410 1609 siunniam
432 1587 491 1612 ‹iuiu-

308 1618 417 1641 gontorum
428 1613 492 1633 duea-

308 1644 376 1662 torum
401 1640 446 1661 auri
466 1640 491 1659 de

308 1674 393 1688 camera
404 1673 443 1687 nnn
459 1673 491 1687 [¹1-

309 1694 436 1715 cedentium.

499 329 556 362 pet·
581 318 729 350 dilectum
767 317 865 349 tilium
897 322 1040 348 nostrum
1074 316 1104 348 in
1128 315 1239 348 eadem

498 371 579 405 Urbe
604 370 755 403 vicarium
774 369 803 401 iu
822 368 1038 412 spiritualibus
1059 367 1239 411 generalem

498 425 586 468 prius
607 424 759 457 visitando
776 429 803 456 et
825 422 1041 466 approbando,
1059 432 1154 455 unam
1170 421 1241 454 mis-

499 488 564 510 sam
589 488 648 520 pro
674 487 736 510 uno
761 486 888 520 quoque
913 476 980 516 dic,
1005 481 1049 516 ct,
1069 475 1241 508 dummodo

499 531 529 562 in
554 530 649 562 domo
684 529 866 562 huiusmodi
901 528 1081 562 celebrandi
1117 528 1242 561 licentia

498 583 587 616 alteri
621 592 770 615 concessa
801 592 864 615 non
896 582 1008 622 suerit,
1034 592 1091 625 per
1115 592 1147 614 se
1175 581 1242 625 ipso

499 637 672 675 celebrare,
691 647 747 669 seu
767 647 822 680 per
843 646 1076 680 quemcumque
1101 635 1244 668 sacerdo—

500 695 559 724 tem
581 690 802 734 approbatum,
820 689 994 722 secularem
1020 689 1068 721 vel
1093 688 1131 721 de
1156 699 1244 732 supe-

500 744 622 776 riorum
647 753 778 776 suorum
809 742 936 775 licentia
960 742 1157 784 regularem,
1178 741 1244 773 sine

501 803 603 830 tamen
628 807 903 841 quorumcumque
934 796 1051 829 iurium
1083 795 1246 839 parochia-

502 851 576 884 lium
595 850 800 894 praeiudicio,
822 861 857 883 ae
878 850 983 893 quoad
1007 860 1071 889 eos,
1089 848 1141 892 qui
1159 852 1246 881 extra

501 903 618 937 [rbem
641 903 776 944 suerint,
802 903 959 936 paschatis
983 900 1245 941 Resurrectionis,

502 958 699 990 Pentecostes
738 960 768 990 et
802 956 975 990 Nativitatis
1000 955 1123 989 Domini
1146 954 1245 988 nostri

502 1010 569 1043 lesu
593 1010 724 1052 Clu-isti,
745 1009 878 1054 aliisque
902 1008 1147 1043 solemnioribus
1173 1008 1245 1040 anni

503 1065 587 1097 sestis
618 1064 729 1097 diebus
757 1064 916 1108 exeeptis,
942 1064 974 1096 in
1002 1065 1058 1096 sua
1086 1074 1122 1095 ac
1146 1062 1248 1095 cuius-

504 1118 578 1151 libet
603 1129 713 1151 eorum
739 1118 874 1151 familiae
897 1117 1075 1161 praesentia
1093 1116 1246 1149 celebrari

504 1172 629 1212 facere,
663 1172 704 1204 ita
730 1177 850 1212 tamen,
876 1176 910 1204 ut
941 1171 1111 1204 familiares
1136 1181 1247 1203 eorum

505 1226 643 1259 servitiis
660 1236 723 1259 non
740 1225 908 1259 necessarii
934 1225 1049 1257 ibidem
1075 1225 1189 1257 missae
1205 1224 1249 1256 in-

506 1284 691 1314 teressentes
702 1279 740 1311 ab
755 1278 947 1321 obligatione
960 1276 1105 1311 audiendi
1121 1277 1248 1310 missam

507 1334 537 1366 in
559 1333 692 1367 eeclesia
716 1332 827 1365 diebus
851 1332 936 1365 sestis
953 1332 991 1365 de
1009 1335 1178 1375 praecepto
1195 1331 1250 1364 mi-

506 1388 591 1420 nime
614 1387 706 1419 liberi
731 1391 938 1426 censeantur;

551 1441 566 1483 ἓ
591 1439 619 1472 9.
646 1440 811 1472 Praeterea
836 1439 952 1471 eisdem
975 1439 1174 1483 patriarchis,
1199 1449 1250 1471 ar-

507 1492 730 1536 chiepiscopis,
748 1492 904 1536 episcopis
916 1518 923 1531 ,
941 1495 1094 1525 eteorum
1109 1492 1250 1535 singulis,

508 1551 541 1579 ut
573 1546 764 1590 quicumque
793 1546 854 1578 loci
879 1545 1054 1586 Ordinarii,
1084 1546 1131 1578 vcl
1157 1556 1251 1578 eano-

507 1600 568 1633 niei
586 1599 911 1643 metropolitanarum,
929 1610 984 1632 seu
1000 1599 1133 1632 aliarum
1151 1600 1253 1632 cathe-

508 1653 644 1687 dralium
671 1653 886 1693 ecclesiarum,
906 1657 959 1687 aut
983 1663 1137 1696 personae
1162 1652 1193 1685 in
1210 1653 1253 1686 di-

507 1707 626 1750 gnitate
657 1706 869 1740 ecelesiastica
898 1706 1105 1747 constitutae,
1133 1710 1195 1740 tam
1220 1706 1252 1738 in

507 1761 648 1794 Romana
665 1759 752 1793 curia
773 1771 865 1803 quam
887 1765 975 1792 extra
992 1770 1071 1800 cam,
1088 1760 1126 1793 ad
1144 1760 1174 1792 id
1195 1771 1253 1804 per

507 1823 560 1847 eos
584 1813 761 1857 respective
786 1823 894 1846 eoram
918 1813 1042 1846 notario
1067 1819 1098 1846 ct
1122 1813 1252 1846 testibus

506 1866 568 1899 tide
592 1866 696 1909 dignis
721 1866 857 1909 eligendi
887 1877 941 1899 seu
966 1866 1140 1909 eligendae,
1165 1877 1253 1910 quas-

508 1931 644 1964 cumque
668 1921 836 1965 pensiones
860 1930 979 1953 annuas
1004 1921 1064 1953 illis
1085 1927 1115 1954 et
1141 1931 1251 1954 eorum

508 1975 640 2018 singulis
672 1985 767 2018 super
805 1984 988 2007 mensarum
1025 1975 1252 2016 abbatialium,

507 2039 563 2062 seu
587 2028 820 2072 capitularium,
841 2039 877 2061 ac
901 2027 1129 2072 episcopalium
1150 2033 1180 2061 et
1207 2038 1254 2060 ar-

507 2082 796 2126 chiepiscopalium,
818 2093 853 2115 ac
881 2093 1155 2126 quorumcumque
1179 2083 1254 2116 alio-

508 2146 578 2168 rum
604 2135 831 2168 beneficiorum
857 2135 1155 2176 ecclesiasticorum,
1181 2146 1252 2169 eum

508 2192 584 2222 cura
602 2194 629 2222 ct
649 2189 715 2222 sinc
732 2191 820 2229 cura,
841 2190 1032 2222 secularium
1051 2200 1086 2222 ac
1104 2200 1254 2233 quorum-

508 2242 730 2275 vis-Ordinum
761 2247 791 2276 ct
819 2242 1000 2275 Militiarum
1037 2242 1252 2285 regularium,

509 2295 602 2328 etiam
641 2295 804 2339 hospitalis
841 2295 939 2329 sancti
976 2295 1099 2329 loannis
1136 2296 1252 2328 lliero-

509 2348 697 2392 solymitani,
722 2348 1021 2392 quomodocumque
1046 2354 1075 2381 et
1103 2349 1254 2392 qualiter-

510 2412 645 2444 cumque
671 2402 925 2445 qualilicatorum
940 2429 947 2442 ‚
973 2402 1128 2435 fructibus
1143 2429 1150 2443 ‚
1176 2403 1250 2435 red—

511 2454 638 2495 ditibus,
664 2455 885 2497 proventibus,
905 2455 1037 2496 iuribus,
1063 2455 1255 2490 obventioni-

511 2507 569 2540 bus
586 2518 622 2540 ac
642 2508 925 2550 distributionibus,
943 2508 1036 2542 etiam
1053 2509 1254 2552 quotidianis,

547 2588 560 2613 1
576 2587 610 2614 De
625 2587 710 2615 forma
723 2589 876 2624 resignandi
891 2590 1033 2623 beneficia,
1047 2590 1255 2625 resignationes-

513 2638 565 2665 que
585 2631 740 2666 publicandi
756 2633 840 2659 babes
855 2633 945 2660 Const.
963 2640 1012 2660 CLV
1027 2634 1106 2668 Greg.
1124 2633 1180 2661 Xlll
1196 2634 1256 2661 ΙΙιι-

513 2682 598 2701 mano
614 2676 662 2703 vix
675 2677 796 2712 iudicio,
813 2682 879 2705 tom.
895 2685 958 2712 vul,
974 2686 1033 2714 pag.
1051 2678 1112 2706 434.

1067 267 1246 293 BuLLARmM
1269 268 1424 293 Romnum

1275 315 1350 358 ipsis
1366 325 1449 348 nunc
1465 321 1493 348 et
1512 326 1570 359 pro
1592 321 1737 360 tempore
1761 321 1946 357 reservatas,
1966 326 2015 349 as-

1274 368 1421 411 signatas,
1446 378 1482 401 ac
1506 368 1712 401 reservandas
1743 373 1774 403 et
1801 369 2015 413 assignandas,

1274 431 1333 464 pro
1357 423 1482 454 summa
1506 421 1649 455 videlieet
1664 421 1910 465 quingentorum
1925 422 2017 456 duca-

1275 479 1380 507 torum
1411 474 1480 506 auri
1510 474 1549 507 de
1584 477 1712 508 camera
1746 474 1850 517 quoad
1877 475 2016 518 singulos

1277 536 1398 567 eorum,
1419 526 1684 570 quandocumque
1707 526 1801 560 alicui
1825 536 1937 560 eorum
1960 538 2014 561 re-

1277 579 1415 623 spective
1440 579 1614 624 placuerit,
1643 579 1735 613 simul
1760 580 1808 612 vel
1833 580 2018 621 successive,

1277 632 1309 665 in
1332 637 1398 665 toto
1422 633 1470 665 vel
1494 632 1527 665 in
1551 637 1651 676 parte,
1679 632 1773 666 etiam
1798 632 1830 665 in
1854 633 2019 667 cuiuslibet

1277 696 1388 718 eorum
1413 685 1524 719 mortis
1547 685 1699 728 articulo,
1724 696 1848 719 cassare
1872 690 1902 720 et
1925 685 2021 719 extin-

1277 748 1386 782 guere,
1402 749 1439 771 ae
1460 743 1627 783 postquam
1652 743 1789 774 cassatae
1813 744 1844 772 et
1867 739 2020 773 extinctae

1278 791 1415 832 fuerint,
1439 793 1516 825 alias
1551 793 1669 826 similes
1705 793 1872 837 pensiones
1903 802 2021 826 annuas

1279 856 1376 890 super
1400 846 1519 879 eisdem
1542 846 1708 887 fructibus,
1732 845 1923 887 redditibus,
1949 856 2022 890 pro-

1279 899 1433 941 ventibus,
1454 900 1594 941 iuribus,
1611 899 1852 934 obventionibus
1868 905 1897 933 et
1921 899 2024 933 distri-

1280 954 1472 995 butionibus,
1491 965 1590 998 usquc
1610 954 1649 987 ad
1669 964 1824 987 summam
1849 959 1879 987 et
1902 953 2024 998 quanti-

1281 1013 1375 1042 tatem
1400 1008 1612 1053 praedictam,
1637 1008 1692 1041 uni
1716 1008 1764 1040 vel
1787 1007 1932 1051 pluribus
1954 1007 2023 1040 aliis

1280 1064 1434 1108 personis,
1452 1063 1546 1096 ctiam
1563 1073 1620 1106 per
1637 1072 1691 1095 eos
1707 1061 1916 1102 nominandis,
1930 1061 2022 1094 etiam

1281 1127 1511 1164 quaecumque,
1536 1121 1750 1161 quotcumque
1774 1120 1805 1148 et
1834 1115 2026 1159 qualiacum-

1281 1183 1342 1216 que
1376 1170 1530 1204 beneficia
1565 1170 1775 1204 ecclesiastiea
1811 1168 2025 1203 obtinentibus

1282 1230 1313 1258 et
1326 1223 1572 1269 expectantibus,
1584 1222 1655 1256 seu¹
1674 1222 1811 1256 clericali
1828 1222 1939 1256 saltem
1956 1222 2026 1255 elta-

1283 1283 1403 1312 raetere
1430 1277 1596 1321 insignitis,
1616 1283 1645 1310 et
1663 1277 1740 1310 alias
1763 1277 1952 1321 pensionum
1972 1276 2027 1310 hu-

1284 1332 1418 1365 iusmodi
1443 1331 1622 1375 capacibus,
1639 1331 1735 1364 etiam
1759 1330 1804 1364 cis
1828 1330 1932 1374 quoad
1948 1330 2028 1364 vixe-

1285 1385 1346 1419 rint
1374 1386 1420 1418 vel
1445 1395 1555 1418 eorum
1580 1384 1845 1428 procuratoribus
1868 1383 1908 1416 ad
1930 1383 1962 1416 id
1987 1385 2026 1417 ab

1285 1440 1329 1472 eis
1348 1439 1485 1483 speciale
1500 1438 1683 1471 mandatum
1700 1437 1899 1479 habentibus,
1916 1437 2027 1471 iisdem

1286 1492 1379 1526 modo
1394 1497 1424 1525 et
1441 1493 1553 1532 forma,
1567 1491 1682 1536 quibus
1698 1491 1816 1525 eisdem
1831 1491 2027 1535 patriarchis,

1285 1546 1534 1590 archiepiscopis
1558 1551 1588 1579 ct
1605 1545 1770 1589 episcopis,
1786 1556 1822 1578 ac
1842 1556 1954 1579 eorum
1971 1545 2030 1579 sin-

1287 1600 1368 1643 gulis
1404 1604 1581 1632 reservatae
1617 1603 1645 1631 et
1679 1598 1855 1642 assignatae
1890 1599 2028 1642 suerint,

1286 1654 1379 1688 etiam
1405 1654 1524 1697 absque
1548 1663 1703 1687 consensu
1720 1653 1846 1686 easdem
1862 1652 2029 1697 pensiones

1287 1708 1407 1741 solvere
1439 1707 1622 1740 debentium
1653 1706 1790 1750 desuper
1818 1706 2029 1750 praestando,

1287 1771 1385 1805 usque
1408 1760 1446 1793 ad
1471 1770 1628 1793 summam
1652 1765 1683 1793 et
1706 1760 1914 1804 quantitatem
1938 1770 2030 1804 prae-

1287 1815 1423 1855 dictam,
1449 1815 1544 1847 etiam
1575 1813 1688 1847 litteris
1724 1813 1905 1857 apostolicis
1934 1823 2030 1858 super

1287 1867 1553 1901 reservationibus
1582 1872 1613 1900 et
1635 1867 1900 1910 assignationibus
1923 1867 2032 1900 huius-

1288 1921 1372 1955 modi
1396 1931 1460 1955 non
1485 1921 1634 1954 consectis
1648 1947 1655 1961 ,
1675 1930 1711 1953 ac
1735 1920 1811 1953 alias
1835 1931 1908 1954 curn
1931 1920 2032 1954 omni-

1286 1975 1345 2008 bus
1363 1980 1393 2008 et
1412 1974 1664 2019 quibuscumque
1688 1973 1950 2018 exemptionibus,
1968 1973 2032 2019 pri-

1289 2029 1419 2071 vilegiis,
1444 2028 1596 2069 decretis,
1621 2027 1790 2068 clausulis,
1815 2027 2030 2069 cautionibus,

1288 2082 1431 2123 vinculis,
1441 2081 1687 2125 obligationibus
1700 2087 1730 2114 ct
1740 2081 1879 2122 cautelis,
1890 2091 1926 2115 ac
1936 2081 2031 2115 etiam

1288 2136 1429 2170 censuris
1454 2141 1484 2169 et
1508 2135 1617 2179 poenis
1642 2136 1673 2168 in
1697 2135 1857 2179 prioribus
1888 2145 2031 2169 reserva-

1289 2190 1426 2223 tionibus
1443 2189 1624 2223 huiusmodi
1641 2189 1799 2223 concessis
1819 2193 1850 2222 et
1865 2189 2030 2230 contentis,

1288 2243 1409 2285 integre
1445 2242 1670 2287 persolvendas
1706 2252 1890 2283 reservare,
1915 2241 2031 2276 eonsti-

1289 2302 1377 2330 tucre
1402 2301 1432 2330 ct
1456 2296 1617 2339 assignare
1642 2296 1773 2335 valeant,
1793 2295 1911 2329 eisdem
1928 2301 2033 2330 aucto-

1289 2350 1380 2383 ritate
1405 2354 1435 2383 et
1458 2354 1569 2382 tenore
1593 2349 1631 2382 de
1656 2349 1782 2393 speciali
1807 2349 1909 2393 gratia
1927 2348 2031 2382 indul-

1289 2414 1408 2447 gemus.

1334 2458 1348 2501 ἓ
1373 2455 1425 2490 10.
1451 2457 1580 2490 Necnon
1605 2455 1723 2489 eisdem
1746 2455 1956 2500 patriarchis,
1980 2466 2032 2489 ar-

1289 2509 1500 2554 chiepiscopis
1525 2514 1555 2542 et
1575 2509 1750 2554 episcopis,
1774 2519 1810 2542 ac
1835 2518 1947 2542 eorum
1974 2494 2060 2542 sin-R

1328 2681 1337 2706 1
1355 2679 1456 2707 Forsan
1471 2687 1520 2715 pro
1532 2686 1582 2706 seu
1597 2677 1741 2714 legendum
1755 2679 1804 2706 sed
1817 2678 1854 2714 (R.
1871 2678 1920 2714 ⁹12).

2024 268 2075 296 An.
2090 268 2121 296 C.
2141 267 2212 299 ¹622
2225 272 2230 278 “

2073 2461 2172 2484 Facuttas
2192 2471 2195 2479 ι

2061 2489 2140 2510 ouandi
2149 2488 2176 2510 da
2189 2489 2223 2523 ’ψρ

1348 2563 1352 2568 .
1582 2562 1587 2567 .
1745 2561 1751 2566 .
1835 2561 1841 2566 .
1952 2561 1958 2567 .
1986 2561 2004 2567 ,,
2047 2519 2179 2569 ,195ὅοῖῗὲἓῖ

1290 2563 1381 2607 gulis,
1400 2568 1433 2596 ut
1449 2562 1487 2595 de
1503 2562 1651 2595 omnibus
1675 2565 1704 2596 et
1727 2561 1859 2604 singulis
1875 2561 2032 2603 dominns,
2047 2573 2188 2616 fflffiggm
2202 2578 2217 2610 Α]

1289 2616 1436 2661 praediis,
1456 2615 1717 2660 possessionibus,
1734 2615 1828 2647 terris
1845 2620 1875 2648 et
1891 2615 1980 2656 loeis,
1996 2625 2032 2648 ac
2047 2621 2073 2643 de
2095 2619 2180 2643 camon
2198 2635 2207 2647 =.
