<?xml version="1.0" encoding="UTF-8"?>
<!DOCTYPE html PUBLIC "-//W3C//DTD XHTML 1.0 Transitional//EN"
    "http://www.w3.org/TR/xhtml1/DTD/xhtml1-transitional.dtd">
<html xmlns="http://www.w3.org/1999/xhtml" xml:lang="en" lang="en">
 <head>
  <title>
</title>
<meta http-equiv="Content-Type" content="text/html;charset=utf-8" />
  <meta name='ocr-system' content='tesseract 3.04.00' />
  <meta name='ocr-capabilities' content='ocr_page ocr_carea ocr_par ocr_line ocrx_word'/>
</head>
<body>
  <div class='ocr_page' id='page_1' title='image "./bullarumdiplomat12cath_0767.png"; bbox 0 0 2293 3231; ppageno 0'>
   <div class='ocr_carea' id='block_1_1' title="bbox 97 297 281 326">
    <p class='ocr_par' dir='ltr' id='par_1_1' title="bbox 97 297 281 326">
     <span class='ocr_line' id='line_1_1' title="bbox 97 297 281 326; baseline -0.005 0"><span class='ocrx_word' id='word_1_1' title='bbox 97 298 146 326; x_wconf 77' lang='lat' dir='ltr'>Au.</span> <span class='ocrx_word' id='word_1_2' title='bbox 167 297 196 325; x_wconf 88' lang='lat' dir='ltr'>C.</span> <span class='ocrx_word' id='word_1_3' title='bbox 215 297 281 325; x_wconf 74' lang='lat'>1622</span> 
     </span>
    </p>
   </div>
   <div class='ocr_carea' id='block_1_2' title="bbox 123 782 264 804">
    <p class='ocr_par' dir='ltr' id='par_1_2' title="bbox 123 782 264 804">
     <span class='ocr_line' id='line_1_2' title="bbox 123 782 264 804; baseline 0.007 -1"><span class='ocrx_word' id='word_1_4' title='bbox 123 782 264 804; x_wconf 72' lang='lat' dir='ltr'>Prooemium.</span> 
     </span>
    </p>
   </div>
   <div class='ocr_carea' id='block_1_3' title="bbox 94 1363 281 1524">
    <p class='ocr_par' dir='ltr' id='par_1_3' title="bbox 94 1363 281 1524">
     <span class='ocr_line' id='line_1_3' title="bbox 167 1363 279 1384; baseline -0.009 0"><span class='ocrx_word' id='word_1_5' title='bbox 167 1363 279 1384; x_wconf 74' lang='lat' dir='ltr'>Pontifices</span> 
     </span>
     <span class='ocr_line' id='line_1_4' title="bbox 96 1390 279 1414; baseline -0.005 -3"><span class='ocrx_word' id='word_1_6' title='bbox 96 1392 168 1414; x_wconf 71' lang='lat' dir='ltr'>contra</span> <span class='ocrx_word' id='word_1_7' title='bbox 198 1390 279 1410; x_wconf 83' lang='lat' dir='ltr'>conses-</span> 
     </span>
     <span class='ocr_line' id='line_1_5' title="bbox 95 1417 281 1440; baseline 0 -3"><span class='ocrx_word' id='word_1_8' title='bbox 95 1417 171 1440; x_wconf 81' lang='lat' dir='ltr'>sarios,</span> <span class='ocrx_word' id='word_1_9' title='bbox 200 1417 281 1437; x_wconf 80' lang='lat' dir='ltr'>soltici-</span> 
     </span>
     <span class='ocr_line' id='line_1_6' title="bbox 95 1444 278 1469; baseline 0.005 -6"><span class='ocrx_word' id='word_1_10' title='bbox 95 1444 163 1464; x_wconf 78' lang='lat' dir='ltr'>tames</span> <span class='ocrx_word' id='word_1_11' title='bbox 172 1444 198 1464; x_wconf 77' lang='lat' dir='ltr'>ad</span> <span class='ocrx_word' id='word_1_12' title='bbox 210 1444 278 1469; x_wconf 76' lang='lat' dir='ltr'>turpia</span> 
     </span>
     <span class='ocr_line' id='line_1_7' title="bbox 94 1470 280 1498; baseline 0 -7"><span class='ocrx_word' id='word_1_13' title='bbox 94 1470 233 1498; x_wconf 77' lang='lat' dir='ltr'>poenitentes.</span> <span class='ocrx_word' id='word_1_14' title='bbox 251 1471 280 1491; x_wconf 82' lang='lat' dir='ltr'>te·</span> 
     </span>
     <span class='ocr_line' id='line_1_8' title="bbox 95 1497 267 1524; baseline 0 -6"><span class='ocrx_word' id='word_1_15' title='bbox 95 1503 131 1524; x_wconf 71' lang='lat' dir='ltr'>ges</span> <span class='ocrx_word' id='word_1_16' title='bbox 140 1497 267 1518; x_wconf 80' lang='lat' dir='ltr'>indixerunt.</span> 
     </span>
    </p>
   </div>
   <div class='ocr_carea' id='block_1_4' title="bbox 51 2315 281 2420">
    <p class='ocr_par' dir='ltr' id='par_1_4' title="bbox 51 2315 281 2420">
     <span class='ocr_line' id='line_1_9' title="bbox 56 2315 280 2354; baseline 0 -15"><span class='ocrx_word' id='word_1_17' title='bbox 56 2315 91 2354; x_wconf 42' lang='grc' dir='ltr'><strong><em>ἶ</em></strong></span> <span class='ocrx_word' id='word_1_18' title='bbox 101 2321 106 2324; x_wconf 80' lang='grc'><em>“</em></span> <span class='ocrx_word' id='word_1_19' title='bbox 124 2318 174 2339; x_wconf 86' lang='lat' dir='ltr'>Pius</span> <span class='ocrx_word' id='word_1_20' title='bbox 184 2319 210 2339; x_wconf 82' lang='lat' dir='ltr'>{V</span> <span class='ocrx_word' id='word_1_21' title='bbox 222 2325 280 2339; x_wconf 85' lang='lat' dir='ltr'>suam</span> 
     </span>
     <span class='ocr_line' id='line_1_10' title="bbox 51 2344 281 2375; baseline 0 -10"><span class='ocrx_word' id='word_1_22' title='bbox 51 2355 54 2357; x_wconf 27' lang='grc' dir='ltr'><strong>Δ</strong></span> <span class='ocrx_word' id='word_1_23' title='bbox 99 2344 190 2375; x_wconf 59' lang='lat' dir='ltr'>desuper</span> <span class='ocrx_word' id='word_1_24' title='bbox 216 2345 281 2375; x_wconf 69' lang='lat' dir='ltr'>edidit</span> 
     </span>
     <span class='ocr_line' id='line_1_11' title="bbox 99 2372 281 2420; baseline 0.005 -1"><span class='ocrx_word' id='word_1_25' title='bbox 99 2372 281 2420; x_wconf 48' lang='lat' dir='ltr'>ffiiissssssmfm*</span> 
     </span>
    </p>
   </div>
   <div class='ocr_carea' id='block_1_5' title="bbox 906 299 1213 323">
    <p class='ocr_par' dir='ltr' id='par_1_5' title="bbox 906 299 1213 323">
     <span class='ocr_line' id='line_1_12' title="bbox 906 299 1213 323; baseline -0.003 0"><span class='ocrx_word' id='word_1_26' title='bbox 906 299 1083 323; x_wconf 78' lang='lat' dir='ltr'>GREGORIUS</span> <span class='ocrx_word' id='word_1_27' title='bbox 1104 300 1145 323; x_wconf 78' lang='lat' dir='ltr'>XV</span> <span class='ocrx_word' id='word_1_28' title='bbox 1166 300 1213 323; x_wconf 81' lang='lat' dir='ltr'>PP.</span> 
     </span>
    </p>
   </div>
   <div class='ocr_carea' id='block_1_6' title="bbox 612 346 722 379">
    <p class='ocr_par' dir='ltr' id='par_1_6' title="bbox 612 346 722 379">
     <span class='ocr_line' id='line_1_13' title="bbox 612 346 722 379; baseline 0 0"><span class='ocrx_word' id='word_1_29' title='bbox 612 346 722 379; x_wconf 84' lang='lat' dir='ltr'>LXXV.</span> 
     </span>
    </p>
   </div>
   <div class='ocr_carea' id='block_1_7' title="bbox 300 420 1036 623">
    <p class='ocr_par' dir='ltr' id='par_1_7' title="bbox 300 420 1036 623">
     <span class='ocr_line' id='line_1_14' title="bbox 300 420 1036 464; baseline -0.001 -10"><span class='ocrx_word' id='word_1_30' title='bbox 300 420 509 462; x_wconf 72' lang='lat' dir='ltr'>Confirmatio</span> <span class='ocrx_word' id='word_1_31' title='bbox 537 425 565 453; x_wconf 75' lang='lat' dir='ltr'>et</span> <span class='ocrx_word' id='word_1_32' title='bbox 595 421 768 464; x_wconf 70' lang='lat' dir='ltr'>aotplialio</span> <span class='ocrx_word' id='word_1_33' title='bbox 794 422 1036 455; x_wconf 74' lang='lat' dir='ltr'>constitutionis</span> 
     </span>
     <span class='ocr_line' id='line_1_15' title="bbox 340 472 1036 507; baseline 0.001 -1"><span class='ocrx_word' id='word_1_34' title='bbox 340 473 398 506; x_wconf 79' lang='lat' dir='ltr'>Pii</span> <span class='ocrx_word' id='word_1_35' title='bbox 410 472 461 506; x_wconf 86' lang='lat' dir='ltr'>IV</span> <span class='ocrx_word' id='word_1_36' title='bbox 471 473 574 506; x_wconf 77' lang='lat' dir='ltr'>editae</span> <span class='ocrx_word' id='word_1_37' title='bbox 594 477 706 506; x_wconf 76' lang='lat' dir='ltr'>contra</span> <span class='ocrx_word' id='word_1_38' title='bbox 717 474 894 507; x_wconf 76' lang='lat' dir='ltr'>sacerdotes</span> <span class='ocrx_word' id='word_1_39' title='bbox 911 475 945 506; x_wconf 74' lang='lat' dir='ltr'>in</span> <span class='ocrx_word' id='word_1_40' title='bbox 963 485 1036 507; x_wconf 78' lang='lat' dir='ltr'>con-</span> 
     </span>
     <span class='ocr_line' id='line_1_16' title="bbox 339 525 1032 570; baseline 0.004 -13"><span class='ocrx_word' id='word_1_41' title='bbox 339 525 530 568; x_wconf 74' lang='lat' dir='ltr'>fessionibus</span> <span class='ocrx_word' id='word_1_42' title='bbox 554 527 844 559; x_wconf 69' lang='lat' dir='ltr'>sacramentalibus</span> <span class='ocrx_word' id='word_1_43' title='bbox 866 528 1032 570; x_wconf 77' lang='lat' dir='ltr'>poeniten-</span> 
     </span>
     <span class='ocr_line' id='line_1_17' title="bbox 340 578 854 623; baseline 0.004 -12"><span class='ocrx_word' id='word_1_44' title='bbox 340 582 383 611; x_wconf 80' lang='lat' dir='ltr'>tes</span> <span class='ocrx_word' id='word_1_45' title='bbox 407 578 449 611; x_wconf 81' lang='lat' dir='ltr'>ad</span> <span class='ocrx_word' id='word_1_46' title='bbox 474 579 584 623; x_wconf 74' lang='lat' dir='ltr'>turpia</span> <span class='ocrx_word' id='word_1_47' title='bbox 609 579 854 613; x_wconf 50' lang='lat' dir='ltr'>sollicitantes&amp;</span> 
     </span>
    </p>
   </div>
   <div class='ocr_carea' id='block_1_8' title="bbox 420 659 910 737">
    <p class='ocr_par' dir='ltr' id='par_1_8' title="bbox 420 659 910 737">
     <span class='ocr_line' id='line_1_18' title="bbox 498 659 830 694; baseline 0.003 -8"><span class='ocrx_word' id='word_1_48' title='bbox 498 659 656 693; x_wconf 72' lang='lat' dir='ltr'>Gregorius</span> <span class='ocrx_word' id='word_1_49' title='bbox 676 659 756 693; x_wconf 84' lang='lat' dir='ltr'>Papa</span> <span class='ocrx_word' id='word_1_50' title='bbox 775 660 830 694; x_wconf 88' lang='lat' dir='ltr'>XV,</span> 
     </span>
     <span class='ocr_line' id='line_1_19' title="bbox 420 703 910 737; baseline 0.002 -8"><span class='ocrx_word' id='word_1_51' title='bbox 420 703 456 730; x_wconf 89' lang='lat' dir='ltr'>ad</span> <span class='ocrx_word' id='word_1_52' title='bbox 475 706 651 737; x_wconf 76' lang='lat' dir='ltr'>perpetuam</span> <span class='ocrx_word' id='word_1_53' title='bbox 670 704 716 730; x_wconf 83' lang='lat' dir='ltr'>rei</span> <span class='ocrx_word' id='word_1_54' title='bbox 730 703 910 731; x_wconf 85' lang='lat' dir='ltr'><strong>memoriam.</strong></span> 
     </span>
    </p>
   </div>
   <div class='ocr_carea' id='block_1_9' title="bbox 293 771 1036 1770">
    <p class='ocr_par' dir='ltr' id='par_1_9' title="bbox 293 771 1036 1333">
     <span class='ocr_line' id='line_1_20' title="bbox 340 771 1035 816; baseline 0.001 -12"><span class='ocrx_word' id='word_1_55' title='bbox 340 771 481 804; x_wconf 87' lang='lat' dir='ltr'>Universi</span> <span class='ocrx_word' id='word_1_56' title='bbox 502 772 655 805; x_wconf 83' lang='lat' dir='ltr'>Dominici</span> <span class='ocrx_word' id='word_1_57' title='bbox 675 772 780 815; x_wconf 77' lang='lat' dir='ltr'>gregis</span> <span class='ocrx_word' id='word_1_58' title='bbox 795 783 912 813; x_wconf 86' lang='lat' dir='ltr'>curam,</span> <span class='ocrx_word' id='word_1_59' title='bbox 930 783 1035 816; x_wconf 87' lang='lat' dir='ltr'>quam-</span> 
     </span>
     <span class='ocr_line' id='line_1_21' title="bbox 295 824 1036 868; baseline 0.003 -12"><span class='ocrx_word' id='word_1_60' title='bbox 295 835 388 867; x_wconf 86' lang='lat' dir='ltr'>quam</span> <span class='ocrx_word' id='word_1_61' title='bbox 400 824 560 867; x_wconf 89' lang='lat' dir='ltr'>immeriti,</span> <span class='ocrx_word' id='word_1_62' title='bbox 573 825 697 858; x_wconf 85' lang='lat' dir='ltr'>caelesti</span> <span class='ocrx_word' id='word_1_63' title='bbox 713 825 914 868; x_wconf 82' lang='lat' dir='ltr'>dispositione</span> <span class='ocrx_word' id='word_1_64' title='bbox 928 836 1036 867; x_wconf 79' lang='lat' dir='ltr'>geren-</span> 
     </span>
     <span class='ocr_line' id='line_1_22' title="bbox 295 878 1035 920; baseline 0 -9"><span class='ocrx_word' id='word_1_65' title='bbox 295 881 351 917; x_wconf 85' lang='lat' dir='ltr'>tes,</span> <span class='ocrx_word' id='word_1_66' title='bbox 365 878 473 911; x_wconf 90' lang='lat' dir='ltr'>sedulo</span> <span class='ocrx_word' id='word_1_67' title='bbox 486 878 649 920; x_wconf 74' lang='lat' dir='ltr'>invigilare</span> <span class='ocrx_word' id='word_1_68' title='bbox 666 883 820 919; x_wconf 88' lang='lat' dir='ltr'>tenemur,</span> <span class='ocrx_word' id='word_1_69' title='bbox 836 884 869 911; x_wconf 91' lang='lat' dir='ltr'>ut</span> <span class='ocrx_word' id='word_1_70' title='bbox 886 879 925 911; x_wconf 86' lang='lat' dir='ltr'>ab</span> <span class='ocrx_word' id='word_1_71' title='bbox 938 880 1035 912; x_wconf 89' lang='lat' dir='ltr'>omni-</span> 
     </span>
     <span class='ocr_line' id='line_1_23' title="bbox 294 929 1034 974; baseline 0.001 -11"><span class='ocrx_word' id='word_1_72' title='bbox 294 929 354 963; x_wconf 88' lang='lat' dir='ltr'>bus</span> <span class='ocrx_word' id='word_1_73' title='bbox 372 931 476 974; x_wconf 77' lang='lat' dir='ltr'>pravis</span> <span class='ocrx_word' id='word_1_74' title='bbox 490 931 642 973; x_wconf 74' lang='lat' dir='ltr'>contagiis</span> <span class='ocrx_word' id='word_1_75' title='bbox 655 937 858 964; x_wconf 69' lang='lat' dir='ltr'>conservetur</span> <span class='ocrx_word' id='word_1_76' title='bbox 875 931 1034 973; x_wconf 88' lang='lat' dir='ltr'>immunis,</span> 
     </span>
     <span class='ocr_line' id='line_1_24' title="bbox 296 983 1035 1027; baseline 0.001 -12"><span class='ocrx_word' id='word_1_77' title='bbox 296 983 458 1026; x_wconf 85' lang='lat' dir='ltr'>multoque</span> <span class='ocrx_word' id='word_1_78' title='bbox 470 984 580 1016; x_wconf 91' lang='lat' dir='ltr'>maiori</span> <span class='ocrx_word' id='word_1_79' title='bbox 592 983 695 1016; x_wconf 89' lang='lat' dir='ltr'>studio</span> <span class='ocrx_word' id='word_1_80' title='bbox 705 983 881 1027; x_wconf 85' lang='lat' dir='ltr'>providere,</span> <span class='ocrx_word' id='word_1_81' title='bbox 891 989 925 1016; x_wconf 91' lang='lat' dir='ltr'>ut</span> <span class='ocrx_word' id='word_1_82' title='bbox 933 985 1035 1017; x_wconf 88' lang='lat' dir='ltr'>omnis</span> 
     </span>
     <span class='ocr_line' id='line_1_25' title="bbox 294 1035 1034 1079; baseline 0.001 -11"><span class='ocrx_word' id='word_1_83' title='bbox 294 1036 391 1078; x_wconf 84' lang='lat' dir='ltr'>pestis</span> <span class='ocrx_word' id='word_1_84' title='bbox 404 1036 442 1068; x_wconf 89' lang='lat' dir='ltr'>ab</span> <span class='ocrx_word' id='word_1_85' title='bbox 452 1035 489 1068; x_wconf 90' lang='lat' dir='ltr'>iis</span> <span class='ocrx_word' id='word_1_86' title='bbox 500 1040 668 1076; x_wconf 77' lang='lat' dir='ltr'>avertatur,</span> <span class='ocrx_word' id='word_1_87' title='bbox 682 1036 795 1079; x_wconf 87' lang='lat' dir='ltr'>quibus</span> <span class='ocrx_word' id='word_1_88' title='bbox 811 1036 889 1069; x_wconf 90' lang='lat' dir='ltr'>alios</span> <span class='ocrx_word' id='word_1_89' title='bbox 906 1037 1034 1069; x_wconf 86' lang='lat' dir='ltr'>sanandi</span> 
     </span>
     <span class='ocr_line' id='line_1_26' title="bbox 295 1089 1035 1132; baseline 0.001 -10"><span class='ocrx_word' id='word_1_90' title='bbox 295 1089 431 1122; x_wconf 85' lang='lat' dir='ltr'>officium</span> <span class='ocrx_word' id='word_1_91' title='bbox 447 1094 490 1121; x_wconf 89' lang='lat' dir='ltr'>est</span> <span class='ocrx_word' id='word_1_92' title='bbox 510 1089 724 1130; x_wconf 82' lang='lat' dir='ltr'>commissum,</span> <span class='ocrx_word' id='word_1_93' title='bbox 741 1099 790 1129; x_wconf 79' lang='lat' dir='ltr'>ne,</span> <span class='ocrx_word' id='word_1_94' title='bbox 805 1089 888 1132; x_wconf 88' lang='lat' dir='ltr'>quod</span> <span class='ocrx_word' id='word_1_95' title='bbox 906 1100 1035 1132; x_wconf 74' lang='lat' dir='ltr'>evange-</span> 
     </span>
     <span class='ocr_line' id='line_1_27' title="bbox 295 1141 1033 1184; baseline 0.003 -11"><span class='ocrx_word' id='word_1_96' title='bbox 295 1141 355 1174; x_wconf 89' lang='lat' dir='ltr'>lica</span> <span class='ocrx_word' id='word_1_97' title='bbox 371 1141 488 1184; x_wconf 82' lang='lat' dir='ltr'>scripta</span> <span class='ocrx_word' id='word_1_98' title='bbox 505 1152 562 1174; x_wconf 90' lang='lat' dir='ltr'>nos</span> <span class='ocrx_word' id='word_1_99' title='bbox 587 1142 766 1182; x_wconf 79' lang='lat' dir='ltr'>admonent,</span> <span class='ocrx_word' id='word_1_100' title='bbox 784 1143 847 1174; x_wconf 91' lang='lat' dir='ltr'>sale</span> <span class='ocrx_word' id='word_1_101' title='bbox 872 1142 1033 1183; x_wconf 80' lang='lat' dir='ltr'>infatuato,</span> 
     </span>
     <span class='ocr_line' id='line_1_28' title="bbox 294 1193 1032 1236; baseline 0.003 -11"><span class='ocrx_word' id='word_1_102' title='bbox 294 1203 357 1226; x_wconf 92' lang='lat' dir='ltr'>non</span> <span class='ocrx_word' id='word_1_103' title='bbox 381 1193 420 1226; x_wconf 89' lang='lat' dir='ltr'>sit</span> <span class='ocrx_word' id='word_1_104' title='bbox 444 1193 476 1225; x_wconf 90' lang='lat' dir='ltr'>in</span> <span class='ocrx_word' id='word_1_105' title='bbox 508 1204 570 1236; x_wconf 92' lang='lat' dir='ltr'>quo</span> <span class='ocrx_word' id='word_1_106' title='bbox 602 1193 747 1234; x_wconf 82' lang='lat' dir='ltr'>saliatur,</span> <span class='ocrx_word' id='word_1_107' title='bbox 772 1198 803 1230; x_wconf 79' lang='lat' dir='ltr'>et</span> <span class='ocrx_word' id='word_1_108' title='bbox 830 1194 868 1226; x_wconf 89' lang='lat' dir='ltr'>ad</span> <span class='ocrx_word' id='word_1_109' title='bbox 899 1194 1032 1227; x_wconf 89' lang='lat' dir='ltr'>nihilum</span> 
     </span>
     <span class='ocr_line' id='line_1_29' title="bbox 293 1246 1034 1290; baseline 0.003 -12"><span class='ocrx_word' id='word_1_110' title='bbox 293 1246 393 1290; x_wconf 82' lang='lat' dir='ltr'>prosit</span> <span class='ocrx_word' id='word_1_111' title='bbox 416 1247 508 1286; x_wconf 87' lang='lat' dir='ltr'>ultra,</span> <span class='ocrx_word' id='word_1_112' title='bbox 524 1246 584 1279; x_wconf 88' lang='lat' dir='ltr'>nisi</span> <span class='ocrx_word' id='word_1_113' title='bbox 602 1251 636 1279; x_wconf 83' lang='lat' dir='ltr'>ut</span> <span class='ocrx_word' id='word_1_114' title='bbox 653 1247 794 1280; x_wconf 89' lang='lat' dir='ltr'>mittatur</span> <span class='ocrx_word' id='word_1_115' title='bbox 811 1248 894 1279; x_wconf 82' lang='lat' dir='ltr'>foras</span> <span class='ocrx_word' id='word_1_116' title='bbox 911 1252 941 1279; x_wconf 81' lang='lat' dir='ltr'>et</span> <span class='ocrx_word' id='word_1_117' title='bbox 961 1258 1034 1280; x_wconf 81' lang='lat' dir='ltr'>con-</span> 
     </span>
     <span class='ocr_line' id='line_1_30' title="bbox 295 1299 706 1333; baseline 0 -1"><span class='ocrx_word' id='word_1_118' title='bbox 295 1300 436 1333; x_wconf 81' lang='lat' dir='ltr'>culcetur</span> <span class='ocrx_word' id='word_1_119' title='bbox 456 1299 494 1332; x_wconf 89' lang='lat' dir='ltr'>ab</span> <span class='ocrx_word' id='word_1_120' title='bbox 516 1300 706 1332; x_wconf 89' lang='lat' dir='ltr'>hominibus.</span> 
     </span>
    </p>

    <p class='ocr_par' dir='ltr' id='par_1_10' title="bbox 293 1352 1036 1770">
     <span class='ocr_line' id='line_1_31' title="bbox 339 1352 1035 1396; baseline 0.001 -11"><span class='ocrx_word' id='word_1_121' title='bbox 339 1353 354 1396; x_wconf 60' lang='grc' dir='ltr'><strong>ἓ</strong></span> <span class='ocrx_word' id='word_1_122' title='bbox 371 1353 400 1385; x_wconf 84' lang='grc'>’1.</span> <span class='ocrx_word' id='word_1_123' title='bbox 417 1352 571 1393; x_wconf 80' lang='lat' dir='ltr'>Quoniam</span> <span class='ocrx_word' id='word_1_124' title='bbox 588 1358 691 1386; x_wconf 85' lang='lat' dir='ltr'>autem</span> <span class='ocrx_word' id='word_1_125' title='bbox 712 1363 729 1385; x_wconf 93' lang='lat' dir='ltr'>a</span> <span class='ocrx_word' id='word_1_126' title='bbox 744 1354 893 1386; x_wconf 86' lang='lat' dir='ltr'>Romanis</span> <span class='ocrx_word' id='word_1_127' title='bbox 911 1354 1035 1386; x_wconf 87' lang='lat' dir='ltr'>Pontifi-</span> 
     </span>
     <span class='ocr_line' id='line_1_32' title="bbox 294 1405 1033 1450; baseline 0.001 -12"><span class='ocrx_word' id='word_1_128' title='bbox 294 1405 393 1446; x_wconf 86' lang='lat' dir='ltr'>cibus,</span> <span class='ocrx_word' id='word_1_129' title='bbox 404 1406 700 1450; x_wconf 78' lang='lat' dir='ltr'>praedecessoribus</span> <span class='ocrx_word' id='word_1_130' title='bbox 709 1406 835 1447; x_wconf 87' lang='lat' dir='ltr'>nostris,</span> <span class='ocrx_word' id='word_1_131' title='bbox 846 1406 1033 1450; x_wconf 88' lang='lat' dir='ltr'>quibusdam</span> 
     </span>
     <span class='ocr_line' id='line_1_33' title="bbox 294 1459 1035 1503; baseline 0.001 -11"><span class='ocrx_word' id='word_1_132' title='bbox 294 1459 326 1492; x_wconf 93' lang='lat' dir='ltr'>in</span> <span class='ocrx_word' id='word_1_133' title='bbox 344 1459 427 1492; x_wconf 15' lang='lat' dir='ltr'>,locis</span> <span class='ocrx_word' id='word_1_134' title='bbox 451 1459 613 1503; x_wconf 80' lang='lat' dir='ltr'>provisum</span> <span class='ocrx_word' id='word_1_135' title='bbox 633 1459 700 1500; x_wconf 87' lang='lat' dir='ltr'>suit,</span> <span class='ocrx_word' id='word_1_136' title='bbox 718 1465 751 1492; x_wconf 88' lang='lat' dir='ltr'>ut</span> <span class='ocrx_word' id='word_1_137' title='bbox 775 1460 906 1503; x_wconf 90' lang='lat' dir='ltr'>impium</span> <span class='ocrx_word' id='word_1_138' title='bbox 932 1471 967 1493; x_wconf 84' lang='lat' dir='ltr'>ae</span> <span class='ocrx_word' id='word_1_139' title='bbox 983 1471 1035 1493; x_wconf 90' lang='lat' dir='ltr'>ne-</span> 
     </span>
     <span class='ocr_line' id='line_1_34' title="bbox 293 1513 1035 1556; baseline -0.001 -10"><span class='ocrx_word' id='word_1_140' title='bbox 293 1513 420 1546; x_wconf 86' lang='lat' dir='ltr'>fandum</span> <span class='ocrx_word' id='word_1_141' title='bbox 435 1514 546 1553; x_wconf 80' lang='lat' dir='ltr'>scelus,</span> <span class='ocrx_word' id='word_1_142' title='bbox 560 1513 643 1556; x_wconf 89' lang='lat' dir='ltr'>quod</span> <span class='ocrx_word' id='word_1_143' title='bbox 661 1523 724 1546; x_wconf 92' lang='lat' dir='ltr'>non</span> <span class='ocrx_word' id='word_1_144' title='bbox 737 1514 838 1546; x_wconf 89' lang='lat' dir='ltr'>solum</span> <span class='ocrx_word' id='word_1_145' title='bbox 859 1514 938 1546; x_wconf 88' lang='lat' dir='ltr'>inter</span> <span class='ocrx_word' id='word_1_146' title='bbox 955 1514 1035 1546; x_wconf 76' lang='lat' dir='ltr'>chri-</span> 
     </span>
     <span class='ocr_line' id='line_1_35' title="bbox 294 1567 1034 1607; baseline 0 -8"><span class='ocrx_word' id='word_1_147' title='bbox 294 1567 442 1600; x_wconf 84' lang='lat' dir='ltr'>stifideles</span> <span class='ocrx_word' id='word_1_148' title='bbox 456 1577 519 1599; x_wconf 92' lang='lat' dir='ltr'>non</span> <span class='ocrx_word' id='word_1_149' title='bbox 533 1577 610 1607; x_wconf 86' lang='lat' dir='ltr'>esse,</span> <span class='ocrx_word' id='word_1_150' title='bbox 624 1567 677 1599; x_wconf 85' lang='lat' dir='ltr'>sed</span> <span class='ocrx_word' id='word_1_151' title='bbox 695 1577 751 1599; x_wconf 88' lang='lat' dir='ltr'>nec</span> <span class='ocrx_word' id='word_1_152' title='bbox 769 1567 862 1599; x_wconf 86' lang='lat' dir='ltr'>etiam</span> <span class='ocrx_word' id='word_1_153' title='bbox 879 1568 1034 1599; x_wconf 86' lang='lat' dir='ltr'>nominari</span> 
     </span>
     <span class='ocr_line' id='line_1_36' title="bbox 294 1620 1033 1664; baseline -0.001 -11"><span class='ocrx_word' id='word_1_154' title='bbox 294 1620 397 1661; x_wconf 87' lang='lat' dir='ltr'>debet,</span> <span class='ocrx_word' id='word_1_155' title='bbox 422 1621 534 1664; x_wconf 83' lang='lat' dir='ltr'>procul</span> <span class='ocrx_word' id='word_1_156' title='bbox 560 1621 599 1653; x_wconf 87' lang='lat' dir='ltr'>ab</span> <span class='ocrx_word' id='word_1_157' title='bbox 625 1620 661 1653; x_wconf 88' lang='lat' dir='ltr'>iis</span> <span class='ocrx_word' id='word_1_158' title='bbox 686 1625 848 1661; x_wconf 78' lang='lat' dir='ltr'>arceatur3</span> <span class='ocrx_word' id='word_1_159' title='bbox 874 1621 1033 1662; x_wconf 79' lang='lat' dir='ltr'>videlieet,</span> 
     </span>
     <span class='ocr_line' id='line_1_37' title="bbox 293 1674 1035 1718; baseline 0 -12"><span class='ocrx_word' id='word_1_160' title='bbox 293 1679 328 1706; x_wconf 92' lang='lat' dir='ltr'>ut</span> <span class='ocrx_word' id='word_1_161' title='bbox 351 1674 464 1718; x_wconf 88' lang='lat' dir='ltr'>aliquis</span> <span class='ocrx_word' id='word_1_162' title='bbox 489 1674 649 1713; x_wconf 85' lang='lat' dir='ltr'>sacerdos,</span> <span class='ocrx_word' id='word_1_163' title='bbox 674 1674 713 1706; x_wconf 89' lang='lat' dir='ltr'>ad</span> <span class='ocrx_word' id='word_1_164' title='bbox 737 1684 841 1706; x_wconf 80' lang='lat' dir='ltr'>sacras</span> <span class='ocrx_word' id='word_1_165' title='bbox 866 1674 1035 1706; x_wconf 83' lang='lat' dir='ltr'>audiendas</span> 
     </span>
     <span class='ocr_line' id='line_1_38' title="bbox 294 1726 1036 1770; baseline -0.003 -10"><span class='ocrx_word' id='word_1_166' title='bbox 294 1727 506 1760; x_wconf 80' lang='lat' dir='ltr'>consessiones</span> <span class='ocrx_word' id='word_1_167' title='bbox 530 1726 715 1770; x_wconf 83' lang='lat' dir='ltr'>deputatus,</span> <span class='ocrx_word' id='word_1_168' title='bbox 739 1732 937 1759; x_wconf 85' lang='lat' dir='ltr'>sacrosancto</span> <span class='ocrx_word' id='word_1_169' title='bbox 961 1727 1036 1759; x_wconf 88' lang='lat' dir='ltr'>Poe-</span> 
     </span>
    </p>
   </div>
   <div class='ocr_carea' id='block_1_10' title="bbox 293 1779 1043 1822">
    <p class='ocr_par' dir='ltr' id='par_1_11' title="bbox 293 1779 1043 1822">
     <span class='ocr_line' id='line_1_39' title="bbox 293 1779 1043 1822; baseline -0.001 -10"><span class='ocrx_word' id='word_1_170' title='bbox 293 1780 440 1813; x_wconf 88' lang='lat' dir='ltr'>nitentiae</span> <span class='ocrx_word' id='word_1_171' title='bbox 465 1784 679 1820; x_wconf 82' lang='lat' dir='ltr'>sacramento,</span> <span class='ocrx_word' id='word_1_172' title='bbox 704 1779 900 1812; x_wconf 88' lang='lat' dir='ltr'>sollicitando</span> <span class='ocrx_word' id='word_1_173' title='bbox 924 1779 1043 1822; x_wconf 19' lang='lat' dir='ltr'>poeni-i</span> 
     </span>
    </p>
   </div>
   <div class='ocr_carea' id='block_1_11' title="bbox 293 1834 1037 2142">
    <p class='ocr_par' dir='ltr' id='par_1_12' title="bbox 293 1834 1037 2142">
     <span class='ocr_line' id='line_1_40' title="bbox 295 1834 1034 1878; baseline -0.004 -10"><span class='ocrx_word' id='word_1_174' title='bbox 295 1839 393 1868; x_wconf 88' lang='lat' dir='ltr'>tentes</span> <span class='ocrx_word' id='word_1_175' title='bbox 404 1835 442 1867; x_wconf 87' lang='lat' dir='ltr'>ad</span> <span class='ocrx_word' id='word_1_176' title='bbox 456 1834 569 1878; x_wconf 86' lang='lat' dir='ltr'>turpia,</span> <span class='ocrx_word' id='word_1_177' title='bbox 584 1834 741 1874; x_wconf 80' lang='lat' dir='ltr'>abutatur,</span> <span class='ocrx_word' id='word_1_178' title='bbox 754 1845 789 1866; x_wconf 81' lang='lat' dir='ltr'>ae</span> <span class='ocrx_word' id='word_1_179' title='bbox 803 1845 861 1877; x_wconf 89' lang='lat' dir='ltr'>pro</span> <span class='ocrx_word' id='word_1_180' title='bbox 879 1834 1034 1866; x_wconf 73' lang='lat' dir='ltr'>medicina</span> 
     </span>
     <span class='ocr_line' id='line_1_41' title="bbox 293 1887 1037 1931; baseline 0 -11"><span class='ocrx_word' id='word_1_181' title='bbox 293 1898 459 1928; x_wconf 85' lang='lat' dir='ltr'>venenum,</span> <span class='ocrx_word' id='word_1_182' title='bbox 481 1898 540 1931; x_wconf 88' lang='lat' dir='ltr'>pro</span> <span class='ocrx_word' id='word_1_183' title='bbox 564 1898 643 1930; x_wconf 83' lang='lat' dir='ltr'>pane</span> <span class='ocrx_word' id='word_1_184' title='bbox 664 1887 804 1930; x_wconf 76' lang='lat' dir='ltr'>aspidem</span> <span class='ocrx_word' id='word_1_185' title='bbox 830 1887 981 1930; x_wconf 73' lang='lat' dir='ltr'>porrigat,</span> <span class='ocrx_word' id='word_1_186' title='bbox 1008 1890 1037 1920; x_wconf 83' lang='lat' dir='ltr'>et</span> 
     </span>
     <span class='ocr_line' id='line_1_42' title="bbox 296 1940 1034 1979; baseline -0.001 -7"><span class='ocrx_word' id='word_1_187' title='bbox 296 1951 333 1972; x_wconf 80' lang='lat' dir='ltr'>ex</span> <span class='ocrx_word' id='word_1_188' title='bbox 351 1941 475 1974; x_wconf 87' lang='lat' dir='ltr'>caelesti</span> <span class='ocrx_word' id='word_1_189' title='bbox 493 1940 616 1973; x_wconf 86' lang='lat' dir='ltr'>medieo</span> <span class='ocrx_word' id='word_1_190' title='bbox 630 1940 789 1972; x_wconf 79' lang='lat' dir='ltr'>infernalis</span> <span class='ocrx_word' id='word_1_191' title='bbox 810 1941 977 1979; x_wconf 69' lang='lat' dir='ltr'>veneticus,</span> <span class='ocrx_word' id='word_1_192' title='bbox 999 1950 1034 1971; x_wconf 80' lang='lat' dir='ltr'>ex</span> 
     </span>
     <span class='ocr_line' id='line_1_43' title="bbox 295 1992 1034 2036; baseline 0 -12"><span class='ocrx_word' id='word_1_193' title='bbox 295 1992 378 2036; x_wconf 83' lang='lat' dir='ltr'>patri</span> <span class='ocrx_word' id='word_1_194' title='bbox 403 1993 557 2036; x_wconf 73' lang='lat' dir='ltr'>spirituali</span> <span class='ocrx_word' id='word_1_195' title='bbox 585 1992 729 2036; x_wconf 80' lang='lat' dir='ltr'>proditor</span> <span class='ocrx_word' id='word_1_196' title='bbox 760 1992 945 2025; x_wconf 79' lang='lat' dir='ltr'>execrabilis</span> <span class='ocrx_word' id='word_1_197' title='bbox 969 1992 1034 2024; x_wconf 85' lang='grc'><strong>3111-</strong></span> 
     </span>
     <span class='ocr_line' id='line_1_44' title="bbox 296 2045 1035 2088; baseline -0.001 -10"><span class='ocrx_word' id='word_1_198' title='bbox 296 2055 419 2078; x_wconf 83' lang='lat' dir='ltr'>marum</span> <span class='ocrx_word' id='word_1_199' title='bbox 437 2045 602 2085; x_wconf 71' lang='lat' dir='ltr'>reddatur,</span> <span class='ocrx_word' id='word_1_200' title='bbox 620 2045 738 2078; x_wconf 84' lang='lat' dir='ltr'>idcireo</span> <span class='ocrx_word' id='word_1_201' title='bbox 754 2056 810 2077; x_wconf 89' lang='lat' dir='ltr'>nos</span> <span class='ocrx_word' id='word_1_202' title='bbox 831 2055 876 2085; x_wconf 89' lang='lat' dir='ltr'>ea,</span> <span class='ocrx_word' id='word_1_203' title='bbox 890 2055 969 2088; x_wconf 89' lang='lat' dir='ltr'>quae</span> <span class='ocrx_word' id='word_1_204' title='bbox 987 2045 1035 2077; x_wconf 82' lang='lat' dir='ltr'>his</span> 
     </span>
     <span class='ocr_line' id='line_1_45' title="bbox 295 2098 1035 2142; baseline -0.001 -11"><span class='ocrx_word' id='word_1_205' title='bbox 295 2099 570 2142; x_wconf 83' lang='lat' dir='ltr'>perniciosissimis</span> <span class='ocrx_word' id='word_1_206' title='bbox 594 2099 710 2132; x_wconf 85' lang='lat' dir='ltr'>diaboli</span> <span class='ocrx_word' id='word_1_207' title='bbox 743 2098 863 2131; x_wconf 83' lang='lat' dir='ltr'>insidiis</span> <span class='ocrx_word' id='word_1_208' title='bbox 893 2098 1035 2131; x_wconf 81' lang='lat' dir='ltr'>arcendis</span> 
     </span>
    </p>
   </div>
   <div class='ocr_carea' id='block_1_12' title="bbox 296 2151 1052 2191">
    <p class='ocr_par' dir='ltr' id='par_1_13' title="bbox 296 2151 1052 2191">
     <span class='ocr_line' id='line_1_46' title="bbox 296 2151 1052 2191; baseline -0.001 -7"><span class='ocrx_word' id='word_1_209' title='bbox 296 2151 390 2184; x_wconf 75' lang='lat' dir='ltr'>certis</span> <span class='ocrx_word' id='word_1_210' title='bbox 414 2151 490 2184; x_wconf 86' lang='lat' dir='ltr'>locis</span> <span class='ocrx_word' id='word_1_211' title='bbox 515 2151 681 2184; x_wconf 78' lang='lat' dir='ltr'>salubriter</span> <span class='ocrx_word' id='word_1_212' title='bbox 706 2152 873 2184; x_wconf 84' lang='lat' dir='ltr'>constituta</span> <span class='ocrx_word' id='word_1_213' title='bbox 896 2157 978 2191; x_wconf 86' lang='lat' dir='ltr'>sunt,</span> <span class='ocrx_word' id='word_1_214' title='bbox 1004 2157 1052 2183; x_wconf 62' lang='lat' dir='ltr'>ut:</span> 
     </span>
    </p>
   </div>
   <div class='ocr_carea' id='block_1_13' title="bbox 296 2204 1036 2301">
    <p class='ocr_par' dir='ltr' id='par_1_14' title="bbox 296 2204 1036 2301">
     <span class='ocr_line' id='line_1_47' title="bbox 296 2204 1036 2247; baseline 0 -11"><span class='ocrx_word' id='word_1_215' title='bbox 296 2205 406 2237; x_wconf 90' lang='lat' dir='ltr'>nullibi</span> <span class='ocrx_word' id='word_1_216' title='bbox 424 2204 650 2244; x_wconf 80' lang='lat' dir='ltr'>desiderentur,</span> <span class='ocrx_word' id='word_1_217' title='bbox 665 2210 815 2247; x_wconf 88' lang='lat' dir='ltr'>quantum</span> <span class='ocrx_word' id='word_1_218' title='bbox 833 2215 869 2237; x_wconf 83' lang='lat' dir='ltr'>ex</span> <span class='ocrx_word' id='word_1_219' title='bbox 887 2205 948 2237; x_wconf 83' lang='lat' dir='ltr'>alto</span> <span class='ocrx_word' id='word_1_220' title='bbox 967 2214 1036 2237; x_wconf 89' lang='lat' dir='ltr'>eon-</span> 
     </span>
     <span class='ocr_line' id='line_1_48' title="bbox 297 2257 853 2301; baseline -0.002 -11"><span class='ocrx_word' id='word_1_221' title='bbox 297 2258 429 2298; x_wconf 84' lang='lat' dir='ltr'>ceditur,</span> <span class='ocrx_word' id='word_1_222' title='bbox 450 2257 681 2301; x_wconf 87' lang='lat' dir='ltr'>providendum</span> <span class='ocrx_word' id='word_1_223' title='bbox 698 2258 853 2290; x_wconf 78' lang='lat' dir='ltr'>duximus.</span> 
     </span>
    </p>
   </div>
   <div class='ocr_carea' id='block_1_14' title="bbox 342 2310 1053 2354">
    <p class='ocr_par' dir='ltr' id='par_1_15' title="bbox 342 2310 1053 2354">
     <span class='ocr_line' id='line_1_49' title="bbox 342 2310 1053 2354; baseline -0.003 -10"><span class='ocrx_word' id='word_1_224' title='bbox 342 2312 356 2354; x_wconf 58' lang='grc' dir='ltr'><strong>ἓ</strong></span> <span class='ocrx_word' id='word_1_225' title='bbox 381 2311 410 2344; x_wconf 64' lang='grc'>2.</span> <span class='ocrx_word' id='word_1_226' title='bbox 437 2311 519 2344; x_wconf 74' lang='lat' dir='ltr'>Alias</span> <span class='ocrx_word' id='word_1_227' title='bbox 545 2311 699 2353; x_wconf 87' lang='lat' dir='ltr'>siquidem</span> <span class='ocrx_word' id='word_1_228' title='bbox 725 2322 741 2342; x_wconf 86' lang='lat' dir='ltr'>a</span> <span class='ocrx_word' id='word_1_229' title='bbox 765 2311 864 2343; x_wconf 84' lang='lat' dir='ltr'>selieis</span> <span class='ocrx_word' id='word_1_230' title='bbox 888 2310 1053 2351; x_wconf 59' lang='lat' dir='ltr'>recorda-5</span> 
     </span>
    </p>
   </div>
   <div class='ocr_carea' id='block_1_15' title="bbox 297 2364 1035 2407">
    <p class='ocr_par' dir='ltr' id='par_1_16' title="bbox 297 2364 1035 2407">
     <span class='ocr_line' id='line_1_50' title="bbox 297 2364 1035 2407; baseline 0 -10"><span class='ocrx_word' id='word_1_231' title='bbox 297 2365 390 2397; x_wconf 87' lang='lat' dir='ltr'>tionis</span> <span class='ocrx_word' id='word_1_232' title='bbox 414 2364 468 2397; x_wconf 84' lang='lat' dir='ltr'>Pio</span> <span class='ocrx_word' id='word_1_233' title='bbox 493 2364 573 2407; x_wconf 83' lang='lat' dir='ltr'>Papa</span> <span class='ocrx_word' id='word_1_234' title='bbox 603 2364 639 2396; x_wconf 83' lang='lat' dir='ltr'>lV</span> <span class='ocrx_word' id='word_1_235' title='bbox 664 2364 904 2407; x_wconf 78' lang='lat' dir='ltr'>praedecessore</span> <span class='ocrx_word' id='word_1_236' title='bbox 928 2368 1035 2397; x_wconf 88' lang='lat' dir='ltr'>nostro</span> 
     </span>
    </p>
   </div>
   <div class='ocr_carea' id='block_1_16' title="bbox 297 2416 1053 2459">
    <p class='ocr_par' dir='ltr' id='par_1_17' title="bbox 297 2416 1053 2459">
     <span class='ocr_line' id='line_1_51' title="bbox 297 2416 1053 2459; baseline -0.004 -8"><span class='ocrx_word' id='word_1_237' title='bbox 297 2423 482 2451; x_wconf 76' lang='lat' dir='ltr'>emanarunt</span> <span class='ocrx_word' id='word_1_238' title='bbox 510 2417 631 2451; x_wconf 84' lang='lat' dir='ltr'>litterae</span> <span class='ocrx_word' id='word_1_239' title='bbox 660 2417 777 2449; x_wconf 87' lang='lat' dir='ltr'>tenoris</span> <span class='ocrx_word' id='word_1_240' title='bbox 802 2416 1053 2459; x_wconf 67' lang='lat' dir='ltr'>subseq11emis,÷</span> 
     </span>
    </p>
   </div>
   <div class='ocr_carea' id='block_1_17' title="bbox 297 2470 1035 2513">
    <p class='ocr_par' dir='ltr' id='par_1_18' title="bbox 297 2470 1035 2513">
     <span class='ocr_line' id='line_1_52' title="bbox 297 2470 1035 2513; baseline -0.004 -9"><span class='ocrx_word' id='word_1_241' title='bbox 297 2471 455 2504; x_wconf 83' lang='lat' dir='ltr'>videlicet:</span> <span class='ocrx_word' id='word_1_242' title='bbox 474 2471 557 2504; x_wconf 71' lang='lat' dir='ltr'>Pius</span> <span class='ocrx_word' id='word_1_243' title='bbox 574 2472 669 2513; x_wconf 77' lang='lat' dir='ltr'>Papa</span> <span class='ocrx_word' id='word_1_244' title='bbox 687 2471 744 2509; x_wconf 86' lang='lat' dir='ltr'>IV,</span> <span class='ocrx_word' id='word_1_245' title='bbox 770 2470 953 2502; x_wconf 73' lang='lat' dir='ltr'>Venerabili</span> <span class='ocrx_word' id='word_1_246' title='bbox 968 2471 1035 2513; x_wconf 76' lang='lat' dir='ltr'>fra-</span> 
     </span>
    </p>
   </div>
   <div class='ocr_carea' id='block_1_18' title="bbox 299 2524 1053 2568">
    <p class='ocr_par' dir='ltr' id='par_1_19' title="bbox 299 2524 1053 2568">
     <span class='ocr_line' id='line_1_53' title="bbox 299 2524 1053 2568; baseline -0.009 -10"><span class='ocrx_word' id='word_1_247' title='bbox 299 2527 342 2558; x_wconf 78' lang='lat' dir='ltr'>tri</span> <span class='ocrx_word' id='word_1_248' title='bbox 358 2525 597 2568; x_wconf 71' lang='lat' dir='ltr'>archiepiscopo</span> <span class='ocrx_word' id='word_1_249' title='bbox 613 2524 860 2566; x_wconf 73' lang='lat' dir='ltr'>Hispalanensi,</span> <span class='ocrx_word' id='word_1_250' title='bbox 878 2524 909 2555; x_wconf 71' lang='lat'>2⁴11</span> <span class='ocrx_word' id='word_1_251' title='bbox 928 2524 1036 2565; x_wconf 71' lang='lat' dir='ltr'>reqnis</span> <span class='ocrx_word' id='word_1_252' title='bbox 1052 2533 1053 2551; x_wconf 58' lang='grc' dir='ltr'><em>π</em></span> 
     </span>
    </p>
   </div>
   <div class='ocr_carea' id='block_1_19' title="bbox 296 2576 1036 2772">
    <p class='ocr_par' dir='ltr' id='par_1_20' title="bbox 296 2576 1036 2621">
     <span class='ocr_line' id='line_1_54' title="bbox 296 2576 1036 2621; baseline -0.005 -10"><span class='ocrx_word' id='word_1_253' title='bbox 296 2578 531 2621; x_wconf 67' lang='lat' dir='ltr'>Hispaniarum</span> <span class='ocrx_word' id='word_1_254' title='bbox 547 2577 726 2618; x_wconf 69' lang='lat' dir='ltr'>haereticae</span> <span class='ocrx_word' id='word_1_255' title='bbox 736 2576 910 2620; x_wconf 71' lang='lat' dir='ltr'>pravitatis</span> <span class='ocrx_word' id='word_1_256' title='bbox 923 2576 944 2609; x_wconf 93' lang='lat' dir='ltr'><em>I</em></span> <span class='ocrx_word' id='word_1_257' title='bbox 944 2577 1036 2619; x_wconf 75' lang='lat' dir='ltr'>nqui-</span> 
     </span>
    </p>

    <p class='ocr_par' dir='ltr' id='par_1_21' title="bbox 318 2647 1035 2677">
     <span class='ocr_line' id='line_1_55' title="bbox 318 2647 1035 2677; baseline -0.004 -3"><span class='ocrx_word' id='word_1_258' title='bbox 318 2651 342 2673; x_wconf 60' lang='grc'>,1</span> <span class='ocrx_word' id='word_1_259' title='bbox 358 2647 429 2674; x_wconf 83' lang='lat' dir='ltr'>Haec</span> <span class='ocrx_word' id='word_1_260' title='bbox 442 2647 478 2674; x_wconf 79' lang='lat' dir='ltr'>Pii</span> <span class='ocrx_word' id='word_1_261' title='bbox 490 2647 524 2674; x_wconf 83' lang='lat' dir='ltr'>IV</span> <span class='ocrx_word' id='word_1_262' title='bbox 536 2647 693 2677; x_wconf 82' lang='lat' dir='ltr'>Constitutio</span> <span class='ocrx_word' id='word_1_263' title='bbox 705 2650 742 2672; x_wconf 78' lang='lat' dir='ltr'>est</span> <span class='ocrx_word' id='word_1_264' title='bbox 755 2653 844 2672; x_wconf 70' lang='lat' dir='ltr'>xxxvii</span> <span class='ocrx_word' id='word_1_265' title='bbox 865 2647 947 2675; x_wconf 74' lang='lat' dir='ltr'>Cum,</span> <span class='ocrx_word' id='word_1_266' title='bbox 962 2647 1035 2672; x_wconf 78' lang='lat' dir='ltr'>sicul</span> 
     </span>
    </p>

    <p class='ocr_par' dir='ltr' id='par_1_22' title="bbox 297 2688 1026 2772">
     <span class='ocr_line' id='line_1_56' title="bbox 297 2688 1026 2726; baseline -0.003 -8"><span class='ocrx_word' id='word_1_267' title='bbox 297 2700 392 2726; x_wconf 78' lang='lat' dir='ltr'>‘nuper</span> <span class='ocrx_word' id='word_1_268' title='bbox 405 2693 443 2725; x_wconf 63' lang='lat' dir='ltr'>tin</span> <span class='ocrx_word' id='word_1_269' title='bbox 460 2693 487 2718; x_wconf 92' lang='lat' dir='ltr'>h.</span> <span class='ocrx_word' id='word_1_270' title='bbox 505 2699 531 2718; x_wconf 91' lang='lat' dir='ltr'>n.</span> <span class='ocrx_word' id='word_1_271' title='bbox 549 2691 611 2718; x_wconf 85' lang='lat' dir='ltr'>edit.</span> <span class='ocrx_word' id='word_1_272' title='bbox 630 2698 674 2720; x_wconf 60' lang='lat' dir='ltr'>XL.</span> <span class='ocrx_word' id='word_1_273' title='bbox 691 2691 795 2717; x_wconf 78' lang='grc'><strong>11110111.</strong></span> <span class='ocrx_word' id='word_1_274' title='bbox 813 2697 860 2723; x_wconf 81' lang='lat' dir='ltr'>vn,</span> <span class='ocrx_word' id='word_1_275' title='bbox 877 2688 939 2725; x_wconf 54' lang='lat' dir='ltr'>pag(</span> <span class='ocrx_word' id='word_1_276' title='bbox 958 2690 1026 2723; x_wconf 72' lang='grc'><strong>1211).</strong></span> 
     </span>
     <span class='ocr_line' id='line_1_57' title="bbox 409 2743 992 2772; baseline -0.003 0"><span class='ocrx_word' id='word_1_277' title='bbox 409 2746 486 2772; x_wconf 79' lang='lat' dir='ltr'>Butt.</span> <span class='ocrx_word' id='word_1_278' title='bbox 503 2746 586 2772; x_wconf 77' lang='lat' dir='ltr'>Rom.</span> <span class='ocrx_word' id='word_1_279' title='bbox 599 2761 631 2764; x_wconf 91' lang='lat'>—</span> <span class='ocrx_word' id='word_1_280' title='bbox 652 2745 712 2771; x_wconf 79' lang='lat' dir='ltr'>Vol.</span> <span class='ocrx_word' id='word_1_281' title='bbox 731 2744 795 2771; x_wconf 86' lang='lat' dir='ltr'><em>XII.</em></span> <span class='ocrx_word' id='word_1_282' title='bbox 958 2743 992 2770; x_wconf 77' lang='lat'>92</span> 
     </span>
    </p>
   </div>
   <div class='ocr_carea' id='block_1_20' title="bbox 1052 345 1808 549">
    <p class='ocr_par' dir='ltr' id='par_1_23' title="bbox 1052 345 1808 493">
     <span class='ocr_line' id='line_1_58' title="bbox 1052 345 1808 390; baseline -0.008 -7"><span class='ocrx_word' id='word_1_283' title='bbox 1052 348 1163 383; x_wconf 72' lang='lat' dir='ltr'>:sitm-i</span> <span class='ocrx_word' id='word_1_284' title='bbox 1175 345 1332 390; x_wconf 56' lang='lat' dir='ltr'>penei-ali.</span> <span class='ocrx_word' id='word_1_285' title='bbox 1351 346 1431 380; x_wconf 79' lang='lat' dir='ltr'>Cum</span> <span class='ocrx_word' id='word_1_286' title='bbox 1444 346 1527 378; x_wconf 71' lang='lat' dir='ltr'>sicut</span> <span class='ocrx_word' id='word_1_287' title='bbox 1543 355 1657 388; x_wconf 76' lang='lat' dir='ltr'>nuper,</span> <span class='ocrx_word' id='word_1_288' title='bbox 1677 350 1733 377; x_wconf 65' lang='lat' dir='ltr'>etv.</span> <span class='ocrx_word' id='word_1_289' title='bbox 1753 345 1808 388; x_wconf 86' lang='lat'>(0-</span> 
     </span>
     <span class='ocr_line' id='line_1_59' title="bbox 1069 399 1808 442; baseline -0.001 -10"><span class='ocrx_word' id='word_1_290' title='bbox 1069 401 1215 432; x_wconf 75' lang='lat' dir='ltr'>miltitur</span> <span class='ocrx_word' id='word_1_291' title='bbox 1239 399 1418 439; x_wconf 70' lang='lat' dir='ltr'>residuum,</span> <span class='ocrx_word' id='word_1_292' title='bbox 1442 400 1522 442; x_wconf 74' lang='lat' dir='ltr'>quia</span> <span class='ocrx_word' id='word_1_293' title='bbox 1544 399 1719 441; x_wconf 67' lang='lat' dir='ltr'>lessipotesl</span> <span class='ocrx_word' id='word_1_294' title='bbox 1738 399 1808 441; x_wconf 72' lang='lat' dir='ltr'>ipsa</span> 
     </span>
     <span class='ocr_line' id='line_1_60' title="bbox 1069 450 1805 493; baseline -0.004 -8"><span class='ocrx_word' id='word_1_295' title='bbox 1069 453 1256 485; x_wconf 73' lang='lat' dir='ltr'>constitutio</span> <span class='ocrx_word' id='word_1_296' title='bbox 1276 453 1374 484; x_wconf 77' lang='lat' dir='ltr'>citata</span> <span class='ocrx_word' id='word_1_297' title='bbox 1397 452 1429 483; x_wconf 79' lang='lat' dir='ltr'>in</span> <span class='ocrx_word' id='word_1_298' title='bbox 1456 452 1530 483; x_wconf 69' lang='grc' dir='ltr'><strong>1101ιὶ</strong></span> <span class='ocrx_word' id='word_1_299' title='bbox 1553 451 1594 482; x_wconf 72' lang='lat' dir='ltr'>acl</span> <span class='ocrx_word' id='word_1_300' title='bbox 1619 450 1805 493; x_wconf 71' lang='lat' dir='ltr'>rubricam).</span> 
     </span>
    </p>

    <p class='ocr_par' dir='ltr' id='par_1_24' title="bbox 1113 504 1807 549">
     <span class='ocr_line' id='line_1_61' title="bbox 1113 504 1807 549; baseline -0.003 -11"><span class='ocrx_word' id='word_1_301' title='bbox 1113 506 1127 549; x_wconf 64' lang='grc' dir='ltr'>ξ</span> <span class='ocrx_word' id='word_1_302' title='bbox 1151 506 1180 538; x_wconf 98' lang='grc'>3</span> <span class='ocrx_word' id='word_1_303' title='bbox 1208 506 1314 547; x_wconf 72' lang='lat' dir='ltr'>Igitur,</span> <span class='ocrx_word' id='word_1_304' title='bbox 1341 509 1373 537; x_wconf 85' lang='grc'>111</span> <span class='ocrx_word' id='word_1_305' title='bbox 1399 505 1518 536; x_wconf 78' lang='lat' dir='ltr'>litterae</span> <span class='ocrx_word' id='word_1_306' title='bbox 1539 504 1715 547; x_wconf 71' lang='lat' dir='ltr'>praedictae</span> <span class='ocrx_word' id='word_1_307' title='bbox 1733 514 1807 547; x_wconf 84' lang='lat' dir='ltr'>pet·—</span> 
     </span>
    </p>
   </div>
   <div class='ocr_carea' id='block_1_21' title="bbox 1067 610 1809 1659">
    <p class='ocr_par' dir='ltr' id='par_1_25' title="bbox 1067 610 1809 1394">
     <span class='ocr_line' id='line_1_62' title="bbox 1069 610 1808 653; baseline -0.001 -10"><span class='ocrx_word' id='word_1_308' title='bbox 1069 622 1139 643; x_wconf 89' lang='lat' dir='ltr'>rum</span> <span class='ocrx_word' id='word_1_309' title='bbox 1158 610 1377 644; x_wconf 86' lang='lat' dir='ltr'>inviolabiliter</span> <span class='ocrx_word' id='word_1_310' title='bbox 1402 610 1618 649; x_wconf 77' lang='lat' dir='ltr'>observentur,</span> <span class='ocrx_word' id='word_1_311' title='bbox 1636 615 1722 642; x_wconf 88' lang='lat' dir='ltr'>motu</span> <span class='ocrx_word' id='word_1_312' title='bbox 1739 621 1808 653; x_wconf 84' lang='lat' dir='ltr'>pro-</span> 
     </span>
     <span class='ocr_line' id='line_1_63' title="bbox 1069 661 1808 706; baseline -0.003 -10"><span class='ocrx_word' id='word_1_313' title='bbox 1069 663 1139 706; x_wconf 89' lang='lat' dir='ltr'>prio</span> <span class='ocrx_word' id='word_1_314' title='bbox 1152 668 1183 696; x_wconf 90' lang='lat' dir='ltr'>et</span> <span class='ocrx_word' id='word_1_315' title='bbox 1195 673 1232 695; x_wconf 87' lang='lat' dir='ltr'>ex</span> <span class='ocrx_word' id='word_1_316' title='bbox 1246 665 1331 695; x_wconf 76' lang='lat' dir='ltr'>certa</span> <span class='ocrx_word' id='word_1_317' title='bbox 1349 662 1487 702; x_wconf 75' lang='lat' dir='ltr'>scientia,</span> <span class='ocrx_word' id='word_1_318' title='bbox 1498 672 1533 694; x_wconf 84' lang='lat' dir='ltr'>ac</span> <span class='ocrx_word' id='word_1_319' title='bbox 1549 664 1672 694; x_wconf 75' lang='lat' dir='ltr'>matura</span> <span class='ocrx_word' id='word_1_320' title='bbox 1689 661 1808 694; x_wconf 85' lang='lat' dir='ltr'>delibe-</span> 
     </span>
     <span class='ocr_line' id='line_1_64' title="bbox 1069 715 1807 756; baseline -0.001 -8"><span class='ocrx_word' id='word_1_321' title='bbox 1069 717 1188 750; x_wconf 82' lang='lat' dir='ltr'>ratione</span> <span class='ocrx_word' id='word_1_322' title='bbox 1199 718 1315 756; x_wconf 75' lang='lat' dir='ltr'>nostra,</span> <span class='ocrx_word' id='word_1_323' title='bbox 1329 727 1364 748; x_wconf 85' lang='lat' dir='ltr'>ae</span> <span class='ocrx_word' id='word_1_324' title='bbox 1381 715 1418 748; x_wconf 86' lang='lat' dir='ltr'>de</span> <span class='ocrx_word' id='word_1_325' title='bbox 1434 715 1564 748; x_wconf 75' lang='lat' dir='ltr'>oonsilio</span> <span class='ocrx_word' id='word_1_326' title='bbox 1581 715 1807 747; x_wconf 73' lang='lat' dir='ltr'>venerabilium</span> 
     </span>
     <span class='ocr_line' id='line_1_65' title="bbox 1069 768 1807 802; baseline -0.001 -2"><span class='ocrx_word' id='word_1_327' title='bbox 1069 770 1201 802; x_wconf 85' lang='lat' dir='ltr'>fratrum</span> <span class='ocrx_word' id='word_1_328' title='bbox 1226 773 1408 802; x_wconf 88' lang='lat' dir='ltr'>nostrorum</span> <span class='ocrx_word' id='word_1_329' title='bbox 1433 768 1461 801; x_wconf 80' lang='lat' dir='ltr'>S.</span> <span class='ocrx_word' id='word_1_330' title='bbox 1488 768 1521 800; x_wconf 81' lang='lat' dir='ltr'>R.</span> <span class='ocrx_word' id='word_1_331' title='bbox 1543 768 1575 800; x_wconf 88' lang='lat' dir='ltr'>E.</span> <span class='ocrx_word' id='word_1_332' title='bbox 1602 768 1807 800; x_wconf 83' lang='lat' dir='ltr'>cardinalium</span> 
     </span>
     <span class='ocr_line' id='line_1_66' title="bbox 1068 819 1807 864; baseline -0.003 -10"><span class='ocrx_word' id='word_1_333' title='bbox 1068 826 1176 854; x_wconf 81' lang='lat' dir='ltr'>eontra</span> <span class='ocrx_word' id='word_1_334' title='bbox 1201 821 1390 853; x_wconf 84' lang='lat' dir='ltr'>haereticam</span> <span class='ocrx_word' id='word_1_335' title='bbox 1410 819 1594 864; x_wconf 80' lang='lat' dir='ltr'>pravitatem</span> <span class='ocrx_word' id='word_1_336' title='bbox 1612 820 1807 862; x_wconf 79' lang='lat' dir='ltr'>generalium</span> 
     </span>
     <span class='ocr_line' id='line_1_67' title="bbox 1068 873 1804 917; baseline -0.001 -11"><span class='ocrx_word' id='word_1_337' title='bbox 1068 875 1301 917; x_wconf 86' lang='lat' dir='ltr'>inquisitorum,</span> <span class='ocrx_word' id='word_1_338' title='bbox 1319 874 1529 917; x_wconf 85' lang='lat' dir='ltr'>praeinsertas</span> <span class='ocrx_word' id='word_1_339' title='bbox 1550 874 1668 906; x_wconf 85' lang='lat' dir='ltr'>litteras</span> <span class='ocrx_word' id='word_1_340' title='bbox 1692 873 1804 905; x_wconf 81' lang='lat' dir='ltr'>liuius-</span> 
     </span>
     <span class='ocr_line' id='line_1_68' title="bbox 1069 926 1807 969; baseline 0 -11"><span class='ocrx_word' id='word_1_341' title='bbox 1069 927 1163 967; x_wconf 82' lang='lat' dir='ltr'>modi‚</span> <span class='ocrx_word' id='word_1_342' title='bbox 1179 938 1214 959; x_wconf 84' lang='lat' dir='ltr'>ae</span> <span class='ocrx_word' id='word_1_343' title='bbox 1232 927 1337 960; x_wconf 87' lang='lat' dir='ltr'>omnia</span> <span class='ocrx_word' id='word_1_344' title='bbox 1350 932 1380 959; x_wconf 87' lang='lat' dir='ltr'>et</span> <span class='ocrx_word' id='word_1_345' title='bbox 1403 927 1526 969; x_wconf 74' lang='lat' dir='ltr'>singula</span> <span class='ocrx_word' id='word_1_346' title='bbox 1543 927 1574 958; x_wconf 94' lang='lat' dir='ltr'>in</span> <span class='ocrx_word' id='word_1_347' title='bbox 1591 926 1635 958; x_wconf 88' lang='lat' dir='ltr'>eis</span> <span class='ocrx_word' id='word_1_348' title='bbox 1652 931 1807 966; x_wconf 80' lang='lat' dir='ltr'>contenta,</span> 
     </span>
     <span class='ocr_line' id='line_1_69' title="bbox 1068 978 1806 1022; baseline -0.001 -11"><span class='ocrx_word' id='word_1_349' title='bbox 1068 980 1239 1022; x_wconf 76' lang='lat' dir='ltr'>apostolica</span> <span class='ocrx_word' id='word_1_350' title='bbox 1257 980 1450 1020; x_wconf 80' lang='lat' dir='ltr'>auctoritate,</span> <span class='ocrx_word' id='word_1_351' title='bbox 1462 984 1569 1012; x_wconf 88' lang='lat' dir='ltr'>tenore</span> <span class='ocrx_word' id='word_1_352' title='bbox 1583 978 1806 1022; x_wconf 85' lang='lat' dir='ltr'>praesentium,</span> 
     </span>
     <span class='ocr_line' id='line_1_70' title="bbox 1068 1032 1807 1075; baseline -0.001 -11"><span class='ocrx_word' id='word_1_353' title='bbox 1068 1032 1281 1075; x_wconf 85' lang='lat' dir='ltr'>approbamus</span> <span class='ocrx_word' id='word_1_354' title='bbox 1299 1038 1328 1065; x_wconf 88' lang='lat' dir='ltr'>et</span> <span class='ocrx_word' id='word_1_355' title='bbox 1345 1032 1578 1071; x_wconf 81' lang='lat' dir='ltr'>confirmamus,</span> <span class='ocrx_word' id='word_1_356' title='bbox 1601 1032 1723 1075; x_wconf 87' lang='lat' dir='ltr'>illisque</span> <span class='ocrx_word' id='word_1_357' title='bbox 1740 1043 1807 1064; x_wconf 90' lang='lat' dir='ltr'>om-</span> 
     </span>
     <span class='ocr_line' id='line_1_71' title="bbox 1068 1086 1808 1129; baseline 0 -12"><span class='ocrx_word' id='word_1_358' title='bbox 1068 1086 1159 1118; x_wconf 88' lang='lat' dir='ltr'>nibus</span> <span class='ocrx_word' id='word_1_359' title='bbox 1184 1091 1214 1118; x_wconf 89' lang='lat' dir='ltr'>et</span> <span class='ocrx_word' id='word_1_360' title='bbox 1246 1086 1378 1128; x_wconf 71' lang='lat' dir='ltr'>singulis</span> <span class='ocrx_word' id='word_1_361' title='bbox 1403 1086 1590 1118; x_wconf 69' lang='lat' dir='ltr'>inviolabilis</span> <span class='ocrx_word' id='word_1_362' title='bbox 1618 1086 1808 1129; x_wconf 84' lang='lat' dir='ltr'>apostolieae</span> 
     </span>
     <span class='ocr_line' id='line_1_72' title="bbox 1068 1138 1808 1182; baseline 0.001 -12"><span class='ocrx_word' id='word_1_363' title='bbox 1068 1138 1226 1171; x_wconf 83' lang='lat' dir='ltr'>firmitatis</span> <span class='ocrx_word' id='word_1_364' title='bbox 1250 1139 1348 1171; x_wconf 89' lang='lat' dir='ltr'>robur</span> <span class='ocrx_word' id='word_1_365' title='bbox 1377 1139 1561 1179; x_wconf 87' lang='lat' dir='ltr'>adiieimus,</span> <span class='ocrx_word' id='word_1_366' title='bbox 1586 1139 1717 1182; x_wconf 80' lang='lat' dir='ltr'>illasque</span> <span class='ocrx_word' id='word_1_367' title='bbox 1745 1149 1808 1172; x_wconf 91' lang='lat' dir='ltr'>non</span> 
     </span>
     <span class='ocr_line' id='line_1_73' title="bbox 1068 1191 1808 1235; baseline 0.001 -12"><span class='ocrx_word' id='word_1_368' title='bbox 1068 1192 1169 1223; x_wconf 87' lang='lat' dir='ltr'>solum</span> <span class='ocrx_word' id='word_1_369' title='bbox 1194 1192 1227 1224; x_wconf 89' lang='lat' dir='ltr'>in</span> <span class='ocrx_word' id='word_1_370' title='bbox 1250 1191 1418 1235; x_wconf 86' lang='lat' dir='ltr'>praedietis</span> <span class='ocrx_word' id='word_1_371' title='bbox 1442 1192 1663 1235; x_wconf 83' lang='lat' dir='ltr'>Hispaniarum</span> <span class='ocrx_word' id='word_1_372' title='bbox 1687 1192 1808 1234; x_wconf 79' lang='lat' dir='ltr'>regnis,</span> 
     </span>
     <span class='ocr_line' id='line_1_74' title="bbox 1068 1244 1809 1288; baseline 0.001 -13"><span class='ocrx_word' id='word_1_373' title='bbox 1068 1244 1121 1275; x_wconf 87' lang='lat' dir='ltr'>sed</span> <span class='ocrx_word' id='word_1_374' title='bbox 1146 1245 1178 1276; x_wconf 91' lang='lat' dir='ltr'>in</span> <span class='ocrx_word' id='word_1_375' title='bbox 1202 1244 1362 1287; x_wconf 69' lang='lat' dir='ltr'>quibusvis</span> <span class='ocrx_word' id='word_1_376' title='bbox 1380 1244 1540 1276; x_wconf 85' lang='lat' dir='ltr'>christiani</span> <span class='ocrx_word' id='word_1_377' title='bbox 1565 1245 1652 1277; x_wconf 88' lang='lat' dir='ltr'>orbis</span> <span class='ocrx_word' id='word_1_378' title='bbox 1668 1244 1809 1288; x_wconf 88' lang='lat' dir='ltr'>partibus</span> 
     </span>
     <span class='ocr_line' id='line_1_75' title="bbox 1067 1297 1809 1341; baseline 0 -12"><span class='ocrx_word' id='word_1_379' title='bbox 1067 1297 1202 1329; x_wconf 85' lang='grc'><strong>1111111161</strong></span> <span class='ocrx_word' id='word_1_380' title='bbox 1222 1302 1251 1329; x_wconf 88' lang='lat' dir='ltr'>et</span> <span class='ocrx_word' id='word_1_381' title='bbox 1271 1297 1492 1330; x_wconf 85' lang='lat' dir='ltr'>inviolabiliter</span> <span class='ocrx_word' id='word_1_382' title='bbox 1509 1297 1669 1330; x_wconf 66' lang='lat' dir='ltr'>observari</span> <span class='ocrx_word' id='word_1_383' title='bbox 1692 1297 1809 1341; x_wconf 89' lang='lat' dir='ltr'>praeei-</span> 
     </span>
     <span class='ocr_line' id='line_1_76' title="bbox 1068 1351 1436 1394; baseline 0 -11"><span class='ocrx_word' id='word_1_384' title='bbox 1068 1351 1173 1394; x_wconf 89' lang='lat' dir='ltr'>pimus</span> <span class='ocrx_word' id='word_1_385' title='bbox 1193 1357 1223 1384; x_wconf 88' lang='lat' dir='ltr'>et</span> <span class='ocrx_word' id='word_1_386' title='bbox 1242 1351 1436 1383; x_wconf 86' lang='lat' dir='ltr'>mandamus.</span> 
     </span>
    </p>

    <p class='ocr_par' dir='ltr' id='par_1_26' title="bbox 1067 1403 1808 1659">
     <span class='ocr_line' id='line_1_77' title="bbox 1112 1403 1808 1447; baseline -0.003 -10"><span class='ocrx_word' id='word_1_387' title='bbox 1112 1405 1127 1447; x_wconf 71' lang='lat'>§</span> <span class='ocrx_word' id='word_1_388' title='bbox 1144 1404 1173 1436; x_wconf 68' lang='lat'>4.</span> <span class='ocrx_word' id='word_1_389' title='bbox 1187 1405 1230 1437; x_wconf 82' lang='lat' dir='ltr'>Ae</span> <span class='ocrx_word' id='word_1_390' title='bbox 1246 1409 1419 1447; x_wconf 84' lang='lat' dir='ltr'>praeterea,</span> <span class='ocrx_word' id='word_1_391' title='bbox 1433 1414 1472 1436; x_wconf 86' lang='lat' dir='ltr'>ne</span> <span class='ocrx_word' id='word_1_392' title='bbox 1486 1403 1517 1436; x_wconf 87' lang='lat' dir='ltr'>in</span> <span class='ocrx_word' id='word_1_393' title='bbox 1531 1404 1672 1436; x_wconf 83' lang='lat' dir='ltr'>futurum</span> <span class='ocrx_word' id='word_1_394' title='bbox 1687 1403 1724 1436; x_wconf 84' lang='lat' dir='ltr'>de</span> <span class='ocrx_word' id='word_1_395' title='bbox 1738 1414 1808 1446; x_wconf 88' lang='lat' dir='ltr'>poe-</span> 
     </span>
     <span class='ocr_line' id='line_1_78' title="bbox 1067 1456 1806 1500; baseline -0.004 -10"><span class='ocrx_word' id='word_1_396' title='bbox 1067 1459 1107 1490; x_wconf 73' lang='lat' dir='ltr'>na</span> <span class='ocrx_word' id='word_1_397' title='bbox 1132 1457 1180 1490; x_wconf 90' lang='grc'><strong>1115</strong></span> <span class='ocrx_word' id='word_1_398' title='bbox 1202 1457 1457 1500; x_wconf 82' lang='lat' dir='ltr'>delinquentibus</span> <span class='ocrx_word' id='word_1_399' title='bbox 1482 1456 1689 1500; x_wconf 74' lang='lat' dir='ltr'>imponenda,</span> <span class='ocrx_word' id='word_1_400' title='bbox 1716 1461 1745 1487; x_wconf 84' lang='lat' dir='ltr'>et</span> <span class='ocrx_word' id='word_1_401' title='bbox 1769 1456 1806 1487; x_wconf 91' lang='lat' dir='ltr'>de</span> 
     </span>
     <span class='ocr_line' id='line_1_79' title="bbox 1069 1509 1806 1553; baseline -0.004 -10"><span class='ocrx_word' id='word_1_402' title='bbox 1069 1511 1163 1543; x_wconf 91' lang='lat' dir='ltr'>modo</span> <span class='ocrx_word' id='word_1_403' title='bbox 1188 1516 1296 1543; x_wconf 85' lang='lat' dir='ltr'>eontra</span> <span class='ocrx_word' id='word_1_404' title='bbox 1328 1510 1454 1543; x_wconf 87' lang='lat' dir='ltr'>eosdem</span> <span class='ocrx_word' id='word_1_405' title='bbox 1487 1509 1677 1553; x_wconf 83' lang='lat' dir='ltr'>procedendi</span> <span class='ocrx_word' id='word_1_406' title='bbox 1702 1509 1806 1552; x_wconf 82' lang='lat' dir='ltr'>aliquo</span> 
     </span>
     <span class='ocr_line' id='line_1_80' title="bbox 1069 1562 1808 1607; baseline -0.003 -11"><span class='ocrx_word' id='word_1_407' title='bbox 1069 1564 1162 1596; x_wconf 89' lang='lat' dir='ltr'>modo</span> <span class='ocrx_word' id='word_1_408' title='bbox 1187 1563 1322 1596; x_wconf 87' lang='lat' dir='ltr'>dubitari</span> <span class='ocrx_word' id='word_1_409' title='bbox 1346 1563 1454 1607; x_wconf 83' lang='lat' dir='ltr'>possit,</span> <span class='ocrx_word' id='word_1_410' title='bbox 1478 1563 1652 1603; x_wconf 80' lang='lat' dir='ltr'>statuimus,</span> <span class='ocrx_word' id='word_1_411' title='bbox 1665 1562 1808 1595; x_wconf 80' lang='lat' dir='ltr'>decerni-</span> 
     </span>
     <span class='ocr_line' id='line_1_81' title="bbox 1069 1615 1807 1659; baseline -0.003 -11"><span class='ocrx_word' id='word_1_412' title='bbox 1069 1628 1139 1649; x_wconf 87' lang='lat' dir='ltr'>mus</span> <span class='ocrx_word' id='word_1_413' title='bbox 1156 1621 1185 1648; x_wconf 85' lang='lat' dir='ltr'>et</span> <span class='ocrx_word' id='word_1_414' title='bbox 1201 1616 1406 1656; x_wconf 85' lang='lat' dir='ltr'>declaramus,</span> <span class='ocrx_word' id='word_1_415' title='bbox 1420 1615 1503 1659; x_wconf 85' lang='lat' dir='ltr'>quod</span> <span class='ocrx_word' id='word_1_416' title='bbox 1521 1626 1629 1648; x_wconf 86' lang='lat' dir='ltr'>omnes</span> <span class='ocrx_word' id='word_1_417' title='bbox 1647 1621 1675 1647; x_wconf 89' lang='lat' dir='ltr'>et</span> <span class='ocrx_word' id='word_1_418' title='bbox 1693 1615 1807 1657; x_wconf 75' lang='lat' dir='ltr'>singuli</span> 
     </span>
    </p>
   </div>
   <div class='ocr_carea' id='block_1_22' title="bbox 1050 1669 1808 1712">
    <p class='ocr_par' dir='ltr' id='par_1_27' title="bbox 1050 1669 1808 1712">
     <span class='ocr_line' id='line_1_82' title="bbox 1050 1669 1808 1712; baseline -0.003 -10"><span class='ocrx_word' id='word_1_419' title='bbox 1050 1670 1052 1688; x_wconf 63' lang='lat'><em>³</em></span> <span class='ocrx_word' id='word_1_420' title='bbox 1069 1670 1256 1709; x_wconf 78' lang='lat' dir='ltr'>sacerdotes,</span> <span class='ocrx_word' id='word_1_421' title='bbox 1272 1675 1334 1701; x_wconf 86' lang='lat' dir='ltr'>tam</span> <span class='ocrx_word' id='word_1_422' title='bbox 1346 1670 1501 1701; x_wconf 81' lang='lat' dir='ltr'>seculares</span> <span class='ocrx_word' id='word_1_423' title='bbox 1513 1679 1607 1712; x_wconf 86' lang='lat' dir='ltr'>quam</span> <span class='ocrx_word' id='word_1_424' title='bbox 1624 1669 1808 1711; x_wconf 68' lang='lat' dir='ltr'>quorumvis</span> 
     </span>
    </p>
   </div>
   <div class='ocr_carea' id='block_1_23' title="bbox 1051 1721 1832 2714">
    <p class='ocr_par' dir='ltr' id='par_1_28' title="bbox 1051 1721 1832 2714">
     <span class='ocr_line' id='line_1_83' title="bbox 1069 1721 1808 1765; baseline -0.004 -10"><span class='ocrx_word' id='word_1_425' title='bbox 1069 1723 1160 1755; x_wconf 88' lang='lat' dir='ltr'>etiam</span> <span class='ocrx_word' id='word_1_426' title='bbox 1185 1722 1422 1765; x_wconf 85' lang='lat' dir='ltr'>quomodolibet</span> <span class='ocrx_word' id='word_1_427' title='bbox 1442 1726 1659 1764; x_wconf 83' lang='lat' dir='ltr'>exemplorum</span> <span class='ocrx_word' id='word_1_428' title='bbox 1685 1732 1719 1753; x_wconf 87' lang='lat' dir='ltr'>ae</span> <span class='ocrx_word' id='word_1_429' title='bbox 1737 1721 1808 1753; x_wconf 80' lang='lat' dir='ltr'>Sedi</span> 
     </span>
     <span class='ocr_line' id='line_1_84' title="bbox 1069 1774 1809 1820; baseline -0.004 -11"><span class='ocrx_word' id='word_1_430' title='bbox 1069 1776 1266 1820; x_wconf 72' lang='lat' dir='ltr'>Apostolicae</span> <span class='ocrx_word' id='word_1_431' title='bbox 1284 1775 1461 1807; x_wconf 80' lang='lat' dir='ltr'>immediate</span> <span class='ocrx_word' id='word_1_432' title='bbox 1487 1774 1700 1807; x_wconf 83' lang='lat' dir='ltr'>subiectorum</span> <span class='ocrx_word' id='word_1_433' title='bbox 1721 1774 1809 1807; x_wconf 89' lang='lat' dir='ltr'>Ordi-</span> 
     </span>
     <span class='ocr_line' id='line_1_85' title="bbox 1069 1827 1809 1869; baseline -0.003 -9"><span class='ocrx_word' id='word_1_434' title='bbox 1069 1839 1154 1868; x_wconf 89' lang='lat' dir='ltr'>num,</span> <span class='ocrx_word' id='word_1_435' title='bbox 1168 1828 1393 1867; x_wconf 86' lang='lat' dir='ltr'>institutorum,</span> <span class='ocrx_word' id='word_1_436' title='bbox 1405 1827 1589 1860; x_wconf 75' lang='lat' dir='ltr'>societatum</span> <span class='ocrx_word' id='word_1_437' title='bbox 1599 1832 1627 1859; x_wconf 86' lang='lat' dir='ltr'>et</span> <span class='ocrx_word' id='word_1_438' title='bbox 1639 1837 1809 1869; x_wconf 71' lang='lat' dir='ltr'>congrega-</span> 
     </span>
     <span class='ocr_line' id='line_1_86' title="bbox 1069 1880 1808 1923; baseline -0.004 -9"><span class='ocrx_word' id='word_1_439' title='bbox 1069 1882 1190 1914; x_wconf 87' lang='lat' dir='ltr'>tionum</span> <span class='ocrx_word' id='word_1_440' title='bbox 1207 1881 1378 1923; x_wconf 74' lang='lat' dir='ltr'>regulares,</span> <span class='ocrx_word' id='word_1_441' title='bbox 1396 1880 1621 1923; x_wconf 83' lang='lat' dir='ltr'>euiuseumque</span> <span class='ocrx_word' id='word_1_442' title='bbox 1648 1880 1808 1921; x_wconf 68' lang='lat' dir='ltr'>dignitatis</span> 
     </span>
     <span class='ocr_line' id='line_1_87' title="bbox 1051 1932 1807 1978; baseline -0.001 -12"><span class='ocrx_word' id='word_1_443' title='bbox 1051 1940 1099 1966; x_wconf 61' lang='lat' dir='ltr'>tet</span> <span class='ocrx_word' id='word_1_444' title='bbox 1124 1933 1399 1978; x_wconf 87' lang='lat' dir='ltr'>praeeminentiae,</span> <span class='ocrx_word' id='word_1_445' title='bbox 1427 1938 1479 1965; x_wconf 88' lang='grc'><strong>3111</strong></span> <span class='ocrx_word' id='word_1_446' title='bbox 1508 1933 1618 1976; x_wconf 69' lang='lat' dir='ltr'>quovis</span> <span class='ocrx_word' id='word_1_447' title='bbox 1642 1932 1807 1976; x_wconf 66' lang='lat' dir='ltr'>privilegio</span> 
     </span>
     <span class='ocr_line' id='line_1_88' title="bbox 1070 1987 1808 2029; baseline -0.003 -10"><span class='ocrx_word' id='word_1_448' title='bbox 1070 1987 1180 2020; x_wconf 88' lang='lat' dir='ltr'>muniti</span> <span class='ocrx_word' id='word_1_449' title='bbox 1194 1987 1335 2026; x_wconf 84' lang='lat' dir='ltr'>existant,</span> <span class='ocrx_word' id='word_1_450' title='bbox 1349 1987 1402 2029; x_wconf 86' lang='lat' dir='ltr'>qui</span> <span class='ocrx_word' id='word_1_451' title='bbox 1416 1996 1576 2029; x_wconf 85' lang='lat' dir='ltr'>personas,</span> <span class='ocrx_word' id='word_1_452' title='bbox 1591 1996 1808 2028; x_wconf 87' lang='lat' dir='ltr'>quaecumque</span> 
     </span>
     <span class='ocr_line' id='line_1_89' title="bbox 1070 2038 1809 2079; baseline -0.003 -7"><span class='ocrx_word' id='word_1_453' title='bbox 1070 2040 1139 2072; x_wconf 85' lang='lat' dir='ltr'>illae</span> <span class='ocrx_word' id='word_1_454' title='bbox 1162 2040 1231 2079; x_wconf 89' lang='lat' dir='ltr'>sint,</span> <span class='ocrx_word' id='word_1_455' title='bbox 1249 2039 1287 2071; x_wconf 88' lang='lat' dir='ltr'>ad</span> <span class='ocrx_word' id='word_1_456' title='bbox 1305 2039 1478 2077; x_wconf 81' lang='lat' dir='ltr'>inhonesta,</span> <span class='ocrx_word' id='word_1_457' title='bbox 1500 2039 1563 2071; x_wconf 89' lang='lat' dir='ltr'>sive</span> <span class='ocrx_word' id='word_1_458' title='bbox 1585 2038 1667 2071; x_wconf 88' lang='lat' dir='ltr'>inter</span> <span class='ocrx_word' id='word_1_459' title='bbox 1693 2048 1724 2070; x_wconf 87' lang='lat' dir='ltr'>se</span> <span class='ocrx_word' id='word_1_460' title='bbox 1745 2038 1809 2070; x_wconf 76' lang='lat' dir='ltr'>sive</span> 
     </span>
     <span class='ocr_line' id='line_1_90' title="bbox 1070 2091 1807 2136; baseline -0.004 -10"><span class='ocrx_word' id='word_1_461' title='bbox 1070 2105 1140 2126; x_wconf 83' lang='lat' dir='ltr'>eum</span> <span class='ocrx_word' id='word_1_462' title='bbox 1166 2093 1234 2126; x_wconf 88' lang='lat' dir='ltr'>aliis</span> <span class='ocrx_word' id='word_1_463' title='bbox 1262 2093 1497 2136; x_wconf 82' lang='lat' dir='ltr'>quomodolibet</span> <span class='ocrx_word' id='word_1_464' title='bbox 1523 2091 1751 2136; x_wconf 76' lang='lat' dir='ltr'>perpetranda,</span> <span class='ocrx_word' id='word_1_465' title='bbox 1777 2091 1807 2123; x_wconf 90' lang='lat' dir='ltr'>in</span> 
     </span>
     <span class='ocr_line' id='line_1_91' title="bbox 1069 2146 1809 2185; baseline -0.004 -6"><span class='ocrx_word' id='word_1_466' title='bbox 1069 2152 1140 2179; x_wconf 80' lang='lat' dir='ltr'>actu</span> <span class='ocrx_word' id='word_1_467' title='bbox 1165 2146 1397 2179; x_wconf 80' lang='lat' dir='ltr'>sacramentalis</span> <span class='ocrx_word' id='word_1_468' title='bbox 1411 2146 1624 2185; x_wconf 76' lang='lat' dir='ltr'>confessionis,</span> <span class='ocrx_word' id='word_1_469' title='bbox 1639 2146 1702 2177; x_wconf 76' lang='lat' dir='ltr'>sive</span> <span class='ocrx_word' id='word_1_470' title='bbox 1720 2151 1809 2177; x_wconf 83' lang='lat' dir='ltr'>antea</span> 
     </span>
     <span class='ocr_line' id='line_1_92' title="bbox 1051 2196 1809 2244; baseline -0.004 -12"><span class='ocrx_word' id='word_1_471' title='bbox 1051 2196 1052 2209; x_wconf 70' lang='lat'><em>³</em></span> <span class='ocrx_word' id='word_1_472' title='bbox 1071 2201 1116 2232; x_wconf 69' lang='lat' dir='ltr'>vel</span> <span class='ocrx_word' id='word_1_473' title='bbox 1130 2206 1200 2244; x_wconf 86' lang='lat' dir='ltr'>post</span> <span class='ocrx_word' id='word_1_474' title='bbox 1214 2200 1403 2239; x_wconf 81' lang='lat' dir='ltr'>immediate,</span> <span class='ocrx_word' id='word_1_475' title='bbox 1417 2210 1471 2231; x_wconf 88' lang='grc'><strong>5611</strong></span> <span class='ocrx_word' id='word_1_476' title='bbox 1485 2198 1648 2231; x_wconf 79' lang='lat' dir='ltr'>occasione</span> <span class='ocrx_word' id='word_1_477' title='bbox 1663 2198 1708 2229; x_wconf 73' lang='lat' dir='ltr'>vel</span> <span class='ocrx_word' id='word_1_478' title='bbox 1723 2208 1809 2241; x_wconf 83' lang='lat' dir='ltr'>prae-</span> 
     </span>
     <span class='ocr_line' id='line_1_93' title="bbox 1071 2251 1809 2293; baseline -0.003 -8"><span class='ocrx_word' id='word_1_479' title='bbox 1071 2259 1154 2286; x_wconf 68' lang='lat' dir='ltr'>textu</span> <span class='ocrx_word' id='word_1_480' title='bbox 1179 2252 1382 2285; x_wconf 80' lang='lat' dir='ltr'>consessionis</span> <span class='ocrx_word' id='word_1_481' title='bbox 1408 2251 1586 2284; x_wconf 81' lang='lat' dir='ltr'>huiusmodi</span> <span class='ocrx_word' id='word_1_482' title='bbox 1613 2251 1705 2284; x_wconf 84' lang='lat' dir='ltr'>etiam</span> <span class='ocrx_word' id='word_1_483' title='bbox 1744 2251 1809 2293; x_wconf 77' lang='lat' dir='ltr'>ipsa</span> 
     </span>
     <span class='ocr_line' id='line_1_94' title="bbox 1070 2304 1809 2348; baseline -0.004 -10"><span class='ocrx_word' id='word_1_484' title='bbox 1070 2306 1264 2339; x_wconf 75' lang='lat' dir='ltr'>consessione</span> <span class='ocrx_word' id='word_1_485' title='bbox 1290 2316 1352 2337; x_wconf 88' lang='lat' dir='ltr'>non</span> <span class='ocrx_word' id='word_1_486' title='bbox 1377 2307 1518 2348; x_wconf 73' lang='lat' dir='ltr'>sequuta,</span> <span class='ocrx_word' id='word_1_487' title='bbox 1536 2304 1599 2336; x_wconf 70' lang='lat' dir='ltr'>sive</span> <span class='ocrx_word' id='word_1_488' title='bbox 1624 2309 1709 2336; x_wconf 82' lang='lat' dir='ltr'>extra</span> <span class='ocrx_word' id='word_1_489' title='bbox 1723 2314 1809 2336; x_wconf 85' lang='lat' dir='ltr'>ocea-</span> 
     </span>
     <span class='ocr_line' id='line_1_95' title="bbox 1051 2356 1809 2393; baseline -0.005 -2"><span class='ocrx_word' id='word_1_490' title='bbox 1051 2380 1053 2393; x_wconf 55' lang='grc'>1</span> <span class='ocrx_word' id='word_1_491' title='bbox 1071 2359 1191 2391; x_wconf 87' lang='lat' dir='ltr'>sionem</span> <span class='ocrx_word' id='word_1_492' title='bbox 1213 2358 1415 2391; x_wconf 83' lang='lat' dir='ltr'>consessionis</span> <span class='ocrx_word' id='word_1_493' title='bbox 1436 2358 1466 2389; x_wconf 89' lang='grc'>111</span> <span class='ocrx_word' id='word_1_494' title='bbox 1495 2356 1740 2389; x_wconf 82' lang='grc'><strong>1·0111“65510113110</strong></span> <span class='ocrx_word' id='word_1_495' title='bbox 1757 2362 1809 2388; x_wconf 63' lang='lat' dir='ltr'>aut,</span> 
     </span>
     <span class='ocr_line' id='line_1_96' title="bbox 1070 2410 1808 2453; baseline -0.003 -9"><span class='ocrx_word' id='word_1_496' title='bbox 1070 2412 1100 2444; x_wconf 86' lang='lat' dir='ltr'>in</span> <span class='ocrx_word' id='word_1_497' title='bbox 1125 2412 1194 2444; x_wconf 89' lang='lat' dir='ltr'>loco</span> <span class='ocrx_word' id='word_1_498' title='bbox 1219 2421 1419 2453; x_wconf 86' lang='lat' dir='ltr'>quocumque</span> <span class='ocrx_word' id='word_1_499' title='bbox 1444 2410 1497 2442; x_wconf 89' lang='lat' dir='ltr'>ubi</span> <span class='ocrx_word' id='word_1_500' title='bbox 1519 2410 1729 2443; x_wconf 85' lang='lat' dir='ltr'>consessiones</span> <span class='ocrx_word' id='word_1_501' title='bbox 1761 2420 1808 2442; x_wconf 84' lang='lat' dir='ltr'>sa-</span> 
     </span>
     <span class='ocr_line' id='line_1_97' title="bbox 1071 2463 1809 2497; baseline -0.004 0"><span class='ocrx_word' id='word_1_502' title='bbox 1071 2465 1276 2497; x_wconf 82' lang='lat' dir='ltr'>cramentales</span> <span class='ocrx_word' id='word_1_503' title='bbox 1301 2464 1469 2496; x_wconf 84' lang='lat' dir='ltr'>audiuntur</span> <span class='ocrx_word' id='word_1_504' title='bbox 1496 2474 1551 2495; x_wconf 88' lang='lat' dir='ltr'>seu</span> <span class='ocrx_word' id='word_1_505' title='bbox 1574 2463 1612 2495; x_wconf 89' lang='lat' dir='ltr'>ad</span> <span class='ocrx_word' id='word_1_506' title='bbox 1643 2463 1809 2495; x_wconf 82' lang='lat' dir='ltr'>consessio-</span> 
     </span>
     <span class='ocr_line' id='line_1_98' title="bbox 1051 2516 1807 2568; baseline -0.003 -18"><span class='ocrx_word' id='word_1_507' title='bbox 1051 2553 1053 2568; x_wconf 74' lang='lat'>‹</span> <span class='ocrx_word' id='word_1_508' title='bbox 1070 2529 1140 2551; x_wconf 83' lang='lat' dir='ltr'>nem</span> <span class='ocrx_word' id='word_1_509' title='bbox 1161 2518 1345 2550; x_wconf 87' lang='lat' dir='ltr'>audiendam</span> <span class='ocrx_word' id='word_1_510' title='bbox 1367 2518 1466 2549; x_wconf 88' lang='lat' dir='ltr'>eleeto</span> <span class='ocrx_word' id='word_1_511' title='bbox 1483 2517 1665 2549; x_wconf 83' lang='lat' dir='ltr'>simulantes</span> <span class='ocrx_word' id='word_1_512' title='bbox 1694 2516 1807 2548; x_wconf 86' lang='lat' dir='ltr'>ibidem</span> 
     </span>
     <span class='ocr_line' id='line_1_99' title="bbox 1052 2569 1807 2611; baseline -0.004 -8"><span class='ocrx_word' id='word_1_513' title='bbox 1052 2577 1053 2599; x_wconf 63' lang='grc' dir='ltr'><strong>ἓ</strong></span> <span class='ocrx_word' id='word_1_514' title='bbox 1070 2571 1280 2604; x_wconf 79' lang='lat' dir='ltr'>consessiones</span> <span class='ocrx_word' id='word_1_515' title='bbox 1306 2570 1424 2608; x_wconf 86' lang='lat' dir='ltr'>audire,</span> <span class='ocrx_word' id='word_1_516' title='bbox 1443 2569 1610 2602; x_wconf 81' lang='lat' dir='ltr'>sollicitare</span> <span class='ocrx_word' id='word_1_517' title='bbox 1630 2569 1677 2600; x_wconf 72' lang='lat' dir='ltr'>vel</span> <span class='ocrx_word' id='word_1_518' title='bbox 1696 2579 1807 2611; x_wconf 71' lang='lat' dir='ltr'>provo-</span> 
     </span>
     <span class='ocr_line' id='line_1_100' title="bbox 1052 2622 1808 2663; baseline 0 -9"><span class='ocrx_word' id='word_1_519' title='bbox 1052 2625 1140 2657; x_wconf 69' lang='lat' dir='ltr'>lcare</span> <span class='ocrx_word' id='word_1_520' title='bbox 1165 2623 1361 2663; x_wconf 72' lang='lat' dir='ltr'>tentaverint,</span> <span class='ocrx_word' id='word_1_521' title='bbox 1387 2628 1438 2654; x_wconf 87' lang='lat' dir='ltr'>aut</span> <span class='ocrx_word' id='word_1_522' title='bbox 1464 2633 1535 2655; x_wconf 82' lang='lat' dir='ltr'>cum</span> <span class='ocrx_word' id='word_1_523' title='bbox 1561 2622 1605 2654; x_wconf 88' lang='lat' dir='ltr'>eis</span> <span class='ocrx_word' id='word_1_524' title='bbox 1629 2622 1754 2655; x_wconf 85' lang='lat' dir='ltr'>illicitos</span> <span class='ocrx_word' id='word_1_525' title='bbox 1778 2627 1808 2654; x_wconf 85' lang='lat' dir='ltr'>et</span> 
     </span>
     <span class='ocr_line' id='line_1_101' title="bbox 1071 2673 1832 2714; baseline -0.005 -2"><span class='ocrx_word' id='word_1_526' title='bbox 1071 2680 1251 2714; x_wconf 79' lang='lat' dir='ltr'>inhonestos</span> <span class='ocrx_word' id='word_1_527' title='bbox 1268 2687 1429 2711; x_wconf 85' lang='lat' dir='ltr'>sermones</span> <span class='ocrx_word' id='word_1_528' title='bbox 1446 2677 1511 2710; x_wconf 82' lang='lat' dir='ltr'>sive</span> <span class='ocrx_word' id='word_1_529' title='bbox 1527 2681 1677 2709; x_wconf 84' lang='lat' dir='ltr'>tractatus</span> <span class='ocrx_word' id='word_1_530' title='bbox 1694 2675 1808 2709; x_wconf 88' lang='lat' dir='ltr'>habue-</span> <span class='ocrx_word' id='word_1_531' title='bbox 1828 2673 1832 2675; x_wconf 72' lang='grc'><strong>’</strong></span> 
     </span>
    </p>
   </div>
   <div class='ocr_carea' id='block_1_24' title="bbox 1051 385 1054 2102">
    <p class='ocr_par' dir='ltr' id='par_1_29' title="bbox 1051 385 1054 2102">
     <span class='ocr_line' id='line_1_102' title="bbox 1051 385 1054 2102; baseline 0 0"><span class='ocrx_word' id='word_1_532' title='bbox 1051 385 1054 2102; x_wconf 95' lang='lat' dir='ltr'> </span> 
     </span>
    </p>
   </div>
   <div class='ocr_carea' id='block_1_25' title="bbox 1052 385 1054 2724">
    <p class='ocr_par' dir='ltr' id='par_1_30' title="bbox 1052 385 1054 2724">
     <span class='ocr_line' id='line_1_103' title="bbox 1052 385 1054 2724; baseline 0 0"><span class='ocrx_word' id='word_1_533' title='bbox 1052 385 1054 2724; x_wconf 95' lang='lat' dir='ltr'> </span> 
     </span>
    </p>
   </div>
   <div class='ocr_carea' id='block_1_26' title="bbox 1711 288 2006 325">
    <p class='ocr_par' dir='ltr' id='par_1_31' title="bbox 1711 288 2006 325">
     <span class='ocr_line' id='line_1_104' title="bbox 1711 288 2006 325; baseline 0.014 -4"><span class='ocrx_word' id='word_1_534' title='bbox 1711 288 1773 322; x_wconf 78' lang='lat'>7-29</span> <span class='ocrx_word' id='word_1_535' title='bbox 1821 297 1869 323; x_wconf 77' lang='grc' dir='ltr'>Λη.</span> <span class='ocrx_word' id='word_1_536' title='bbox 1889 297 1918 324; x_wconf 85' lang='lat' dir='ltr'>c.</span> <span class='ocrx_word' id='word_1_537' title='bbox 1938 297 2006 325; x_wconf 65' lang='lat'>1692</span> 
     </span>
    </p>
   </div>
   <div class='ocr_carea' id='block_1_27' title="bbox 1068 517 2009 617">
    <p class='ocr_par' dir='ltr' id='par_1_32' title="bbox 1068 517 2009 617">
     <span class='ocr_line' id='line_1_105' title="bbox 1936 517 2006 537; baseline 0 0"><span class='ocrx_word' id='word_1_538' title='bbox 1936 517 2006 537; x_wconf 71' lang='lat' dir='ltr'>Ponti-</span> 
     </span>
     <span class='ocr_line' id='line_1_106' title="bbox 1068 543 2009 616; baseline -0.001 -26"><span class='ocrx_word' id='word_1_539' title='bbox 1068 559 1169 602; x_wconf 87' lang='lat' dir='ltr'>petuis</span> <span class='ocrx_word' id='word_1_540' title='bbox 1193 558 1305 591; x_wconf 85' lang='lat' dir='ltr'>suturis</span> <span class='ocrx_word' id='word_1_541' title='bbox 1323 557 1527 601; x_wconf 80' lang='lat' dir='ltr'>temporibus,</span> <span class='ocrx_word' id='word_1_542' title='bbox 1546 560 1575 590; x_wconf 90' lang='lat' dir='ltr'>et</span> <span class='ocrx_word' id='word_1_543' title='bbox 1595 557 1709 600; x_wconf 81' lang='lat' dir='ltr'>ubique</span> <span class='ocrx_word' id='word_1_544' title='bbox 1727 543 2009 616; x_wconf 54' lang='grc' dir='ltr'><strong>1000-ξῗῇιῖἳξῖἷῗῡιῖἶὶῗίῖἶ</strong></span> 
     </span>
     <span class='ocr_line' id='line_1_107' title="bbox 1831 602 1985 617; baseline 0 -1"><span class='ocrx_word' id='word_1_545' title='bbox 1831 603 1853 616; x_wconf 61' lang='grc' dir='ltr'>ΕΓ</span> <span class='ocrx_word' id='word_1_546' title='bbox 1869 602 1879 617; x_wconf 72' lang='lat'><strong>0</strong></span> <span class='ocrx_word' id='word_1_547' title='bbox 1890 602 1985 617; x_wconf 58' lang='grc' dir='ltr'>ΙΞΕΙὟὶΗῚ.</span> 
     </span>
    </p>
   </div>
   <div class='ocr_carea' id='block_1_28' title="bbox 1822 1414 2008 1600">
    <p class='ocr_par' dir='ltr' id='par_1_33' title="bbox 1822 1414 2008 1600">
     <span class='ocr_line' id='line_1_108' title="bbox 1849 1414 2007 1439; baseline 0 -6"><span class='ocrx_word' id='word_1_548' title='bbox 1849 1415 1912 1434; x_wconf 81' lang='grc'><strong>11111110</strong></span> <span class='ocrx_word' id='word_1_549' title='bbox 1926 1414 2007 1439; x_wconf 79' lang='lat' dir='ltr'>plenius</span> 
     </span>
     <span class='ocr_line' id='line_1_109' title="bbox 1822 1441 2007 1460; baseline -0.005 0"><span class='ocrx_word' id='word_1_550' title='bbox 1822 1444 1895 1460; x_wconf 71' lang='grc'><strong>1011113</strong></span> <span class='ocrx_word' id='word_1_551' title='bbox 1936 1441 2007 1460; x_wconf 59' lang='lat' dir='ltr'>iturus·</span> 
     </span>
     <span class='ocr_line' id='line_1_110' title="bbox 1823 1467 2007 1487; baseline -0.005 0"><span class='ocrx_word' id='word_1_552' title='bbox 1823 1467 1878 1487; x_wconf 64' lang='lat' dir='ltr'>modi</span> <span class='ocrx_word' id='word_1_553' title='bbox 1894 1468 2007 1487; x_wconf 73' lang='lat' dir='ltr'>sollu-itan-</span> 
     </span>
     <span class='ocr_line' id='line_1_111' title="bbox 1823 1493 2007 1513; baseline -0.005 0"><span class='ocrx_word' id='word_1_554' title='bbox 1823 1493 2007 1513; x_wconf 57' lang='lat' dir='ltr'>tc&lt;=11152w11te&lt;³3w</span> 
     </span>
     <span class='ocr_line' id='line_1_112' title="bbox 1822 1520 2007 1540; baseline -0.005 0"><span class='ocrx_word' id='word_1_555' title='bbox 1822 1520 1883 1540; x_wconf 76' lang='lat' dir='ltr'>ntbus</span> <span class='ocrx_word' id='word_1_556' title='bbox 1899 1523 1918 1540; x_wconf 79' lang='lat' dir='ltr'>et</span> <span class='ocrx_word' id='word_1_557' title='bbox 1934 1525 2007 1540; x_wconf 78' lang='lat' dir='ltr'>earum</span> 
     </span>
     <span class='ocr_line' id='line_1_113' title="bbox 1823 1546 2008 1567; baseline -0.011 0"><span class='ocrx_word' id='word_1_558' title='bbox 1823 1548 1934 1567; x_wconf 57' lang='lat' dir='ltr'>occasione</span> <span class='ocrx_word' id='word_1_559' title='bbox 1966 1546 2008 1566; x_wconf 86' lang='lat' dir='ltr'>dis·</span> 
     </span>
     <span class='ocr_line' id='line_1_114' title="bbox 1822 1574 1886 1600; baseline 0.031 -9"><span class='ocrx_word' id='word_1_560' title='bbox 1822 1574 1886 1600; x_wconf 77' lang='lat' dir='ltr'>ponit.</span> 
     </span>
    </p>
   </div>
  </div>
 </body>
</html>
