2293 3231
153 303 202 328 An.
224 303 252 329 C.
271 302 338 330 161⁴

178 890 340 915 fidebatis-tiam,

155 919 175 937 et
194 918 263 938 oleum
286 917 339 937 infir-

155 949 234 964 morum
245 950 264 964 ui
280 944 339 969 regia

156 970 252 996 cappella
269 972 338 996 potest

155 1002 267 1022 Tqussllssl'ss.

182 1580 240 1606 lpse,
255 1579 340 1606 cappel-

156 1606 212 1631 tam,
228 1608 341 1630 cantor-0⁵,

157 1635 198 1654 etc.
222 1638 264 1654 non
292 1633 341 1653 sub·

155 1659 342 1681 suntiurtsdieuo-

156 1686 179 1707 ni
217 1685 341 1707 Ordinatio-

155 1717 209 1734 rum.

187 2481 212 2503 Et
221 2486 233 2501 a
244 2485 344 2506 quntum·

159 2514 201 2536 que
243 2512 344 2533 episeopo

159 2535 226 2556 sacris
235 2533 345 2555 ordinibus

159 2563 247 2589 possunt
258 2561 345 2581 initiari.

1002 305 1121 330 PAULUS
1144 305 1160 328 V
1181 305 1228 329 PP.

349 356 460 391 teram,
484 361 577 394 quam
603 351 759 391 maluerit,
785 352 912 394 eligere,
934 352 964 384 in
989 355 1106 395 eaque¹

351 408 412 436 tam
430 403 633 446 cappellanus
651 403 760 442 maior,
778 414 872 447 quam
898 414 1031 447 persona
1051 404 1089 436 ali

350 465 387 488 eo
404 454 442 487 ad
459 455 637 487 animarum
655 466 762 488 euram
788 456 976 499 deputanda,
991 457 1089 489 libere

350 507 490 550 ingredi,
511 513 537 539 et
563 508 675 541 exinde
704 514 897 541 sacramenta
930 508 1108 552 praedicta{

350 560 504 604 accipere,
517 566 544 593 et
563 561 623 593 sibi
641 561 773 594 subditis
798 561 988 602 ministrare,
1005 568 1035 594 et,
1052 562 1090 593 ad
1106 556 1108 597 i

350 614 494 647 infirmos
525 615 631 647 curiae
665 619 733 648 tuae
765 615 904 654 deferre,
930 620 959 647 et
985 615 1109 659 moni-3

351 667 451 700 tiones
472 666 720 700 matrimoniales
745 678 875 700 suorum
890 667 1090 701 subditorum
1108 667 1109 707 ξ

352 720 436 753 iuxta
461 720 586 753 decreta
612 721 685 754 dicti
714 721 842 754 Concilii
870 721 1021 764 publicari
1048 710 1109 754 sti-i

354 784 436 813 cere,
451 783 567 817 cosque
584 774 796 813 matrimonio,
811 774 877 806 sine
891 777 994 807 tamen
1007 784 1094 817 prae·
1108 794 1111 814 3

354 826 469 859 iudicio
492 827 608 859 iurium
630 826 869 870 parochialium,
891 818 1111 869 coniungere,-

399 880 414 922 ξ
438 879 467 912 5.
485 880 658 920 Praeterea,
675 881 699 912 si
717 880 819 912 eidem
836 880 1020 923 cappellano
1032 890 1095 912 ma-

354 933 414 966 iori
438 933 604 973 ridebitur,
622 933 818 966 considerata
835 933 977 966 decentia
995 939 1023 965 et
1045 944 1095 966 ne-

354 986 518 1027 cessitate,
543 986 775 1019 sanctissimum
808 986 1020 1019 Eucharistiae
1046 997 1094 1019 sa-

354 1044 550 1072 cramentum
568 1045 597 1071 et
615 1044 771 1072 extremae
796 1038 953 1072 unctionis
976 1039 1007 1071 in
1024 1049 1095 1082 eap-

353 1093 434 1136 pella
460 1093 558 1135 regia,
584 1098 615 1125 ut
641 1092 679 1125 ad
700 1092 844 1125 infirmos
862 1098 890 1125 et
909 1092 1050 1125 infirmas
1063 1084 1112 1124 iu'

353 1146 437 1180 dicto
461 1146 576 1190 palatio
600 1146 768 1179 existentes
793 1146 990 1179 commodius
1011 1146 1095 1178 defe-

353 1203 442 1232 ratur
469 1204 497 1231 et
531 1198 637 1231 multis
664 1198 892 1239 incommodis,
916 1209 995 1242 quae
1020 1198 1113 1247 aliast

353 1252 437 1285 nasci
462 1257 611 1296 possent,
636 1252 790 1292 obvietur,
816 1262 972 1296 reponere
997 1251 1113 1285 libere*

353 1311 381 1338 et
408 1305 502 1345 licite,
517 1311 544 1338 et
563 1305 682 1349 absque
699 1306 764 1339 ullo
783 1305 993 1339 conscientiae
1012 1301 1112 1338 seru-3

353 1359 446 1403 pulo,
479 1364 531 1391 aut
566 1369 772 1391 censurarum
811 1350 1113 1392 ecclesiasticarum}

352 1414 491 1453 incursu,
505 1412 781 1453 valeat,licentiam
796 1417 826 1445 et
839 1413 1028 1452 sticultatem,
1045 1423 1096 1445 au-

354 1465 497 1500 ctoritate
523 1465 692 1509 apostoliea
707 1492 714 1505 ‚
738 1471 848 1498 tenore
872 1466 1113 1509 praesentium,1

354 1519 556 1552 concedimus
580 1524 610 1551 et
633 1518 844 1561 indulgemus.
1112 1520 1114 1545 ἕ

400 1573 415 1616 g
436 1572 464 1604 6.
489 1572 535 1604 Ad
560 1572 649 1612 haee,
674 1578 708 1605 ut
734 1573 925 1616 quicumque
954 1573 1096 1605 locorum

355 1626 536 1660 Dioeeesani
557 1631 588 1659 et
607 1626 658 1659 alii
679 1626 831 1659 ordinarii
848 1626 966 1659 iudices
984 1627 1013 1659 in
1032 1638 1096 1659 ma-

356 1680 457 1713 iorem
469 1685 500 1712 et
513 1679 722 1723 cappellanos‚
737 1684 881 1712 cantores
895 1684 923 1712 et
938 1681 1097 1713 scholares

354 1733 550 1777 praedictos,
574 1738 646 1765 actu
666 1733 870 1765 inservientes
894 1738 922 1766 et
948 1739 1097 1766 consueta

355 1786 509 1830 stipendia
532 1786 742 1830 percipientes
762 1786 855 1829 (quos
868 1787 906 1819 ab
924 1786 984 1819 illis
1005 1798 1096 1830 pror-

355 1850 408 1872 sus
424 1844 455 1872 et
478 1838 606 1872 omnino
623 1838 801 1879 eximimus,
818 1850 853 1872 ac
870 1839 1007 1872 totaliter
1024 1840 1098 1873 libe-

354 1903 461 1926 ramus
474 1897 504 1925 et
519 1892 623 1936 quoad
639 1892 793 1925 maiorem
810 1893 881 1926 Sedi
899 1893 1097 1936 Apostolieae

355 1945 546 1986 immediate,
570 1945 673 1989 quoad
698 1945 776 1978 alios
792 1956 868 1979 vero
884 1947 1096 1990 cappellanos,

356 2003 501 2031 cantores
513 2003 543 2031 et
557 1999 716 2031 scholares
730 1998 922 2039 huiusmodi,
933 1999 1016 2032 dicto
1029 2010 1098 2043 eap-

355 2051 481 2094 pellano
504 2051 616 2084 maiori
640 2051 769 2084 subesse
793 2052 1008 2095 decernimus)
1031 2053 1115 2085 nul--

356 2104 419 2136 lam
443 2105 568 2148 penitus
592 2105 856 2148 superioritatem,
874 2105 1050 2139 dominium
1068 2112 1098 2139 et.

357 2157 607 2190 iurisdictionem
617 2168 776 2198 exercere,
786 2169 843 2191 nec
857 2169 890 2191 se
899 2159 937 2192 de
951 2159 1012 2193 illis
1021 2171 1098 2203 quo-

358 2211 533 2244 modolibet
556 2211 767 2244 intromittere
791 2213 923 2253 raleant,
940 2213 994 2246 sed
1008 2224 1098 2257 prae-

356 2263 431 2296 dicti
449 2264 633 2307 cappellani,
651 2268 795 2297 cantores
817 2269 843 2296 et
870 2265 1030 2298 scholares
1048 2276 1098 2298 eo-

356 2327 424 2349 ram
448 2317 516 2360 ipso
540 2317 726 2360 cappellano
754 2317 882 2357 maiori,
910 2328 964 2350 seu
988 2319 1098 2360 legatis

357 2375 410 2402 aut
439 2370 591 2412 delegatis
615 2370 716 2402 dictae
741 2370 829 2403 Sedis
853 2370 1029 2411 dumtaxat,
1053 2375 1099 2404 te-

358 2428 491 2457 neantur
515 2423 554 2456 de
577 2423 694 2457 iustitia
719 2423 945 2467 respondere&

403 2478 419 2520 ἐ
443 2477 471 2510 7.
505 2477 652 2521 Insuper,
678 2484 708 2509 ut
735 2477 928 2522 cappellani,
954 2482 1098 2511 cantores

359 2536 389 2563 et
412 2530 573 2564 scholares
602 2531 772 2564 servientes
802 2530 952 2574 praedicti
979 2541 995 2562 a
1020 2541 1099 2574 quo-

395 2612 406 2637 1
425 2611 598 2646 Subintellige
613 2611 788 2639 auctoritate
803 2614 829 2638 et
844 2615 942 2638 tenore
957 2611 1099 2638 similibus

358 2656 551 2690 concedimus,
563 2655 635 2691 qu'od
651 2656 749 2691 legitur
764 2656 797 2682 ad
813 2656 893 2683 tinem
908 2656 921 2690 ἓ
937 2657 967 2688 8;
984 2663 1047 2682 nam
1067 2664 1099 2683 eo

360 2708 445 2736 usque
461 2700 579 2736 syntaxis
594 2704 684 2728 manet
698 2709 831 2737 suspensa
846 2701 887 2736 (n.
900 2704 947 2734 τ.).

1123 362 1257 395 cumque
1271 352 1435 384 maluerint
1456 350 1610 383 catholico
1627 350 1773 389 antistite,
1792 360 1862 391 gra—

1123 404 1197 436 tiam
1224 410 1249 435 et
1277 404 1530 437 eoiumunionem
1556 403 1643 435 Sedis
1668 402 1862 446 Apostolicae

1124 457 1272 497 habente,
1299 457 1425 490 ordines
1450 467 1555 489 sacros
1580 456 1701 488 statutis
1726 455 1762 487 ad
1793 455 1822 487 id
1847 466 1862 486 a

1125 510 1192 542 iure
1211 511 1406 553 temporibus
1423 510 1598 543 successive
1612 509 1765 553 accipere,
1778 507 1865 540 dicti-

1124 573 1184 605 que
1203 563 1388 606 cappellani,
1403 563 1495 595 etiam
1515 562 1664 604 religiosi,
1677 561 1799 601 missas,
1812 561 1865 593 ho-

1125 625 1176 647 ras
1201 615 1366 648 canonicas
1391 621 1417 647 et
1445 615 1547 647 dix-ina
1577 614 1695 650 officia,
1720 614 1812 646 etiam
1837 619 1864 645 te

1126 667 1262 702 absente.
1286 668 1368 699 iuxta
1394 671 1496 701 tamen
1515 668 1609 699 ritum
1628 668 1786 699 Romanae
1810 666 1866 699 Cu-

1127 720 1191 752 riae
1214 720 1306 752 etiam
1331 721 1361 752 in
1387 721 1468 753 (licta
1490 720 1640 763 cappella,
1668 726 1694 752 et
1723 720 1753 751 iu
1784 719 1865 752 dicta

1127 772 1267 815 cappella
1281 777 1412 810 tantum,
1426 779 1488 805 tam
1508 773 1557 805 alii
1573 772 1759 817 cappellani,
1773 782 1866 816 quam

1128 830 1271 858 cantores
1300 830 1327 857 et
1362 826 1522 858 scholares
1547 826 1661 865 dicere,
1688 825 1819 858 recitare
1837 831 1866 857 et

1128 888 1251 918 canere,
1284 878 1471 922 easdemque
1503 879 1596 912 horas
1621 879 1804 919 canonicas,
1831 888 1867 910 ex

1129 933 1221 963 causa
1247 937 1360 968 tamen,
1385 937 1412 964 et
1439 932 1518 964 infra
1544 932 1603 964 diei
1630 932 1814 968 terminum.
1832 942 1866 964 ac

1128 984 1293 1028 privatim,
1326 995 1389 1017 non
1423 990 1526 1017 autem
1556 985 1586 1017 in
1613 985 1679 1027 ipsa
1704 985 1866 1028 cappella,

1919 559 2009 584 Altaque
2028 558 2063 578 hic

1879 590 1978 611 expressa
1985 584 2063 605 facere.

1110 1033 1299 1081 ‡anticipa1·e
1320 1042 1349 1070 et
1367 1043 1574 1081 postponere,
1592 1048 1626 1070 ae
1651 1037 1680 1069 in
1706 1038 1783 1070 sesto
1803 1047 1869 1069 san-

1129 1090 1260 1122 ctissimi
1273 1090 1421 1134 Corporis
1434 1090 1558 1131 Christi,
1576 1095 1605 1124 et
1624 1101 1681 1134 per
1700 1090 1767 1122 eius
1786 1095 1869 1123 octa-

1130 1153 1209 1183 vam,
1220 1144 1450 1176 sanctissimum
1465 1144 1678 1177 Eucharistiae
1696 1154 1868 1176 sacramen-

1130 1201 1196 1228 tum
1224 1197 1254 1229 in
1280 1197 1389 1230 eadem
1415 1198 1555 1241 cappella
1584 1208 1655 1230 cum
1685 1197 1798 1230 debitis
1822 1208 1869 1230 re-

1129 1250 1269 1282 verentia
1295 1256 1322 1282 et
1349 1251 1469 1283 honore
1493 1255 1622 1291 tenere,
1648 1256 1675 1283 et
1706 1251 1736 1282 in
1760 1251 1868 1294 quinta

1130 1308 1157 1334 et
1183 1305 1269 1335 sexta
1294 1304 1422 1336 maioris
1442 1303 1658 1337 hebdomadae
1682 1304 1767 1337 seriis
1788 1304 1870 1337 idem

1130 1357 1363 1389 sanctissimum
1383 1358 1620 1390 Sacramentum
1646 1358 1677 1390 in
1702 1358 1785 1390 dicta
1802 1368 1871 1401 cap-

1129 1411 1210 1454 pella
1236 1411 1267 1442 in
1293 1411 1432 1443 sacrario
1457 1411 1521 1443 sive
1545 1414 1623 1444 urna
1649 1422 1814 1455 reponere,
1840 1418 1868 1445 et

1131 1464 1169 1496 ad
1194 1474 1314 1497 morem
1340 1464 1459 1508 patriae
1482 1470 1724 1498 mouumentum
1747 1476 1802 1498 seu
1822 1471 1869 1498 tu—

1131 1518 1252 1550 mulum
1277 1522 1492 1562 nuncupatum
1518 1529 1590 1551 cum
1608 1519 1816 1552 luminaribus
1832 1522 1871 1552 l'a-

1131 1582 1202 1604 cere
1227 1577 1255 1604 et
1281 1576 1398 1612 tenere,
1416 1583 1472 1605 nee
1499 1582 1561 1605 non
1579 1583 1686 1606 coram
1705 1579 1733 1606 te
1750 1573 1870 1614 missas,

1131 1625 1225 1657 etiam
1250 1630 1417 1668 antequam
1444 1626 1599 1658 elucescat
1623 1626 1700 1666 dies,
1725 1626 1808 1659 circa
1830 1633 1871 1659 ta-

1112 1715 1114 1721 ·
1131 1689 1203 1711 men
1227 1678 1373 1711 diurnam
1394 1680 1506 1719 lucem,
1521 1690 1555 1712 ac
1573 1690 1630 1723 per
1646 1690 1741 1712 unam
1758 1680 1869 1713 horam

1130 1737 1198 1775 post
1225 1732 1389 1765 meridiem
1415 1733 1591 1773 eeleh1·are;

1176 1786 1190 1828 ξ
1215 1784 1244 1818 8,
1273 1786 1424 1829 Quodque
1448 1797 1583 1830 persona
1616 1788 1684 1820 loco
1716 1787 1870 1831 archiepi-
1948 1802 2071 1829 eappenant

1130 1839 1217 1882 scopi
1230 1839 1472 1882 Compostellani
1489 1840 1664 1883 cappellani
1682 1840 1821 1880 maioris,
1838 1846 1870 1873 ut
1885 1828 2072 1884 Εῗῗῖἳζιὲὲἳὲξῖἶῖ

1132 1892 1223 1933 infra,
1237 1892 1424 1936 deputanda,
1444 1903 1500 1925 nec
1519 1904 1583 1926 non
1603 1893 1730 1937 triginta
1748 1904 1784 1926 ex
1803 1904 1873 1938 cap·
1886 1882 2071 1934 ffittiiis‘metigrcif

1131 1946 1261 1990 pellanis
1277 1946 1456 1990 praedictis,
1473 1956 1537 1980 non
1554 1952 1659 1979 tamen
1676 1947 1872 1990 praebendas
1886 1937 2071 1988 Effisssefflffs‘ffuam

1132 1999 1324 2041 theologales
1349 2005 1377 2032 et
1402 2000 1642 2043 poenitentiales
1674 2000 1850 2033 obtinentes
1865 2028 1872 2041 ‚

1131 2053 1269 2092 fruetus,
1295 2052 1436 2085 redditus
1465 2059 1493 2085 et
1524 2058 1697 2096 proventus
1720 2064 1873 2097 quorum-

1132 2116 1266 2149 cumque
1290 2106 1519 2139 beneticiorum
1537 2112 1664 2139 tuorum
1683 2107 1870 2140 eeclesiasti-

1131 2169 1252 2199 corum,
1267 2159 1389 2192 etiamsi
1403 2159 1604 2193 canonicatus
1618 2166 1647 2193 et
1664 2160 1870 2203 praebendae,

1131 2212 1314 2255 dignitates,
1346 2219 1547 2256 personatus,
1572 2214 1872 2254 administrationes,

1132 2266 1179 2298 rel
1196 2266 1298 2298 officia
1317 2266 1443 2305 fuerint,
1462 2277 1534 2299 cum
1553 2268 1589 2299 ea
1608 2267 1796 2309 integritate,
1814 2267 1872 2299 dis-

1132 2318 1355 2351 tributionibus
1380 2319 1570 2362 quotidianis
1594 2319 1746 2362 exeeptis,
1774 2319 1873 2362 perci—

1132 2381 1206 2413 pere
1231 2371 1361 2414 possint,
1382 2383 1453 2404 euru
1479 2382 1539 2414 qua
1564 2372 1635 2404 illos
1658 2371 1869 2415 perciperent,

1132 2424 1156 2456 si
1181 2424 1213 2456 in
1237 2425 1356 2457 eisdem
1372 2425 1512 2458 ecclesiis
1533 2425 1741 2468 personaliter
1758 2425 1873 2458 reside-

1132 2482 1212 2517 rent,
1236 2488 1292 2510 uec
1317 2478 1355 2510 ad
1380 2478 1581 2511 residendum
1607 2479 1733 2511 interim
1759 2479 1790 2511 in
1811 2479 1872 2511 eis-

1132 2530 1203 2563 dem
1221 2535 1396 2567 teneantur,
1410 2531 1594 2564 auctoritate
1615 2537 1642 2565 et
1662 2537 1770 2565 tenore
1791 2532 1873 2566 simi-

1133 2584 1214 2616 libus
1239 2584 1332 2616 etiam
1358 2584 1569 2617 concedimus.

1178 2638 1192 2680 ξ
1216 2636 1244 2670 9.
1271 2637 1412 2680 Insuper,
1438 2643 1468 2669 ut
1494 2638 1714 2671 christifideles
1738 2639 1872 2672 curiales
1914 2648 2071 2674 euriaiesnos-

1134 2690 1186 2731 tui,
1211 2691 1249 2722 de
1275 2690 1398 2724 licentia
1424 2691 1522 2734 ipsius
1546 2692 1720 2735 cappellani
1743 2693 1872 2726 maioris
1886 2675 2071 2727 {uriifffflftiehriffi
