<?xml version="1.0" encoding="UTF-8"?>
<!DOCTYPE html PUBLIC "-//W3C//DTD XHTML 1.0 Transitional//EN"
    "http://www.w3.org/TR/xhtml1/DTD/xhtml1-transitional.dtd">
<html xmlns="http://www.w3.org/1999/xhtml" xml:lang="en" lang="en">
 <head>
  <title>
</title>
<meta http-equiv="Content-Type" content="text/html;charset=utf-8" />
  <meta name='ocr-system' content='tesseract 3.04.00' />
  <meta name='ocr-capabilities' content='ocr_page ocr_carea ocr_par ocr_line ocrx_word'/>
</head>
<body>
  <div class='ocr_page' id='page_1' title='image "./bullarumdiplomat12cath_0317.png"; bbox 0 0 2293 3231; ppageno 0'>
   <div class='ocr_carea' id='block_1_1' title="bbox 74 314 256 342">
    <p class='ocr_par' dir='ltr' id='par_1_1' title="bbox 74 314 256 342">
     <span class='ocr_line' id='line_1_1' title="bbox 74 314 256 342; baseline 0.016 -3"><span class='ocrx_word' id='word_1_1' title='bbox 74 314 122 341; x_wconf 82' lang='lat' dir='ltr'>An.</span> <span class='ocrx_word' id='word_1_2' title='bbox 136 315 164 341; x_wconf 70' lang='grc' dir='ltr'>[ἒ.</span> <span class='ocrx_word' id='word_1_3' title='bbox 191 314 256 342; x_wconf 73' lang='lat'>1614</span> 
     </span>
    </p>
   </div>
   <div class='ocr_carea' id='block_1_2' title="bbox 84 2333 268 2434">
    <p class='ocr_par' dir='ltr' id='par_1_2' title="bbox 84 2333 268 2434">
     <span class='ocr_line' id='line_1_2' title="bbox 110 2333 268 2355; baseline -0.013 0"><span class='ocrx_word' id='word_1_4' title='bbox 110 2333 213 2355; x_wconf 76' lang='lat' dir='ltr'>Graviora</span> <span class='ocrx_word' id='word_1_5' title='bbox 232 2339 268 2353; x_wconf 80' lang='lat' dir='ltr'>ue-</span> 
     </span>
     <span class='ocr_line' id='line_1_3' title="bbox 84 2359 268 2386; baseline -0.005 -5"><span class='ocrx_word' id='word_1_6' title='bbox 84 2361 144 2386; x_wconf 76' lang='lat' dir='ltr'>gocia</span> <span class='ocrx_word' id='word_1_7' title='bbox 155 2360 181 2380; x_wconf 85' lang='lat' dir='ltr'>ad</span> <span class='ocrx_word' id='word_1_8' title='bbox 190 2359 268 2381; x_wconf 74' lang='lat' dir='ltr'>Sortem</span> 
     </span>
     <span class='ocr_line' id='line_1_4' title="bbox 84 2387 268 2413; baseline -0.005 -5"><span class='ocrx_word' id='word_1_9' title='bbox 84 2387 225 2413; x_wconf 71' lang='lat' dir='ltr'>apostoticam</span> <span class='ocrx_word' id='word_1_10' title='bbox 236 2392 268 2407; x_wconf 85' lang='lat' dir='ltr'>re·</span> 
     </span>
     <span class='ocr_line' id='line_1_5' title="bbox 84 2413 179 2434; baseline 0 0"><span class='ocrx_word' id='word_1_11' title='bbox 84 2413 179 2434; x_wconf 79' lang='lat' dir='ltr'>serenda.</span> 
     </span>
    </p>
   </div>
   <div class='ocr_carea' id='block_1_3' title="bbox 0 1443 77 3231">
    <p class='ocr_par' dir='ltr' id='par_1_3' title="bbox 0 1443 77 3231">
     <span class='ocr_line' id='line_1_6' title="bbox 0 1443 77 3231; baseline 0 0"><span class='ocrx_word' id='word_1_12' title='bbox 0 1443 77 3231; x_wconf 95' lang='lat' dir='ltr'> </span> 
     </span>
    </p>
   </div>
   <div class='ocr_carea' id='block_1_4' title="bbox 920 317 1152 341">
    <p class='ocr_par' dir='ltr' id='par_1_4' title="bbox 920 317 1152 341">
     <span class='ocr_line' id='line_1_7' title="bbox 920 317 1152 341; baseline -0.013 0"><span class='ocrx_word' id='word_1_13' title='bbox 920 317 1037 341; x_wconf 77' lang='lat' dir='ltr'>l&#39;AULUS</span> <span class='ocrx_word' id='word_1_14' title='bbox 1064 317 1080 339; x_wconf 92' lang='lat' dir='ltr'>V</span> <span class='ocrx_word' id='word_1_15' title='bbox 1108 317 1152 339; x_wconf 74' lang='grc' dir='ltr'>ΙΨ.</span> 
     </span>
    </p>
   </div>
   <div class='ocr_carea' id='block_1_5' title="bbox 274 364 1022 2741">
    <p class='ocr_par' dir='ltr' id='par_1_5' title="bbox 274 364 1021 2318">
     <span class='ocr_line' id='line_1_8' title="bbox 274 364 1013 408; baseline -0.001 -12"><span class='ocrx_word' id='word_1_16' title='bbox 274 373 344 397; x_wconf 87' lang='lat' dir='ltr'>rum</span> <span class='ocrx_word' id='word_1_17' title='bbox 370 367 494 408; x_wconf 88' lang='lat' dir='ltr'>patrum</span> <span class='ocrx_word' id='word_1_18' title='bbox 515 364 732 398; x_wconf 73' lang='lat' dir='ltr'>traditionibus</span> <span class='ocrx_word' id='word_1_19' title='bbox 750 368 840 407; x_wconf 82' lang='lat' dir='ltr'>atque</span> <span class='ocrx_word' id='word_1_20' title='bbox 865 364 1013 397; x_wconf 87' lang='lat' dir='ltr'>institutis</span> 
     </span>
     <span class='ocr_line' id='line_1_9' title="bbox 274 415 1012 460; baseline -0.003 -11"><span class='ocrx_word' id='word_1_21' title='bbox 274 415 485 456; x_wconf 86' lang='lat' dir='ltr'>inhaerendo,</span> <span class='ocrx_word' id='word_1_22' title='bbox 510 422 540 449; x_wconf 88' lang='lat' dir='ltr'>et</span> <span class='ocrx_word' id='word_1_23' title='bbox 569 422 663 460; x_wconf 89' lang='lat' dir='ltr'>prout</span> <span class='ocrx_word' id='word_1_24' title='bbox 692 417 814 449; x_wconf 81' lang='lat' dir='ltr'>occasio</span> <span class='ocrx_word' id='word_1_25' title='bbox 843 427 1012 459; x_wconf 81' lang='lat' dir='ltr'>rerumque</span> 
     </span>
     <span class='ocr_line' id='line_1_10' title="bbox 274 469 1011 513; baseline -0.001 -11"><span class='ocrx_word' id='word_1_26' title='bbox 274 469 407 513; x_wconf 78' lang='lat' dir='ltr'>qualitas</span> <span class='ocrx_word' id='word_1_27' title='bbox 423 469 574 512; x_wconf 79' lang='lat' dir='ltr'>exegerit,</span> <span class='ocrx_word' id='word_1_28' title='bbox 595 480 810 513; x_wconf 79' lang='lat' dir='ltr'>quaecumque</span> <span class='ocrx_word' id='word_1_29' title='bbox 829 469 1011 509; x_wconf 73' lang='lat' dir='ltr'>imitati‹›n‹t·,</span> 
     </span>
     <span class='ocr_line' id='line_1_11' title="bbox 275 522 1011 562; baseline -0.001 -7"><span class='ocrx_word' id='word_1_30' title='bbox 275 522 480 562; x_wconf 85' lang='lat' dir='ltr'>correctione,</span> <span class='ocrx_word' id='word_1_31' title='bbox 505 522 734 561; x_wconf 73' lang='lat' dir='ltr'>emendatione,</span> <span class='ocrx_word' id='word_1_32' title='bbox 761 522 957 556; x_wconf 67' lang='lat' dir='ltr'>revocatione</span> <span class='ocrx_word' id='word_1_33' title='bbox 984 527 1011 554; x_wconf 71' lang='lat' dir='ltr'>et</span> 
     </span>
     <span class='ocr_line' id='line_1_12' title="bbox 274 574 1013 617; baseline 0 -10"><span class='ocrx_word' id='word_1_34' title='bbox 274 574 488 615; x_wconf 74' lang='lat' dir='ltr'>renovatione,</span> <span class='ocrx_word' id='word_1_35' title='bbox 506 585 539 607; x_wconf 89' lang='lat' dir='ltr'>ac</span> <span class='ocrx_word' id='word_1_36' title='bbox 561 575 653 608; x_wconf 85' lang='lat' dir='ltr'>etiam</span> <span class='ocrx_word' id='word_1_37' title='bbox 679 586 716 608; x_wconf 74' lang='lat' dir='ltr'>ex</span> <span class='ocrx_word' id='word_1_38' title='bbox 743 576 864 617; x_wconf 75' lang='lat' dir='ltr'>integro</span> <span class='ocrx_word' id='word_1_39' title='bbox 877 574 1013 607; x_wconf 81' lang='lat' dir='ltr'>editione</span> 
     </span>
     <span class='ocr_line' id='line_1_13' title="bbox 275 628 1014 671; baseline 0 -11"><span class='ocrx_word' id='word_1_40' title='bbox 275 628 416 670; x_wconf 76' lang='lat' dir='ltr'>indigere</span> <span class='ocrx_word' id='word_1_41' title='bbox 431 629 626 671; x_wconf 57' lang='lat' dir='ltr'>cognoveris</span> <span class='ocrx_word' id='word_1_42' title='bbox 642 630 804 669; x_wconf 81' lang='lat' dir='ltr'>reformes,</span> <span class='ocrx_word' id='word_1_43' title='bbox 823 633 933 668; x_wconf 88' lang='lat' dir='ltr'>mutes,</span> <span class='ocrx_word' id='word_1_44' title='bbox 947 638 1014 661; x_wconf 90' lang='lat' dir='ltr'>cor-</span> 
     </span>
     <span class='ocr_line' id='line_1_14' title="bbox 275 680 1014 724; baseline -0.001 -11"><span class='ocrx_word' id='word_1_45' title='bbox 275 681 370 724; x_wconf 80' lang='lat' dir='ltr'>rigas,</span> <span class='ocrx_word' id='word_1_46' title='bbox 392 692 427 714; x_wconf 89' lang='lat' dir='ltr'>ac</span> <span class='ocrx_word' id='word_1_47' title='bbox 452 682 545 715; x_wconf 87' lang='lat' dir='ltr'>etiam</span> <span class='ocrx_word' id='word_1_48' title='bbox 571 681 607 714; x_wconf 90' lang='lat' dir='ltr'>de</span> <span class='ocrx_word' id='word_1_49' title='bbox 633 692 714 715; x_wconf 84' lang='lat' dir='ltr'>novo</span> <span class='ocrx_word' id='word_1_50' title='bbox 739 682 864 722; x_wconf 84' lang='lat' dir='ltr'>condas,</span> <span class='ocrx_word' id='word_1_51' title='bbox 889 680 1014 713; x_wconf 80' lang='lat' dir='ltr'>comlita</span> 
     </span>
     <span class='ocr_line' id='line_1_15' title="bbox 275 733 1014 778; baseline -0.001 -12"><span class='ocrx_word' id='word_1_52' title='bbox 275 734 373 767; x_wconf 82' lang='lat' dir='ltr'>sacris</span> <span class='ocrx_word' id='word_1_53' title='bbox 397 734 570 767; x_wconf 83' lang='lat' dir='ltr'>canonibus</span> <span class='ocrx_word' id='word_1_54' title='bbox 584 745 647 767; x_wconf 90' lang='lat' dir='ltr'>non</span> <span class='ocrx_word' id='word_1_55' title='bbox 671 734 875 778; x_wconf 75' lang='lat' dir='ltr'>repugnantia</span> <span class='ocrx_word' id='word_1_56' title='bbox 899 733 1014 766; x_wconf 77' lang='lat' dir='ltr'>confir-</span> 
     </span>
     <span class='ocr_line' id='line_1_16' title="bbox 276 787 1014 830; baseline -0.001 -11"><span class='ocrx_word' id='word_1_57' title='bbox 276 797 351 827; x_wconf 86' lang='lat' dir='ltr'>mes,</span> <span class='ocrx_word' id='word_1_58' title='bbox 376 787 492 820; x_wconf 89' lang='lat' dir='ltr'>abusus</span> <span class='ocrx_word' id='word_1_59' title='bbox 517 798 732 830; x_wconf 84' lang='lat' dir='ltr'>quoscumque</span> <span class='ocrx_word' id='word_1_60' title='bbox 757 787 856 827; x_wconf 88' lang='lat' dir='ltr'>tollas,</span> <span class='ocrx_word' id='word_1_61' title='bbox 877 787 1014 828; x_wconf 85' lang='lat' dir='ltr'>regulas,</span> 
     </span>
     <span class='ocr_line' id='line_1_17' title="bbox 276 839 1014 882; baseline -0.003 -10"><span class='ocrx_word' id='word_1_62' title='bbox 276 840 497 880; x_wconf 79' lang='lat' dir='ltr'>institutiones,</span> <span class='ocrx_word' id='word_1_63' title='bbox 515 840 795 874; x_wconf 85' lang='lat' dir='ltr'>etecelesiasticam</span> <span class='ocrx_word' id='word_1_64' title='bbox 809 839 1014 882; x_wconf 86' lang='lat' dir='ltr'>disciplinam,</span> 
     </span>
     <span class='ocr_line' id='line_1_18' title="bbox 276 892 1016 936; baseline -0.003 -11"><span class='ocrx_word' id='word_1_65' title='bbox 276 903 311 925; x_wconf 87' lang='lat' dir='ltr'>ac</span> <span class='ocrx_word' id='word_1_66' title='bbox 337 892 367 925; x_wconf 89' lang='lat' dir='ltr'>in</span> <span class='ocrx_word' id='word_1_67' title='bbox 392 893 503 936; x_wconf 84' lang='lat' dir='ltr'>primis</span> <span class='ocrx_word' id='word_1_68' title='bbox 519 893 658 926; x_wconf 87' lang='lat' dir='ltr'>divinum</span> <span class='ocrx_word' id='word_1_69' title='bbox 676 894 804 933; x_wconf 88' lang='lat' dir='ltr'>cultum,</span> <span class='ocrx_word' id='word_1_70' title='bbox 826 892 1016 935; x_wconf 87' lang='lat' dir='ltr'>ubicumque</span> 
     </span>
     <span class='ocr_line' id='line_1_19' title="bbox 277 945 1016 988; baseline 0.001 -11"><span class='ocrx_word' id='word_1_71' title='bbox 277 945 474 986; x_wconf 77' lang='lat' dir='ltr'>exciderint,</span> <span class='ocrx_word' id='word_1_72' title='bbox 500 946 601 979; x_wconf 87' lang='lat' dir='ltr'>modis</span> <span class='ocrx_word' id='word_1_73' title='bbox 633 945 780 988; x_wconf 78' lang='lat' dir='ltr'>congruis</span> <span class='ocrx_word' id='word_1_74' title='bbox 812 945 957 978; x_wconf 73' lang='lat' dir='ltr'>restituas</span> <span class='ocrx_word' id='word_1_75' title='bbox 987 948 1016 978; x_wconf 88' lang='lat' dir='ltr'>et</span> 
     </span>
     <span class='ocr_line' id='line_1_20' title="bbox 277 997 1015 1041; baseline -0.001 -10"><span class='ocrx_word' id='word_1_76' title='bbox 277 998 461 1041; x_wconf 76' lang='lat' dir='ltr'>reintegres,</span> <span class='ocrx_word' id='word_1_77' title='bbox 479 999 603 1031; x_wconf 89' lang='lat' dir='ltr'>concilii</span> <span class='ocrx_word' id='word_1_78' title='bbox 620 998 791 1031; x_wconf 84' lang='lat' dir='ltr'>Tridentini</span> <span class='ocrx_word' id='word_1_79' title='bbox 809 998 945 1037; x_wconf 82' lang='lat' dir='ltr'>decreta,</span> <span class='ocrx_word' id='word_1_80' title='bbox 963 997 1015 1030; x_wconf 92' lang='lat' dir='ltr'>ubi</span> 
     </span>
     <span class='ocr_line' id='line_1_21' title="bbox 277 1052 1017 1094; baseline -0.004 -8"><span class='ocrx_word' id='word_1_81' title='bbox 277 1052 416 1086; x_wconf 89' lang='lat' dir='ltr'>nondum</span> <span class='ocrx_word' id='word_1_82' title='bbox 441 1052 617 1085; x_wconf 84' lang='lat' dir='ltr'>introducta</span> <span class='ocrx_word' id='word_1_83' title='bbox 634 1057 714 1091; x_wconf 86' lang='lat' dir='ltr'>suut,</span> <span class='ocrx_word' id='word_1_84' title='bbox 732 1061 903 1094; x_wconf 84' lang='lat' dir='ltr'>proponas,</span> <span class='ocrx_word' id='word_1_85' title='bbox 921 1056 950 1083; x_wconf 86' lang='lat' dir='ltr'>et</span> <span class='ocrx_word' id='word_1_86' title='bbox 967 1062 1017 1083; x_wconf 89' lang='lat' dir='ltr'>cu-</span> 
     </span>
     <span class='ocr_line' id='line_1_22' title="bbox 277 1104 1015 1149; baseline -0.004 -10"><span class='ocrx_word' id='word_1_87' title='bbox 277 1105 385 1139; x_wconf 88' lang='lat' dir='ltr'>stodiri</span> <span class='ocrx_word' id='word_1_88' title='bbox 404 1105 588 1149; x_wconf 77' lang='lat' dir='ltr'>praecipias,</span> <span class='ocrx_word' id='word_1_89' title='bbox 609 1104 755 1148; x_wconf 87' lang='lat' dir='ltr'>ipsasque</span> <span class='ocrx_word' id='word_1_90' title='bbox 772 1114 932 1148; x_wconf 75' lang='lat' dir='ltr'>personas,</span> <span class='ocrx_word' id='word_1_91' title='bbox 953 1108 1015 1138; x_wconf 90' lang='lat' dir='ltr'>tam</span> 
     </span>
     <span class='ocr_line' id='line_1_23' title="bbox 278 1157 1016 1202; baseline -0.003 -10"><span class='ocrx_word' id='word_1_92' title='bbox 278 1159 434 1192; x_wconf 85' lang='lat' dir='ltr'>seculares</span> <span class='ocrx_word' id='word_1_93' title='bbox 454 1168 548 1202; x_wconf 87' lang='lat' dir='ltr'>quam</span> <span class='ocrx_word' id='word_1_94' title='bbox 561 1158 732 1200; x_wconf 48' lang='lat' dir='ltr'>regulares</span> <span class='ocrx_word' id='word_1_95' title='bbox 746 1157 839 1190; x_wconf 86' lang='lat' dir='ltr'>etiam</span> <span class='ocrx_word' id='word_1_96' title='bbox 856 1161 1016 1201; x_wconf 83' lang='lat' dir='ltr'>exemptas</span> 
     </span>
     <span class='ocr_line' id='line_1_24' title="bbox 278 1210 1017 1254; baseline -0.003 -10"><span class='ocrx_word' id='word_1_97' title='bbox 278 1216 307 1244; x_wconf 90' lang='lat' dir='ltr'>et</span> <span class='ocrx_word' id='word_1_98' title='bbox 332 1211 498 1252; x_wconf 85' lang='lat' dir='ltr'>subiectas,</span> <span class='ocrx_word' id='word_1_99' title='bbox 514 1214 548 1244; x_wconf 91' lang='lat' dir='ltr'>ut</span> <span class='ocrx_word' id='word_1_100' title='bbox 571 1211 759 1254; x_wconf 80' lang='lat' dir='ltr'>praefertur,</span> <span class='ocrx_word' id='word_1_101' title='bbox 776 1210 813 1243; x_wconf 91' lang='lat' dir='ltr'>ad</span> <span class='ocrx_word' id='word_1_102' title='bbox 830 1210 970 1243; x_wconf 86' lang='lat' dir='ltr'>debitum</span> <span class='ocrx_word' id='word_1_103' title='bbox 987 1216 1017 1243; x_wconf 87' lang='lat' dir='ltr'>et</span> 
     </span>
     <span class='ocr_line' id='line_1_25' title="bbox 278 1264 1018 1299; baseline -0.004 -1"><span class='ocrx_word' id='word_1_104' title='bbox 278 1266 442 1299; x_wconf 86' lang='lat' dir='ltr'>honestum</span> <span class='ocrx_word' id='word_1_105' title='bbox 467 1264 547 1297; x_wconf 85' lang='lat' dir='ltr'>vitae</span> <span class='ocrx_word' id='word_1_106' title='bbox 572 1264 700 1297; x_wconf 89' lang='lat' dir='ltr'>modum</span> <span class='ocrx_word' id='word_1_107' title='bbox 731 1274 766 1297; x_wconf 84' lang='lat' dir='ltr'>ae</span> <span class='ocrx_word' id='word_1_108' title='bbox 787 1264 825 1296; x_wconf 86' lang='lat' dir='ltr'>ad</span> <span class='ocrx_word' id='word_1_109' title='bbox 843 1269 957 1296; x_wconf 87' lang='lat' dir='ltr'>statum</span> <span class='ocrx_word' id='word_1_110' title='bbox 974 1274 1018 1296; x_wconf 89' lang='lat' dir='ltr'>sa-</span> 
     </span>
     <span class='ocr_line' id='line_1_26' title="bbox 278 1318 1019 1362; baseline 0 -11"><span class='ocrx_word' id='word_1_111' title='bbox 278 1319 339 1352; x_wconf 89' lang='lat' dir='ltr'>cris</span> <span class='ocrx_word' id='word_1_112' title='bbox 353 1318 525 1352; x_wconf 86' lang='lat' dir='ltr'>canonibus</span> <span class='ocrx_word' id='word_1_113' title='bbox 542 1323 572 1351; x_wconf 91' lang='lat' dir='ltr'>et</span> <span class='ocrx_word' id='word_1_114' title='bbox 587 1318 721 1351; x_wconf 85' lang='lat' dir='ltr'>concilio</span> <span class='ocrx_word' id='word_1_115' title='bbox 732 1318 913 1352; x_wconf 87' lang='lat' dir='ltr'>Tridentino</span> <span class='ocrx_word' id='word_1_116' title='bbox 930 1330 1019 1362; x_wconf 88' lang='lat' dir='ltr'>prae-</span> 
     </span>
     <span class='ocr_line' id='line_1_27' title="bbox 278 1371 1017 1415; baseline -0.003 -9"><span class='ocrx_word' id='word_1_117' title='bbox 278 1372 369 1406; x_wconf 86' lang='lat' dir='ltr'>dictis</span> <span class='ocrx_word' id='word_1_118' title='bbox 394 1372 589 1405; x_wconf 80' lang='lat' dir='ltr'>conformem</span> <span class='ocrx_word' id='word_1_119' title='bbox 614 1382 763 1412; x_wconf 87' lang='lat' dir='ltr'>revoces,</span> <span class='ocrx_word' id='word_1_120' title='bbox 797 1382 832 1404; x_wconf 89' lang='lat' dir='ltr'>ac</span> <span class='ocrx_word' id='word_1_121' title='bbox 865 1371 1017 1415; x_wconf 86' lang='lat' dir='ltr'>quidquid</span> 
     </span>
     <span class='ocr_line' id='line_1_28' title="bbox 279 1425 1017 1466; baseline -0.001 -8"><span class='ocrx_word' id='word_1_122' title='bbox 279 1425 425 1458; x_wconf 85' lang='lat' dir='ltr'>statueris</span> <span class='ocrx_word' id='word_1_123' title='bbox 449 1430 480 1458; x_wconf 89' lang='lat' dir='ltr'>et</span> <span class='ocrx_word' id='word_1_124' title='bbox 503 1425 698 1458; x_wconf 80' lang='lat' dir='ltr'>ordinaveris</span> <span class='ocrx_word' id='word_1_125' title='bbox 723 1425 882 1458; x_wconf 89' lang='lat' dir='ltr'>observari</span> <span class='ocrx_word' id='word_1_126' title='bbox 907 1425 1017 1466; x_wconf 85' lang='lat' dir='ltr'>facias,</span> 
     </span>
     <span class='ocr_line' id='line_1_29' title="bbox 280 1478 1019 1521; baseline -0.001 -10"><span class='ocrx_word' id='word_1_127' title='bbox 280 1478 494 1512; x_wconf 81' lang='lat' dir='ltr'>inobedientes</span> <span class='ocrx_word' id='word_1_128' title='bbox 527 1482 557 1512; x_wconf 87' lang='lat' dir='ltr'>et</span> <span class='ocrx_word' id='word_1_129' title='bbox 587 1478 833 1512; x_wconf 80' lang='lat' dir='ltr'>contradictores</span> <span class='ocrx_word' id='word_1_130' title='bbox 862 1478 1019 1521; x_wconf 77' lang='lat' dir='ltr'>quoslibet,</span> 
     </span>
     <span class='ocr_line' id='line_1_30' title="bbox 279 1531 1017 1575; baseline -0.001 -10"><span class='ocrx_word' id='word_1_131' title='bbox 279 1537 310 1565; x_wconf 85' lang='lat' dir='ltr'>et</span> <span class='ocrx_word' id='word_1_132' title='bbox 333 1531 466 1565; x_wconf 76' lang='lat' dir='ltr'>rebelles</span> <span class='ocrx_word' id='word_1_133' title='bbox 498 1542 554 1575; x_wconf 87' lang='lat' dir='ltr'>per</span> <span class='ocrx_word' id='word_1_134' title='bbox 578 1531 765 1571; x_wconf 84' lang='lat' dir='ltr'>sententias,</span> <span class='ocrx_word' id='word_1_135' title='bbox 791 1541 956 1572; x_wconf 81' lang='lat' dir='ltr'>censuras,</span> <span class='ocrx_word' id='word_1_136' title='bbox 989 1537 1017 1564; x_wconf 87' lang='lat' dir='ltr'>et</span> 
     </span>
     <span class='ocr_line' id='line_1_31' title="bbox 279 1584 1018 1628; baseline 0 -11"><span class='ocrx_word' id='word_1_137' title='bbox 279 1595 395 1628; x_wconf 87' lang='lat' dir='ltr'>poenas</span> <span class='ocrx_word' id='word_1_138' title='bbox 420 1584 663 1625; x_wconf 85' lang='lat' dir='ltr'>ecclesiasticas,</span> <span class='ocrx_word' id='word_1_139' title='bbox 689 1585 810 1628; x_wconf 83' lang='lat' dir='ltr'>aliaque</span> <span class='ocrx_word' id='word_1_140' title='bbox 839 1589 1018 1628; x_wconf 87' lang='lat' dir='ltr'>opportuna</span> 
     </span>
     <span class='ocr_line' id='line_1_32' title="bbox 280 1637 1018 1681; baseline -0.001 -11"><span class='ocrx_word' id='word_1_141' title='bbox 280 1637 356 1670; x_wconf 91' lang='lat' dir='ltr'>iuris</span> <span class='ocrx_word' id='word_1_142' title='bbox 381 1643 411 1670; x_wconf 89' lang='lat' dir='ltr'>et</span> <span class='ocrx_word' id='word_1_143' title='bbox 434 1637 506 1670; x_wconf 87' lang='lat' dir='ltr'>sacti</span> <span class='ocrx_word' id='word_1_144' title='bbox 531 1637 680 1678; x_wconf 90' lang='lat' dir='ltr'>remedia,</span> <span class='ocrx_word' id='word_1_145' title='bbox 706 1637 790 1670; x_wconf 88' lang='lat' dir='ltr'>omni</span> <span class='ocrx_word' id='word_1_146' title='bbox 816 1643 846 1670; x_wconf 87' lang='lat' dir='ltr'>et</span> <span class='ocrx_word' id='word_1_147' title='bbox 869 1648 1018 1681; x_wconf 87' lang='lat' dir='ltr'>quacum-</span> 
     </span>
     <span class='ocr_line' id='line_1_33' title="bbox 280 1690 1019 1734; baseline -0.001 -11"><span class='ocrx_word' id='word_1_148' title='bbox 280 1701 341 1734; x_wconf 92' lang='lat' dir='ltr'>que</span> <span class='ocrx_word' id='word_1_149' title='bbox 365 1690 574 1734; x_wconf 86' lang='lat' dir='ltr'>appellatione</span> <span class='ocrx_word' id='word_1_150' title='bbox 597 1690 785 1734; x_wconf 80' lang='lat' dir='ltr'>postposita,</span> <span class='ocrx_word' id='word_1_151' title='bbox 804 1701 838 1723; x_wconf 80' lang='lat' dir='ltr'>ac</span> <span class='ocrx_word' id='word_1_152' title='bbox 858 1690 1019 1733; x_wconf 82' lang='lat' dir='ltr'>quibusvis</span> 
     </span>
     <span class='ocr_line' id='line_1_34' title="bbox 280 1743 1020 1787; baseline 0.001 -11"><span class='ocrx_word' id='word_1_153' title='bbox 280 1744 493 1787; x_wconf 80' lang='lat' dir='ltr'>subterfugiis,</span> <span class='ocrx_word' id='word_1_154' title='bbox 518 1743 802 1783; x_wconf 85' lang='lat' dir='ltr'>reclamationibus,</span> <span class='ocrx_word' id='word_1_155' title='bbox 824 1744 1020 1787; x_wconf 85' lang='lat' dir='ltr'>protestatio-</span> 
     </span>
     <span class='ocr_line' id='line_1_35' title="bbox 280 1796 1020 1841; baseline -0.001 -11"><span class='ocrx_word' id='word_1_156' title='bbox 280 1797 381 1838; x_wconf 84' lang='lat' dir='ltr'>nibus,</span> <span class='ocrx_word' id='word_1_157' title='bbox 399 1802 491 1841; x_wconf 87' lang='lat' dir='ltr'>atque</span> <span class='ocrx_word' id='word_1_158' title='bbox 515 1796 696 1830; x_wconf 85' lang='lat' dir='ltr'>recursibus</span> <span class='ocrx_word' id='word_1_159' title='bbox 720 1807 851 1840; x_wconf 88' lang='lat' dir='ltr'>prorsus</span> <span class='ocrx_word' id='word_1_160' title='bbox 876 1797 1020 1830; x_wconf 82' lang='lat' dir='ltr'>cessanti-</span> 
     </span>
     <span class='ocr_line' id='line_1_36' title="bbox 280 1850 1018 1891; baseline 0 -7"><span class='ocrx_word' id='word_1_161' title='bbox 280 1852 340 1884; x_wconf 87' lang='lat' dir='ltr'>bus</span> <span class='ocrx_word' id='word_1_162' title='bbox 364 1856 394 1884; x_wconf 90' lang='lat' dir='ltr'>et</span> <span class='ocrx_word' id='word_1_163' title='bbox 417 1851 560 1891; x_wconf 85' lang='lat' dir='ltr'>remotis,</span> <span class='ocrx_word' id='word_1_164' title='bbox 586 1851 671 1883; x_wconf 82' lang='lat' dir='ltr'>iuxta</span> <span class='ocrx_word' id='word_1_165' title='bbox 696 1850 819 1883; x_wconf 84' lang='lat' dir='ltr'>concilii</span> <span class='ocrx_word' id='word_1_166' title='bbox 848 1850 1018 1885; x_wconf 86' lang='lat' dir='ltr'>Tridentini</span> 
     </span>
     <span class='ocr_line' id='line_1_37' title="bbox 281 1903 1017 1947; baseline 0 -11"><span class='ocrx_word' id='word_1_167' title='bbox 281 1903 416 1944; x_wconf 85' lang='lat' dir='ltr'>decreta,</span> <span class='ocrx_word' id='word_1_168' title='bbox 441 1913 634 1947; x_wconf 85' lang='lat' dir='ltr'>compescas,</span> <span class='ocrx_word' id='word_1_169' title='bbox 660 1913 754 1946; x_wconf 81' lang='lat' dir='ltr'>cogas</span> <span class='ocrx_word' id='word_1_170' title='bbox 778 1909 808 1935; x_wconf 84' lang='lat' dir='ltr'>et</span> <span class='ocrx_word' id='word_1_171' title='bbox 832 1904 1017 1947; x_wconf 88' lang='lat' dir='ltr'>compellas:</span> 
     </span>
     <span class='ocr_line' id='line_1_38' title="bbox 280 1957 1018 2001; baseline 0.001 -11"><span class='ocrx_word' id='word_1_172' title='bbox 280 1968 338 1991; x_wconf 88' lang='lat' dir='ltr'>nos</span> <span class='ocrx_word' id='word_1_173' title='bbox 362 1957 445 1990; x_wconf 85' lang='lat' dir='ltr'>enim</span> <span class='ocrx_word' id='word_1_174' title='bbox 470 1957 526 1990; x_wconf 89' lang='lat' dir='ltr'>tibi</span> <span class='ocrx_word' id='word_1_175' title='bbox 552 1957 723 2001; x_wconf 86' lang='lat' dir='ltr'>praemissa</span> <span class='ocrx_word' id='word_1_176' title='bbox 748 1963 777 1990; x_wconf 88' lang='lat' dir='ltr'>et</span> <span class='ocrx_word' id='word_1_177' title='bbox 802 1968 1018 2001; x_wconf 84' lang='lat' dir='ltr'>quaecumque</span> 
     </span>
     <span class='ocr_line' id='line_1_39' title="bbox 281 2010 1019 2044; baseline 0.001 -2"><span class='ocrx_word' id='word_1_178' title='bbox 281 2010 340 2042; x_wconf 88' lang='lat' dir='ltr'>alia</span> <span class='ocrx_word' id='word_1_179' title='bbox 364 2010 448 2043; x_wconf 86' lang='lat' dir='ltr'>circa</span> <span class='ocrx_word' id='word_1_180' title='bbox 471 2010 679 2044; x_wconf 84' lang='lat' dir='ltr'>visitationem</span> <span class='ocrx_word' id='word_1_181' title='bbox 712 2010 891 2044; x_wconf 87' lang='lat' dir='ltr'>huiusmodi</span> <span class='ocrx_word' id='word_1_182' title='bbox 916 2021 1019 2044; x_wconf 84' lang='lat' dir='ltr'>neces-</span> 
     </span>
     <span class='ocr_line' id='line_1_40' title="bbox 281 2063 1018 2107; baseline 0.003 -13"><span class='ocrx_word' id='word_1_183' title='bbox 281 2063 363 2095; x_wconf 86' lang='lat' dir='ltr'>saria</span> <span class='ocrx_word' id='word_1_184' title='bbox 385 2068 414 2095; x_wconf 91' lang='lat' dir='ltr'>et</span> <span class='ocrx_word' id='word_1_185' title='bbox 430 2063 665 2106; x_wconf 87' lang='lat' dir='ltr'>quomodolibet</span> <span class='ocrx_word' id='word_1_186' title='bbox 680 2068 859 2107; x_wconf 87' lang='lat' dir='ltr'>opportuna</span> <span class='ocrx_word' id='word_1_187' title='bbox 875 2064 1018 2105; x_wconf 86' lang='lat' dir='ltr'>faciendi,</span> 
     </span>
     <span class='ocr_line' id='line_1_41' title="bbox 281 2114 1019 2161; baseline 0.005 -14"><span class='ocrx_word' id='word_1_188' title='bbox 281 2114 416 2155; x_wconf 89' lang='lat' dir='ltr'>dicendi,</span> <span class='ocrx_word' id='word_1_189' title='bbox 441 2115 570 2158; x_wconf 79' lang='lat' dir='ltr'>gerendi</span> <span class='ocrx_word' id='word_1_190' title='bbox 587 2121 615 2148; x_wconf 89' lang='lat' dir='ltr'>et</span> <span class='ocrx_word' id='word_1_191' title='bbox 632 2116 816 2161; x_wconf 87' lang='lat' dir='ltr'>exequendi,</span> <span class='ocrx_word' id='word_1_192' title='bbox 836 2117 1019 2151; x_wconf 86' lang='lat' dir='ltr'>auctoritate</span> 
     </span>
     <span class='ocr_line' id='line_1_42' title="bbox 282 2167 1020 2212; baseline 0.004 -13"><span class='ocrx_word' id='word_1_193' title='bbox 282 2167 453 2211; x_wconf 80' lang='lat' dir='ltr'>praedicta,</span> <span class='ocrx_word' id='word_1_194' title='bbox 479 2172 585 2202; x_wconf 85' lang='lat' dir='ltr'>tenore</span> <span class='ocrx_word' id='word_1_195' title='bbox 610 2169 832 2212; x_wconf 84' lang='lat' dir='ltr'>praesentium,</span> <span class='ocrx_word' id='word_1_196' title='bbox 849 2170 973 2212; x_wconf 88' lang='lat' dir='ltr'>plenam</span> <span class='ocrx_word' id='word_1_197' title='bbox 990 2175 1020 2202; x_wconf 86' lang='lat' dir='ltr'>ct</span> 
     </span>
     <span class='ocr_line' id='line_1_43' title="bbox 282 2221 1021 2257; baseline 0.005 -5"><span class='ocrx_word' id='word_1_198' title='bbox 282 2221 458 2254; x_wconf 82' lang='lat' dir='ltr'>absolutam</span> <span class='ocrx_word' id='word_1_199' title='bbox 475 2222 655 2254; x_wconf 83' lang='lat' dir='ltr'>facultatem</span> <span class='ocrx_word' id='word_1_200' title='bbox 672 2227 702 2254; x_wconf 89' lang='lat' dir='ltr'>et</span> <span class='ocrx_word' id='word_1_201' title='bbox 717 2223 933 2256; x_wconf 86' lang='lat' dir='ltr'>auctoritatem</span> <span class='ocrx_word' id='word_1_202' title='bbox 951 2234 1021 2257; x_wconf 88' lang='lat' dir='ltr'>con-</span> 
     </span>
     <span class='ocr_line' id='line_1_44' title="bbox 283 2273 710 2318; baseline 0 -12"><span class='ocrx_word' id='word_1_203' title='bbox 283 2273 423 2306; x_wconf 88' lang='lat' dir='ltr'>cedimus</span> <span class='ocrx_word' id='word_1_204' title='bbox 447 2279 477 2307; x_wconf 88' lang='lat' dir='ltr'>et</span> <span class='ocrx_word' id='word_1_205' title='bbox 501 2274 710 2318; x_wconf 86' lang='lat' dir='ltr'>impertimur.</span> 
     </span>
    </p>

    <p class='ocr_par' dir='ltr' id='par_1_6' title="bbox 282 2326 1022 2741">
     <span class='ocr_line' id='line_1_45' title="bbox 327 2326 1022 2371; baseline 0.004 -11"><span class='ocrx_word' id='word_1_206' title='bbox 327 2328 342 2371; x_wconf 61' lang='grc' dir='ltr'>ξ</span> <span class='ocrx_word' id='word_1_207' title='bbox 366 2326 395 2360; x_wconf 77' lang='lat'>3.</span> <span class='ocrx_word' id='word_1_208' title='bbox 421 2328 452 2361; x_wconf 87' lang='lat' dir='ltr'>Si</span> <span class='ocrx_word' id='word_1_209' title='bbox 477 2338 556 2371; x_wconf 84' lang='lat' dir='ltr'>quae</span> <span class='ocrx_word' id='word_1_210' title='bbox 574 2332 677 2362; x_wconf 88' lang='lat' dir='ltr'>autem</span> <span class='ocrx_word' id='word_1_211' title='bbox 702 2329 847 2371; x_wconf 80' lang='lat' dir='ltr'>graviora</span> <span class='ocrx_word' id='word_1_212' title='bbox 865 2329 895 2362; x_wconf 90' lang='lat' dir='ltr'>in</span> <span class='ocrx_word' id='word_1_213' title='bbox 916 2330 1022 2363; x_wconf 83' lang='lat' dir='ltr'>liuius-</span> 
     </span>
     <span class='ocr_line' id='line_1_46' title="bbox 283 2380 1021 2425; baseline 0.003 -12"><span class='ocrx_word' id='word_1_214' title='bbox 283 2380 367 2413; x_wconf 87' lang='lat' dir='ltr'>modi</span> <span class='ocrx_word' id='word_1_215' title='bbox 393 2381 567 2415; x_wconf 85' lang='lat' dir='ltr'>visitatione</span> <span class='ocrx_word' id='word_1_216' title='bbox 600 2382 775 2425; x_wconf 84' lang='lat' dir='ltr'>repereris,</span> <span class='ocrx_word' id='word_1_217' title='bbox 802 2383 962 2423; x_wconf 87' lang='lat' dir='ltr'>volumus,</span> <span class='ocrx_word' id='word_1_218' title='bbox 988 2388 1021 2416; x_wconf 88' lang='lat' dir='ltr'>ut</span> 
     </span>
     <span class='ocr_line' id='line_1_47' title="bbox 282 2434 1022 2473; baseline 0.005 -8"><span class='ocrx_word' id='word_1_219' title='bbox 282 2444 327 2473; x_wconf 87' lang='lat' dir='ltr'>ea,</span> <span class='ocrx_word' id='word_1_220' title='bbox 352 2444 409 2466; x_wconf 87' lang='lat' dir='ltr'>nee</span> <span class='ocrx_word' id='word_1_221' title='bbox 433 2444 495 2467; x_wconf 91' lang='lat' dir='ltr'>non</span> <span class='ocrx_word' id='word_1_222' title='bbox 519 2434 755 2468; x_wconf 79' lang='lat' dir='ltr'>informationes</span> <span class='ocrx_word' id='word_1_223' title='bbox 779 2446 888 2468; x_wconf 82' lang='lat' dir='ltr'>omncs</span> <span class='ocrx_word' id='word_1_224' title='bbox 913 2436 943 2468; x_wconf 88' lang='lat' dir='ltr'>in</span> <span class='ocrx_word' id='word_1_225' title='bbox 966 2437 1022 2469; x_wconf 86' lang='lat' dir='ltr'>liu-</span> 
     </span>
     <span class='ocr_line' id='line_1_48' title="bbox 282 2486 1020 2530; baseline 0.004 -12"><span class='ocrx_word' id='word_1_226' title='bbox 282 2486 416 2519; x_wconf 88' lang='lat' dir='ltr'>iusmodi</span> <span class='ocrx_word' id='word_1_227' title='bbox 442 2487 614 2522; x_wconf 84' lang='lat' dir='ltr'>visitatione</span> <span class='ocrx_word' id='word_1_228' title='bbox 639 2489 815 2530; x_wconf 83' lang='lat' dir='ltr'>sumendas,</span> <span class='ocrx_word' id='word_1_229' title='bbox 833 2490 890 2522; x_wconf 91' lang='lat' dir='ltr'>sub</span> <span class='ocrx_word' id='word_1_230' title='bbox 911 2493 963 2522; x_wconf 91' lang='lat' dir='ltr'>tuo</span> <span class='ocrx_word' id='word_1_231' title='bbox 981 2490 1020 2521; x_wconf 79' lang='lat' dir='ltr'>si-</span> 
     </span>
     <span class='ocr_line' id='line_1_49' title="bbox 282 2539 1021 2586; baseline 0.005 -15"><span class='ocrx_word' id='word_1_232' title='bbox 282 2539 358 2582; x_wconf 74' lang='lat' dir='ltr'>gillo</span> <span class='ocrx_word' id='word_1_233' title='bbox 382 2540 519 2581; x_wconf 81' lang='lat' dir='ltr'>clausas,</span> <span class='ocrx_word' id='word_1_234' title='bbox 545 2542 583 2575; x_wconf 88' lang='lat' dir='ltr'>ad</span> <span class='ocrx_word' id='word_1_235' title='bbox 607 2553 664 2575; x_wconf 88' lang='lat' dir='ltr'>nos</span> <span class='ocrx_word' id='word_1_236' title='bbox 694 2543 926 2586; x_wconf 85' lang='lat' dir='ltr'>quamprimum</span> <span class='ocrx_word' id='word_1_237' title='bbox 951 2543 1021 2575; x_wconf 90' lang='lat' dir='ltr'>dili-</span> 
     </span>
     <span class='ocr_line' id='line_1_50' title="bbox 282 2595 1020 2639; baseline 0.003 -14"><span class='ocrx_word' id='word_1_238' title='bbox 282 2596 392 2636; x_wconf 83' lang='lat' dir='ltr'>genter</span> <span class='ocrx_word' id='word_1_239' title='bbox 416 2595 626 2636; x_wconf 86' lang='lat' dir='ltr'>transmittas,</span> <span class='ocrx_word' id='word_1_240' title='bbox 653 2600 682 2629; x_wconf 96' lang='lat' dir='ltr'>ut</span> <span class='ocrx_word' id='word_1_241' title='bbox 710 2595 759 2635; x_wconf 90' lang='lat' dir='ltr'>id,</span> <span class='ocrx_word' id='word_1_242' title='bbox 785 2596 869 2639; x_wconf 83' lang='lat' dir='ltr'>quod</span> <span class='ocrx_word' id='word_1_243' title='bbox 899 2596 928 2628; x_wconf 91' lang='lat' dir='ltr'>in</span> <span class='ocrx_word' id='word_1_244' title='bbox 960 2595 1020 2627; x_wconf 81' lang='lat' dir='ltr'>iltis</span> 
     </span>
     <span class='ocr_line' id='line_1_51' title="bbox 283 2646 1020 2685; baseline 0.007 -9"><span class='ocrx_word' id='word_1_245' title='bbox 283 2646 478 2679; x_wconf 81' lang='lat' dir='ltr'>statuendum</span> <span class='ocrx_word' id='word_1_246' title='bbox 504 2647 553 2685; x_wconf 86' lang='lat' dir='ltr'>sit,</span> <span class='ocrx_word' id='word_1_247' title='bbox 572 2651 694 2681; x_wconf 78' lang='lat' dir='ltr'>matura</span> <span class='ocrx_word' id='word_1_248' title='bbox 720 2650 946 2683; x_wconf 86' lang='lat' dir='ltr'>consultatione</span> <span class='ocrx_word' id='word_1_249' title='bbox 967 2649 1020 2682; x_wconf 88' lang='lat' dir='ltr'>ad-</span> 
     </span>
     <span class='ocr_line' id='line_1_52' title="bbox 283 2697 626 2741; baseline 0.012 -10"><span class='ocrx_word' id='word_1_250' title='bbox 283 2697 393 2741; x_wconf 78' lang='lat' dir='ltr'>bibita,</span> <span class='ocrx_word' id='word_1_251' title='bbox 410 2698 626 2736; x_wconf 86' lang='lat' dir='ltr'>decernamus.</span> 
     </span>
    </p>
   </div>
   <div class='ocr_carea' id='block_1_6' title="bbox 1031 437 1039 2070">
    <p class='ocr_par' dir='ltr' id='par_1_7' title="bbox 1031 437 1039 2070">
     <span class='ocr_line' id='line_1_53' title="bbox 1031 437 1039 2070; baseline 0 0"><span class='ocrx_word' id='word_1_252' title='bbox 1031 437 1039 2070; x_wconf 95' lang='lat' dir='ltr'> </span> 
     </span>
    </p>
   </div>
   <div class='ocr_carea' id='block_1_7' title="bbox 1034 1712 1042 2725">
    <p class='ocr_par' dir='ltr' id='par_1_8' title="bbox 1034 1712 1042 2725">
     <span class='ocr_line' id='line_1_54' title="bbox 1034 1712 1042 2725; baseline 0 0"><span class='ocrx_word' id='word_1_253' title='bbox 1034 1712 1042 2725; x_wconf 95' lang='lat' dir='ltr'> </span> 
     </span>
    </p>
   </div>
   <div class='ocr_carea' id='block_1_8' title="bbox 1687 302 1978 335">
    <p class='ocr_par' dir='ltr' id='par_1_9' title="bbox 1687 302 1978 335">
     <span class='ocr_line' id='line_1_55' title="bbox 1687 302 1978 335; baseline 0.007 -2"><span class='ocrx_word' id='word_1_254' title='bbox 1687 302 1748 333; x_wconf 58' lang='lat'>2³7¹.)</span> <span class='ocrx_word' id='word_1_255' title='bbox 1797 310 1844 335; x_wconf 64' lang='lat' dir='ltr'>An.</span> <span class='ocrx_word' id='word_1_256' title='bbox 1862 310 1889 335; x_wconf 84' lang='lat' dir='ltr'>c.</span> <span class='ocrx_word' id='word_1_257' title='bbox 1914 310 1978 335; x_wconf 72' lang='lat' dir='ltr'>tint</span> 
     </span>
    </p>
   </div>
   <div class='ocr_carea' id='block_1_9' title="bbox 1046 358 1987 2746">
    <p class='ocr_par' dir='ltr' id='par_1_10' title="bbox 1046 358 1981 509">
     <span class='ocr_line' id='line_1_56' title="bbox 1090 358 1979 405; baseline -0.008 -10"><span class='ocrx_word' id='word_1_258' title='bbox 1090 366 1104 404; x_wconf 59' lang='grc' dir='ltr'><strong>ξ</strong></span> <span class='ocrx_word' id='word_1_259' title='bbox 1129 363 1157 395; x_wconf 68' lang='lat' dir='ltr'>l.</span> <span class='ocrx_word' id='word_1_260' title='bbox 1185 363 1360 395; x_wconf 79' lang='lat' dir='ltr'>Mandantes</span> <span class='ocrx_word' id='word_1_261' title='bbox 1394 365 1556 405; x_wconf 78' lang='lat' dir='ltr'>propterea</span> <span class='ocrx_word' id='word_1_262' title='bbox 1583 358 1729 391; x_wconf 74' lang='lat' dir='ltr'>omnibus</span> <span class='ocrx_word' id='word_1_263' title='bbox 1753 363 1779 389; x_wconf 83' lang='lat' dir='ltr'>et</span> <span class='ocrx_word' id='word_1_264' title='bbox 1813 369 1979 399; x_wconf 24' lang='lat' dir='ltr'>&#39;‘oi-tima...</span> 
     </span>
     <span class='ocr_line' id='line_1_57' title="bbox 1046 398 1981 458; baseline -0.006 -9"><span class='ocrx_word' id='word_1_265' title='bbox 1046 416 1176 458; x_wconf 77' lang='lat' dir='ltr'>singulis</span> <span class='ocrx_word' id='word_1_266' title='bbox 1200 415 1401 447; x_wconf 82' lang='lat' dir='ltr'>ecclesiarum</span> <span class='ocrx_word' id='word_1_267' title='bbox 1428 418 1456 446; x_wconf 80' lang='lat' dir='ltr'>et</span> <span class='ocrx_word' id='word_1_268' title='bbox 1473 411 1734 446; x_wconf 78' lang='lat' dir='ltr'>monasteriorum</span> <span class='ocrx_word' id='word_1_269' title='bbox 1753 415 1783 442; x_wconf 79' lang='lat' dir='ltr'>et</span> <span class='ocrx_word' id='word_1_270' title='bbox 1798 398 1902 443; x_wconf 56' lang='lat'>3333337&#39;¹</span> <span class='ocrx_word' id='word_1_271' title='bbox 1916 401 1981 421; x_wconf 29' lang='lat'>¹⁸⁸⁴*-</span> 
     </span>
     <span class='ocr_line' id='line_1_58' title="bbox 1047 463 1784 509; baseline -0.009 -8"><span class='ocrx_word' id='word_1_272' title='bbox 1047 470 1188 501; x_wconf 88' lang='lat' dir='ltr'>locorum</span> <span class='ocrx_word' id='word_1_273' title='bbox 1221 467 1413 509; x_wconf 78' lang='lat' dir='ltr'>regularium</span> <span class='ocrx_word' id='word_1_274' title='bbox 1440 464 1617 498; x_wconf 78' lang='lat' dir='ltr'>huiusmodi</span> <span class='ocrx_word' id='word_1_275' title='bbox 1645 463 1784 507; x_wconf 81' lang='lat' dir='ltr'>superio-</span> 
     </span>
    </p>

    <p class='ocr_par' dir='ltr' id='par_1_11' title="bbox 1048 515 1783 564">
     <span class='ocr_line' id='line_1_59' title="bbox 1048 515 1783 564; baseline -0.007 -12"><span class='ocrx_word' id='word_1_276' title='bbox 1048 521 1143 560; x_wconf 87' lang='lat' dir='ltr'>ribus,</span> <span class='ocrx_word' id='word_1_277' title='bbox 1169 531 1368 564; x_wconf 82' lang='lat' dir='ltr'>quocumque</span> <span class='ocrx_word' id='word_1_278' title='bbox 1394 519 1518 552; x_wconf 80' lang='lat' dir='ltr'>nomine</span> <span class='ocrx_word' id='word_1_279' title='bbox 1544 515 1741 560; x_wconf 77' lang='lat' dir='ltr'>nuncupatis,</span> <span class='ocrx_word' id='word_1_280' title='bbox 1755 520 1783 548; x_wconf 89' lang='lat' dir='ltr'>et</span> 
     </span>
    </p>

    <p class='ocr_par' dir='ltr' id='par_1_12' title="bbox 1046 568 1784 618">
     <span class='ocr_line' id='line_1_60' title="bbox 1046 568 1784 618; baseline -0.008 -13"><span class='ocrx_word' id='word_1_281' title='bbox 1046 574 1189 618; x_wconf 77' lang='lat' dir='ltr'>personis</span> <span class='ocrx_word' id='word_1_282' title='bbox 1219 573 1491 616; x_wconf 63' lang='lat' dir='ltr'>‹militis-cumque,</span> <span class='ocrx_word' id='word_1_283' title='bbox 1523 570 1718 613; x_wconf 74' lang='lat' dir='ltr'>ceterisque,</span> <span class='ocrx_word' id='word_1_284' title='bbox 1747 568 1784 600; x_wconf 89' lang='lat' dir='ltr'>ad</span> 
     </span>
    </p>

    <p class='ocr_par' dir='ltr' id='par_1_13' title="bbox 1047 622 1785 670">
     <span class='ocr_line' id='line_1_61' title="bbox 1047 622 1785 670; baseline -0.008 -11"><span class='ocrx_word' id='word_1_285' title='bbox 1047 638 1125 670; x_wconf 82' lang='lat' dir='ltr'>quos</span> <span class='ocrx_word' id='word_1_286' title='bbox 1139 630 1267 669; x_wconf 85' lang='lat' dir='ltr'>spectat,</span> <span class='ocrx_word' id='word_1_287' title='bbox 1282 630 1313 659; x_wconf 93' lang='lat' dir='ltr'>ut</span> <span class='ocrx_word' id='word_1_288' title='bbox 1326 625 1379 657; x_wconf 88' lang='lat' dir='ltr'>tibi</span> <span class='ocrx_word' id='word_1_289' title='bbox 1398 625 1427 657; x_wconf 92' lang='lat' dir='ltr'>in</span> <span class='ocrx_word' id='word_1_290' title='bbox 1446 623 1626 668; x_wconf 74' lang='lat' dir='ltr'>praemissis</span> <span class='ocrx_word' id='word_1_291' title='bbox 1639 622 1785 655; x_wconf 87' lang='lat' dir='ltr'>omnibus</span> 
     </span>
    </p>

    <p class='ocr_par' dir='ltr' id='par_1_14' title="bbox 1048 674 1784 722">
     <span class='ocr_line' id='line_1_62' title="bbox 1048 674 1784 722; baseline -0.008 -10"><span class='ocrx_word' id='word_1_292' title='bbox 1048 683 1077 713; x_wconf 89' lang='lat' dir='ltr'>et</span> <span class='ocrx_word' id='word_1_293' title='bbox 1094 679 1225 722; x_wconf 83' lang='lat' dir='ltr'>singulis</span> <span class='ocrx_word' id='word_1_294' title='bbox 1249 683 1395 722; x_wconf 79' lang='lat' dir='ltr'>prompte</span> <span class='ocrx_word' id='word_1_295' title='bbox 1421 682 1547 720; x_wconf 85' lang='lat' dir='ltr'>pareant</span> <span class='ocrx_word' id='word_1_296' title='bbox 1574 681 1602 707; x_wconf 80' lang='lat' dir='ltr'>ct</span> <span class='ocrx_word' id='word_1_297' title='bbox 1628 674 1784 714; x_wconf 86' lang='lat' dir='ltr'>obediant,</span> 
     </span>
    </p>

    <p class='ocr_par' dir='ltr' id='par_1_15' title="bbox 1049 727 1787 776">
     <span class='ocr_line' id='line_1_63' title="bbox 1049 727 1787 776; baseline -0.008 -11"><span class='ocrx_word' id='word_1_298' title='bbox 1049 738 1163 776; x_wconf 86' lang='lat' dir='ltr'>tuaque</span> <span class='ocrx_word' id='word_1_299' title='bbox 1188 731 1327 764; x_wconf 86' lang='lat' dir='ltr'>salubria</span> <span class='ocrx_word' id='word_1_300' title='bbox 1351 731 1469 763; x_wconf 88' lang='lat' dir='ltr'>monita</span> <span class='ocrx_word' id='word_1_301' title='bbox 1487 735 1513 762; x_wconf 81' lang='lat' dir='ltr'>et</span> <span class='ocrx_word' id='word_1_302' title='bbox 1533 728 1677 762; x_wconf 85' lang='lat' dir='ltr'>mandata</span> <span class='ocrx_word' id='word_1_303' title='bbox 1693 727 1787 760; x_wconf 84' lang='lat' dir='ltr'>susei-</span> 
     </span>
    </p>

    <p class='ocr_par' dir='ltr' id='par_1_16' title="bbox 1048 782 1787 883">
     <span class='ocr_line' id='line_1_64' title="bbox 1048 782 1786 830; baseline -0.005 -13"><span class='ocrx_word' id='word_1_304' title='bbox 1048 786 1134 830; x_wconf 88' lang='lat' dir='ltr'>piant</span> <span class='ocrx_word' id='word_1_305' title='bbox 1158 785 1317 818; x_wconf 84' lang='lat' dir='ltr'>humiliter</span> <span class='ocrx_word' id='word_1_306' title='bbox 1351 790 1377 816; x_wconf 83' lang='lat' dir='ltr'>et</span> <span class='ocrx_word' id='word_1_307' title='bbox 1415 783 1583 816; x_wconf 73' lang='lat' dir='ltr'>etticaciter</span> <span class='ocrx_word' id='word_1_308' title='bbox 1614 782 1786 824; x_wconf 87' lang='lat' dir='ltr'>adimplere</span> 
     </span>
     <span class='ocr_line' id='line_1_65' title="bbox 1051 835 1787 883; baseline -0.004 -14"><span class='ocrx_word' id='word_1_309' title='bbox 1051 843 1232 883; x_wconf 84' lang='lat' dir='ltr'>procurent,</span> <span class='ocrx_word' id='word_1_310' title='bbox 1258 838 1395 880; x_wconf 88' lang='lat' dir='ltr'>alioquin</span> <span class='ocrx_word' id='word_1_311' title='bbox 1421 836 1617 875; x_wconf 81' lang='lat' dir='ltr'>sententiani,</span> <span class='ocrx_word' id='word_1_312' title='bbox 1635 835 1697 866; x_wconf 84' lang='lat' dir='ltr'>sive</span> <span class='ocrx_word' id='word_1_313' title='bbox 1717 845 1787 878; x_wconf 90' lang='lat' dir='ltr'>poe-</span> 
     </span>
    </p>

    <p class='ocr_par' dir='ltr' id='par_1_17' title="bbox 1051 887 1787 934">
     <span class='ocr_line' id='line_1_66' title="bbox 1051 887 1787 934; baseline -0.007 -11"><span class='ocrx_word' id='word_1_314' title='bbox 1051 902 1132 931; x_wconf 87' lang='lat' dir='ltr'>nam,</span> <span class='ocrx_word' id='word_1_315' title='bbox 1156 902 1250 934; x_wconf 89' lang='lat' dir='ltr'>quam</span> <span class='ocrx_word' id='word_1_316' title='bbox 1276 891 1333 924; x_wconf 88' lang='lat' dir='ltr'>rite</span> <span class='ocrx_word' id='word_1_317' title='bbox 1359 890 1484 926; x_wconf 85' lang='lat' dir='ltr'>tuleris,</span> <span class='ocrx_word' id='word_1_318' title='bbox 1510 900 1563 921; x_wconf 84' lang='lat' dir='ltr'>seu</span> <span class='ocrx_word' id='word_1_319' title='bbox 1588 887 1732 921; x_wconf 83' lang='lat' dir='ltr'>statueris</span> <span class='ocrx_word' id='word_1_320' title='bbox 1757 887 1787 918; x_wconf 89' lang='lat' dir='ltr'>in</span> 
     </span>
    </p>

    <p class='ocr_par' dir='ltr' id='par_1_18' title="bbox 1050 940 1786 984">
     <span class='ocr_line' id='line_1_67' title="bbox 1050 940 1786 984; baseline -0.008 -8"><span class='ocrx_word' id='word_1_321' title='bbox 1050 944 1201 984; x_wconf 83' lang='lat' dir='ltr'>rebelles,</span> <span class='ocrx_word' id='word_1_322' title='bbox 1228 948 1328 975; x_wconf 86' lang='lat' dir='ltr'>ratam</span> <span class='ocrx_word' id='word_1_323' title='bbox 1352 941 1549 979; x_wconf 83' lang='lat' dir='ltr'>babebimus,</span> <span class='ocrx_word' id='word_1_324' title='bbox 1575 946 1603 973; x_wconf 92' lang='lat' dir='ltr'>et</span> <span class='ocrx_word' id='word_1_325' title='bbox 1629 940 1786 979; x_wconf 81' lang='lat' dir='ltr'>faciemus,</span> 
     </span>
    </p>

    <p class='ocr_par' dir='ltr' id='par_1_19' title="bbox 1050 993 1787 1093">
     <span class='ocr_line' id='line_1_68' title="bbox 1050 993 1787 1038; baseline -0.005 -9"><span class='ocrx_word' id='word_1_326' title='bbox 1050 1002 1177 1031; x_wconf 82' lang='lat' dir='ltr'>auctore</span> <span class='ocrx_word' id='word_1_327' title='bbox 1202 997 1346 1036; x_wconf 89' lang='lat' dir='ltr'>Domino,</span> <span class='ocrx_word' id='word_1_328' title='bbox 1363 1007 1464 1038; x_wconf 85' lang='lat' dir='ltr'>usquc</span> <span class='ocrx_word' id='word_1_329' title='bbox 1481 995 1518 1027; x_wconf 89' lang='lat' dir='ltr'>ad</span> <span class='ocrx_word' id='word_1_330' title='bbox 1544 993 1787 1028; x_wconf 80' lang='lat' dir='ltr'>satistactionem</span> 
     </span>
     <span class='ocr_line' id='line_1_69' title="bbox 1050 1047 1668 1093; baseline -0.005 -11"><span class='ocrx_word' id='word_1_331' title='bbox 1050 1050 1238 1093; x_wconf 87' lang='lat' dir='ltr'>condignam</span> <span class='ocrx_word' id='word_1_332' title='bbox 1260 1049 1479 1082; x_wconf 81' lang='lat' dir='ltr'>inviolabiliter</span> <span class='ocrx_word' id='word_1_333' title='bbox 1497 1047 1668 1081; x_wconf 86' lang='lat' dir='ltr'>observari.</span> 
     </span>
    </p>

    <p class='ocr_par' dir='ltr' id='par_1_20' title="bbox 1050 1099 1987 2746">
     <span class='ocr_line' id='line_1_70' title="bbox 1094 1099 1986 1147; baseline -0.007 -11"><span class='ocrx_word' id='word_1_334' title='bbox 1094 1106 1108 1147; x_wconf 60' lang='lat' dir='ltr'>g</span> <span class='ocrx_word' id='word_1_335' title='bbox 1133 1103 1161 1136; x_wconf 82' lang='lat'>5.</span> <span class='ocrx_word' id='word_1_336' title='bbox 1187 1104 1327 1147; x_wconf 86' lang='lat' dir='ltr'>Insuper,</span> <span class='ocrx_word' id='word_1_337' title='bbox 1345 1107 1377 1135; x_wconf 86' lang='lat' dir='ltr'>ut</span> <span class='ocrx_word' id='word_1_338' title='bbox 1396 1101 1524 1134; x_wconf 86' lang='lat' dir='ltr'>uberior</span> <span class='ocrx_word' id='word_1_339' title='bbox 1544 1100 1650 1134; x_wconf 85' lang='lat' dir='ltr'>salutis</span> <span class='ocrx_word' id='word_1_340' title='bbox 1674 1099 1789 1132; x_wconf 84' lang='lat' dir='ltr'>anima·</span> <span class='ocrx_word' id='word_1_341' title='bbox 1843 1112 1901 1132; x_wconf 58' lang='lat' dir='ltr'>anae</span> <span class='ocrx_word' id='word_1_342' title='bbox 1924 1110 1986 1139; x_wconf 74' lang='lat' dir='ltr'>facui-</span> 
     </span>
     <span class='ocr_line' id='line_1_71' title="bbox 1050 1136 1987 1200; baseline -0.006 -11"><span class='ocrx_word' id='word_1_343' title='bbox 1050 1167 1120 1189; x_wconf 91' lang='lat' dir='ltr'>rum</span> <span class='ocrx_word' id='word_1_344' title='bbox 1144 1157 1264 1189; x_wconf 83' lang='lat' dir='ltr'>fructus</span> <span class='ocrx_word' id='word_1_345' title='bbox 1288 1155 1461 1200; x_wconf 86' lang='lat' dir='ltr'>proveniat,</span> <span class='ocrx_word' id='word_1_346' title='bbox 1487 1154 1553 1191; x_wconf 80' lang='lat' dir='ltr'>tibi,</span> <span class='ocrx_word' id='word_1_347' title='bbox 1578 1159 1607 1186; x_wconf 89' lang='lat' dir='ltr'>ut</span> <span class='ocrx_word' id='word_1_348' title='bbox 1626 1136 1987 1197; x_wconf 44' lang='lat' dir='ltr'>quascum-iiiiredelnmwh&#39;</span> 
     </span>
     <span class='ocr_line' id='line_1_72' title="bbox 1050 1206 1790 1254; baseline -0.005 -12"><span class='ocrx_word' id='word_1_349' title='bbox 1050 1220 1110 1253; x_wconf 88' lang='lat' dir='ltr'>que</span> <span class='ocrx_word' id='word_1_350' title='bbox 1128 1219 1279 1254; x_wconf 85' lang='lat' dir='ltr'>personas</span> <span class='ocrx_word' id='word_1_351' title='bbox 1296 1209 1429 1241; x_wconf 77' lang='lat' dir='ltr'>civitatis</span> <span class='ocrx_word' id='word_1_352' title='bbox 1446 1213 1475 1241; x_wconf 86' lang='lat' dir='ltr'>ct</span> <span class='ocrx_word' id='word_1_353' title='bbox 1499 1207 1651 1240; x_wconf 84' lang='lat' dir='ltr'>dioecesis</span> <span class='ocrx_word' id='word_1_354' title='bbox 1668 1206 1790 1250; x_wconf 86' lang='lat' dir='ltr'>praedi-</span> 
     </span>
     <span class='ocr_line' id='line_1_73' title="bbox 1051 1260 1789 1307; baseline -0.005 -12"><span class='ocrx_word' id='word_1_355' title='bbox 1051 1268 1183 1303; x_wconf 82' lang='lat' dir='ltr'>ctarum,</span> <span class='ocrx_word' id='word_1_356' title='bbox 1200 1273 1355 1307; x_wconf 82' lang='lat' dir='ltr'>pauperes</span> <span class='ocrx_word' id='word_1_357' title='bbox 1372 1262 1531 1294; x_wconf 83' lang='lat' dir='ltr'>dumtaxat</span> <span class='ocrx_word' id='word_1_358' title='bbox 1557 1265 1587 1293; x_wconf 87' lang='lat' dir='ltr'>et</span> <span class='ocrx_word' id='word_1_359' title='bbox 1611 1260 1789 1299; x_wconf 83' lang='lat' dir='ltr'>catholicas,</span> 
     </span>
     <span class='ocr_line' id='line_1_74' title="bbox 1052 1314 1790 1360; baseline -0.007 -11"><span class='ocrx_word' id='word_1_360' title='bbox 1052 1328 1131 1360; x_wconf 88' lang='lat' dir='ltr'>quae</span> <span class='ocrx_word' id='word_1_361' title='bbox 1156 1316 1294 1360; x_wconf 87' lang='lat' dir='ltr'>propriis</span> <span class='ocrx_word' id='word_1_362' title='bbox 1319 1315 1461 1348; x_wconf 87' lang='lat' dir='ltr'>manibus</span> <span class='ocrx_word' id='word_1_363' title='bbox 1487 1314 1602 1348; x_wconf 87' lang='lat' dir='ltr'>victum</span> <span class='ocrx_word' id='word_1_364' title='bbox 1626 1318 1790 1357; x_wconf 88' lang='lat' dir='ltr'>quaerunt,</span> 
     </span>
     <span class='ocr_line' id='line_1_75' title="bbox 1051 1367 1791 1415; baseline -0.007 -12"><span class='ocrx_word' id='word_1_365' title='bbox 1051 1382 1130 1415; x_wconf 85' lang='lat' dir='ltr'>quae</span> <span class='ocrx_word' id='word_1_366' title='bbox 1156 1371 1246 1403; x_wconf 90' lang='lat' dir='ltr'>tertio</span> <span class='ocrx_word' id='word_1_367' title='bbox 1267 1375 1295 1402; x_wconf 79' lang='lat' dir='ltr'>et</span> <span class='ocrx_word' id='word_1_368' title='bbox 1316 1375 1427 1413; x_wconf 86' lang='lat' dir='ltr'>quarto</span> <span class='ocrx_word' id='word_1_369' title='bbox 1445 1367 1722 1410; x_wconf 80' lang='lat' dir='ltr'>consanguinitatis</span> <span class='ocrx_word' id='word_1_370' title='bbox 1738 1377 1791 1399; x_wconf 88' lang='lat' dir='ltr'>seu</span> 
     </span>
     <span class='ocr_line' id='line_1_76' title="bbox 1052 1419 1792 1467; baseline -0.008 -10"><span class='ocrx_word' id='word_1_371' title='bbox 1052 1424 1209 1457; x_wconf 85' lang='lat' dir='ltr'>affinitatis</span> <span class='ocrx_word' id='word_1_372' title='bbox 1226 1423 1376 1467; x_wconf 68' lang='lat' dir='ltr'>gradibus</span> <span class='ocrx_word' id='word_1_373' title='bbox 1393 1422 1587 1461; x_wconf 86' lang='lat' dir='ltr'>coniunctae,</span> <span class='ocrx_word' id='word_1_374' title='bbox 1605 1431 1659 1453; x_wconf 87' lang='lat' dir='ltr'>seu</span> <span class='ocrx_word' id='word_1_375' title='bbox 1677 1430 1709 1452; x_wconf 89' lang='lat' dir='ltr'>se</span> <span class='ocrx_word' id='word_1_376' title='bbox 1726 1419 1792 1452; x_wconf 86' lang='lat' dir='ltr'>atti-</span> 
     </span>
     <span class='ocr_line' id='line_1_77' title="bbox 1052 1473 1792 1517; baseline -0.008 -6"><span class='ocrx_word' id='word_1_377' title='bbox 1052 1483 1171 1517; x_wconf 87' lang='lat' dir='ltr'>nentes,</span> <span class='ocrx_word' id='word_1_378' title='bbox 1190 1476 1390 1509; x_wconf 83' lang='lat' dir='ltr'>matrimonia</span> <span class='ocrx_word' id='word_1_379' title='bbox 1415 1476 1557 1512; x_wconf 81' lang='lat' dir='ltr'>invicem,</span> <span class='ocrx_word' id='word_1_380' title='bbox 1579 1474 1642 1507; x_wconf 85' lang='lat' dir='ltr'>sive</span> <span class='ocrx_word' id='word_1_381' title='bbox 1659 1473 1792 1506; x_wconf 80' lang='lat' dir='ltr'>scienter</span> 
     </span>
     <span class='ocr_line' id='line_1_78' title="bbox 1053 1526 1793 1573; baseline -0.007 -10"><span class='ocrx_word' id='word_1_382' title='bbox 1053 1531 1115 1563; x_wconf 87' lang='lat' dir='ltr'>sive</span> <span class='ocrx_word' id='word_1_383' title='bbox 1131 1531 1324 1573; x_wconf 72' lang='lat' dir='ltr'>ignoranter,</span> <span class='ocrx_word' id='word_1_384' title='bbox 1336 1529 1559 1568; x_wconf 82' lang='lat' dir='ltr'>contraxerint,</span> <span class='ocrx_word' id='word_1_385' title='bbox 1574 1527 1666 1561; x_wconf 87' lang='lat' dir='ltr'>etiam</span> <span class='ocrx_word' id='word_1_386' title='bbox 1685 1526 1710 1559; x_wconf 86' lang='lat' dir='ltr'>si</span> <span class='ocrx_word' id='word_1_387' title='bbox 1728 1536 1793 1559; x_wconf 88' lang='lat' dir='ltr'>car-</span> 
     </span>
     <span class='ocr_line' id='line_1_79' title="bbox 1053 1580 1793 1627; baseline -0.004 -12"><span class='ocrx_word' id='word_1_388' title='bbox 1053 1584 1114 1616; x_wconf 89' lang='lat' dir='ltr'>nali</span> <span class='ocrx_word' id='word_1_389' title='bbox 1133 1583 1247 1627; x_wconf 77' lang='lat' dir='ltr'>copula</span> <span class='ocrx_word' id='word_1_390' title='bbox 1264 1581 1562 1618; x_wconf 79' lang='lat' dir='ltr'>consummaverint,</span> <span class='ocrx_word' id='word_1_391' title='bbox 1580 1581 1604 1613; x_wconf 90' lang='lat' dir='ltr'>si</span> <span class='ocrx_word' id='word_1_392' title='bbox 1621 1580 1678 1612; x_wconf 87' lang='lat' dir='ltr'>abs</span> <span class='ocrx_word' id='word_1_393' title='bbox 1696 1583 1723 1614; x_wconf 90' lang='lat' dir='ltr'>te</span> <span class='ocrx_word' id='word_1_394' title='bbox 1745 1590 1793 1612; x_wconf 88' lang='lat' dir='ltr'>ve-</span> 
     </span>
     <span class='ocr_line' id='line_1_80' title="bbox 1053 1635 1792 1680; baseline -0.007 -10"><span class='ocrx_word' id='word_1_395' title='bbox 1053 1638 1137 1670; x_wconf 90' lang='lat' dir='ltr'>niam</span> <span class='ocrx_word' id='word_1_396' title='bbox 1153 1637 1314 1670; x_wconf 83' lang='lat' dir='ltr'>humiliter</span> <span class='ocrx_word' id='word_1_397' title='bbox 1326 1636 1483 1680; x_wconf 87' lang='lat' dir='ltr'>petierint,</span> <span class='ocrx_word' id='word_1_398' title='bbox 1493 1635 1532 1667; x_wconf 88' lang='lat' dir='ltr'>ab</span> <span class='ocrx_word' id='word_1_399' title='bbox 1545 1635 1680 1668; x_wconf 85' lang='lat' dir='ltr'>incestus</span> <span class='ocrx_word' id='word_1_400' title='bbox 1693 1638 1792 1673; x_wconf 86' lang='lat' dir='ltr'>reatu,</span> 
     </span>
     <span class='ocr_line' id='line_1_81' title="bbox 1054 1688 1792 1727; baseline -0.003 -5"><span class='ocrx_word' id='word_1_401' title='bbox 1054 1697 1083 1723; x_wconf 86' lang='lat' dir='ltr'>et</span> <span class='ocrx_word' id='word_1_402' title='bbox 1100 1691 1280 1724; x_wconf 84' lang='lat' dir='ltr'>excessibus</span> <span class='ocrx_word' id='word_1_403' title='bbox 1305 1689 1498 1727; x_wconf 64' lang='lat' dir='ltr'>liuiusn‘iodi,</span> <span class='ocrx_word' id='word_1_404' title='bbox 1519 1700 1553 1721; x_wconf 83' lang='lat' dir='ltr'>ac</span> <span class='ocrx_word' id='word_1_405' title='bbox 1579 1688 1792 1721; x_wconf 79' lang='lat' dir='ltr'>excommuni-</span> 
     </span>
     <span class='ocr_line' id='line_1_82' title="bbox 1054 1742 1793 1787; baseline -0.001 -12"><span class='ocrx_word' id='word_1_406' title='bbox 1054 1744 1199 1784; x_wconf 74' lang='lat' dir='ltr'>cationis,</span> <span class='ocrx_word' id='word_1_407' title='bbox 1224 1744 1355 1787; x_wconf 86' lang='lat' dir='ltr'>aliisque</span> <span class='ocrx_word' id='word_1_408' title='bbox 1381 1742 1521 1775; x_wconf 81' lang='lat' dir='ltr'>censuris</span> <span class='ocrx_word' id='word_1_409' title='bbox 1552 1745 1582 1775; x_wconf 89' lang='lat' dir='ltr'>ct</span> <span class='ocrx_word' id='word_1_410' title='bbox 1607 1742 1717 1785; x_wconf 87' lang='lat' dir='ltr'>poenis</span> <span class='ocrx_word' id='word_1_411' title='bbox 1742 1753 1793 1774; x_wconf 83' lang='lat' dir='ltr'>ec-</span> 
     </span>
     <span class='ocr_line' id='line_1_83' title="bbox 1053 1797 1794 1840; baseline -0.004 -9"><span class='ocrx_word' id='word_1_412' title='bbox 1053 1798 1233 1831; x_wconf 83' lang='lat' dir='ltr'>clesiasticis</span> <span class='ocrx_word' id='word_1_413' title='bbox 1247 1803 1274 1829; x_wconf 89' lang='lat' dir='ltr'>et</span> <span class='ocrx_word' id='word_1_414' title='bbox 1291 1797 1516 1840; x_wconf 88' lang='lat' dir='ltr'>temporalibus</span> <span class='ocrx_word' id='word_1_415' title='bbox 1526 1807 1583 1840; x_wconf 88' lang='lat' dir='ltr'>per</span> <span class='ocrx_word' id='word_1_416' title='bbox 1596 1806 1650 1828; x_wconf 85' lang='lat' dir='ltr'>eos</span> <span class='ocrx_word' id='word_1_417' title='bbox 1663 1799 1794 1839; x_wconf 83' lang='lat' dir='ltr'>propter</span> 
     </span>
     <span class='ocr_line' id='line_1_84' title="bbox 1053 1849 1794 1895; baseline -0.004 -11"><span class='ocrx_word' id='word_1_418' title='bbox 1053 1851 1226 1895; x_wconf 87' lang='lat' dir='ltr'>praemissa</span> <span class='ocrx_word' id='word_1_419' title='bbox 1250 1850 1399 1891; x_wconf 86' lang='lat' dir='ltr'>incursis,</span> <span class='ocrx_word' id='word_1_420' title='bbox 1425 1849 1573 1893; x_wconf 80' lang='lat' dir='ltr'>imposita</span> <span class='ocrx_word' id='word_1_421' title='bbox 1604 1849 1715 1891; x_wconf 87' lang='lat' dir='ltr'>cuique</span> <span class='ocrx_word' id='word_1_422' title='bbox 1745 1859 1794 1881; x_wconf 88' lang='lat' dir='ltr'>eo-</span> 
     </span>
     <span class='ocr_line' id='line_1_85' title="bbox 1053 1901 1794 1948; baseline -0.004 -11"><span class='ocrx_word' id='word_1_423' title='bbox 1053 1916 1123 1937; x_wconf 85' lang='lat' dir='ltr'>rum</span> <span class='ocrx_word' id='word_1_424' title='bbox 1151 1910 1280 1948; x_wconf 82' lang='lat' dir='ltr'>propter</span> <span class='ocrx_word' id='word_1_425' title='bbox 1308 1904 1460 1936; x_wconf 86' lang='lat' dir='ltr'>incestum</span> <span class='ocrx_word' id='word_1_426' title='bbox 1493 1902 1684 1942; x_wconf 88' lang='lat' dir='ltr'>huiusmodi,</span> <span class='ocrx_word' id='word_1_427' title='bbox 1713 1901 1794 1935; x_wconf 87' lang='lat' dir='ltr'>arbi-</span> 
     </span>
     <span class='ocr_line' id='line_1_86' title="bbox 1053 1956 1793 2001; baseline -0.003 -11"><span class='ocrx_word' id='word_1_428' title='bbox 1053 1958 1113 1991; x_wconf 87' lang='lat' dir='ltr'>trio</span> <span class='ocrx_word' id='word_1_429' title='bbox 1137 1963 1201 1998; x_wconf 86' lang='lat' dir='ltr'>tuo,</span> <span class='ocrx_word' id='word_1_430' title='bbox 1228 1957 1420 2001; x_wconf 75' lang='lat' dir='ltr'>poenitentia</span> <span class='ocrx_word' id='word_1_431' title='bbox 1445 1956 1583 1996; x_wconf 83' lang='lat' dir='ltr'>salutari,</span> <span class='ocrx_word' id='word_1_432' title='bbox 1605 1956 1634 1988; x_wconf 93' lang='lat' dir='ltr'>in</span> <span class='ocrx_word' id='word_1_433' title='bbox 1659 1961 1793 1999; x_wconf 89' lang='lat' dir='ltr'>utroque.</span> 
     </span>
     <span class='ocr_line' id='line_1_87' title="bbox 1053 2009 1794 2052; baseline -0.004 -8"><span class='ocrx_word' id='word_1_434' title='bbox 1053 2012 1121 2044; x_wconf 80' lang='lat' dir='ltr'>soro</span> <span class='ocrx_word' id='word_1_435' title='bbox 1146 2011 1319 2051; x_wconf 87' lang='lat' dir='ltr'>absolvere,</span> <span class='ocrx_word' id='word_1_436' title='bbox 1344 2016 1373 2043; x_wconf 87' lang='lat' dir='ltr'>et</span> <span class='ocrx_word' id='word_1_437' title='bbox 1398 2021 1469 2042; x_wconf 81' lang='lat' dir='ltr'>cum</span> <span class='ocrx_word' id='word_1_438' title='bbox 1494 2010 1565 2050; x_wconf 91' lang='lat' dir='ltr'>illis,</span> <span class='ocrx_word' id='word_1_439' title='bbox 1590 2013 1636 2048; x_wconf 83' lang='lat' dir='ltr'>ut,</span> <span class='ocrx_word' id='word_1_440' title='bbox 1662 2009 1794 2052; x_wconf 88' lang='lat' dir='ltr'>impedi—</span> 
     </span>
     <span class='ocr_line' id='line_1_88' title="bbox 1053 2062 1793 2107; baseline -0.004 -10"><span class='ocrx_word' id='word_1_441' title='bbox 1053 2065 1165 2098; x_wconf 83' lang='lat' dir='ltr'>mentis</span> <span class='ocrx_word' id='word_1_442' title='bbox 1183 2064 1264 2097; x_wconf 91' lang='lat' dir='ltr'>tertii</span> <span class='ocrx_word' id='word_1_443' title='bbox 1282 2068 1311 2097; x_wconf 91' lang='lat' dir='ltr'>et</span> <span class='ocrx_word' id='word_1_444' title='bbox 1327 2064 1429 2107; x_wconf 87' lang='lat' dir='ltr'>quarti</span> <span class='ocrx_word' id='word_1_445' title='bbox 1443 2062 1724 2106; x_wconf 85' lang='lat' dir='ltr'>consanguinitatis</span> <span class='ocrx_word' id='word_1_446' title='bbox 1740 2073 1793 2095; x_wconf 84' lang='lat' dir='ltr'>sen</span> 
     </span>
     <span class='ocr_line' id='line_1_89' title="bbox 1053 2116 1796 2160; baseline -0.003 -10"><span class='ocrx_word' id='word_1_447' title='bbox 1053 2118 1210 2151; x_wconf 83' lang='lat' dir='ltr'>affinitatis</span> <span class='ocrx_word' id='word_1_448' title='bbox 1236 2117 1390 2160; x_wconf 74' lang='lat' dir='ltr'>graduum</span> <span class='ocrx_word' id='word_1_449' title='bbox 1418 2116 1608 2157; x_wconf 81' lang='lat' dir='ltr'>huiusmodi,</span> <span class='ocrx_word' id='word_1_450' title='bbox 1627 2127 1661 2149; x_wconf 88' lang='lat' dir='ltr'>ac</span> <span class='ocrx_word' id='word_1_451' title='bbox 1682 2116 1796 2149; x_wconf 83' lang='lat' dir='ltr'>consti-</span> 
     </span>
     <span class='ocr_line' id='line_1_90' title="bbox 1054 2170 1793 2213; baseline -0.004 -9"><span class='ocrx_word' id='word_1_452' title='bbox 1054 2171 1225 2205; x_wconf 88' lang='lat' dir='ltr'>tutionibus</span> <span class='ocrx_word' id='word_1_453' title='bbox 1257 2177 1283 2203; x_wconf 86' lang='lat' dir='ltr'>et</span> <span class='ocrx_word' id='word_1_454' title='bbox 1317 2170 1567 2203; x_wconf 87' lang='lat' dir='ltr'>ordinationibus</span> <span class='ocrx_word' id='word_1_455' title='bbox 1592 2170 1793 2213; x_wconf 84' lang='lat' dir='ltr'>apostolicis,</span> 
     </span>
     <span class='ocr_line' id='line_1_91' title="bbox 1054 2223 1794 2267; baseline -0.003 -10"><span class='ocrx_word' id='word_1_456' title='bbox 1054 2225 1230 2267; x_wconf 84' lang='lat' dir='ltr'>ceterisque</span> <span class='ocrx_word' id='word_1_457' title='bbox 1261 2223 1427 2257; x_wconf 83' lang='lat' dir='ltr'>contrariis</span> <span class='ocrx_word' id='word_1_458' title='bbox 1457 2224 1706 2266; x_wconf 85' lang='lat' dir='ltr'>quibuscumque</span> <span class='ocrx_word' id='word_1_459' title='bbox 1732 2233 1794 2255; x_wconf 88' lang='lat' dir='ltr'>non</span> 
     </span>
     <span class='ocr_line' id='line_1_92' title="bbox 1055 2276 1794 2319; baseline -0.003 -9"><span class='ocrx_word' id='word_1_460' title='bbox 1055 2278 1261 2318; x_wconf 87' lang='lat' dir='ltr'>obstantibus,</span> <span class='ocrx_word' id='word_1_461' title='bbox 1287 2277 1486 2311; x_wconf 86' lang='lat' dir='ltr'>matrimonia</span> <span class='ocrx_word' id='word_1_462' title='bbox 1511 2276 1592 2309; x_wconf 90' lang='lat' dir='ltr'>inter</span> <span class='ocrx_word' id='word_1_463' title='bbox 1609 2287 1641 2309; x_wconf 86' lang='lat' dir='ltr'>se</span> <span class='ocrx_word' id='word_1_464' title='bbox 1658 2276 1794 2319; x_wconf 75' lang='lat' dir='ltr'>publice,</span> 
     </span>
     <span class='ocr_line' id='line_1_93' title="bbox 1055 2329 1793 2369; baseline -0.003 -6"><span class='ocrx_word' id='word_1_465' title='bbox 1055 2333 1177 2363; x_wconf 76' lang='lat' dir='ltr'>servata</span> <span class='ocrx_word' id='word_1_466' title='bbox 1194 2331 1294 2363; x_wconf 77' lang='lat' dir='ltr'>torma</span> <span class='ocrx_word' id='word_1_467' title='bbox 1311 2330 1386 2363; x_wconf 85' lang='lat' dir='ltr'>dicti</span> <span class='ocrx_word' id='word_1_468' title='bbox 1404 2329 1544 2369; x_wconf 86' lang='lat' dir='ltr'>Concilii,</span> <span class='ocrx_word' id='word_1_469' title='bbox 1562 2329 1599 2361; x_wconf 90' lang='lat' dir='ltr'>de</span> <span class='ocrx_word' id='word_1_470' title='bbox 1619 2339 1699 2361; x_wconf 85' lang='lat' dir='ltr'>novo</span> <span class='ocrx_word' id='word_1_471' title='bbox 1720 2339 1793 2362; x_wconf 86' lang='lat' dir='ltr'>con-</span> 
     </span>
     <span class='ocr_line' id='line_1_94' title="bbox 1055 2382 1794 2423; baseline -0.003 -7"><span class='ocrx_word' id='word_1_472' title='bbox 1055 2383 1190 2423; x_wconf 83' lang='lat' dir='ltr'>trahere,</span> <span class='ocrx_word' id='word_1_473' title='bbox 1206 2384 1276 2416; x_wconf 88' lang='lat' dir='ltr'>etiu</span> <span class='ocrx_word' id='word_1_474' title='bbox 1291 2383 1398 2415; x_wconf 76' lang='lat' dir='ltr'>t&#39;aciem</span> <span class='ocrx_word' id='word_1_475' title='bbox 1415 2382 1564 2415; x_wconf 83' lang='lat' dir='ltr'>ccclesiae</span> <span class='ocrx_word' id='word_1_476' title='bbox 1578 2382 1794 2422; x_wconf 81' lang='lat' dir='ltr'>solemnizare,</span> 
     </span>
     <span class='ocr_line' id='line_1_95' title="bbox 1055 2435 1796 2476; baseline 0 -8"><span class='ocrx_word' id='word_1_477' title='bbox 1055 2441 1084 2468; x_wconf 90' lang='lat' dir='ltr'>et</span> <span class='ocrx_word' id='word_1_478' title='bbox 1109 2436 1139 2468; x_wconf 89' lang='lat' dir='ltr'>in</span> <span class='ocrx_word' id='word_1_479' title='bbox 1164 2447 1212 2476; x_wconf 89' lang='lat' dir='ltr'>eo,</span> <span class='ocrx_word' id='word_1_480' title='bbox 1238 2447 1291 2468; x_wconf 90' lang='lat' dir='ltr'>seu</span> <span class='ocrx_word' id='word_1_481' title='bbox 1318 2436 1348 2468; x_wconf 88' lang='lat' dir='ltr'>in</span> <span class='ocrx_word' id='word_1_482' title='bbox 1373 2441 1533 2468; x_wconf 85' lang='lat' dir='ltr'>contracto</span> <span class='ocrx_word' id='word_1_483' title='bbox 1558 2435 1632 2467; x_wconf 78' lang='lat' dir='ltr'>alias</span> <span class='ocrx_word' id='word_1_484' title='bbox 1650 2435 1709 2467; x_wconf 88' lang='lat' dir='ltr'>rite</span> <span class='ocrx_word' id='word_1_485' title='bbox 1734 2446 1796 2468; x_wconf 89' lang='lat' dir='ltr'>ma-</span> 
     </span>
     <span class='ocr_line' id='line_1_96' title="bbox 1056 2488 1795 2532; baseline 0 -11"><span class='ocrx_word' id='word_1_486' title='bbox 1056 2489 1214 2528; x_wconf 88' lang='lat' dir='ltr'>trimonio,</span> <span class='ocrx_word' id='word_1_487' title='bbox 1231 2489 1334 2532; x_wconf 86' lang='lat' dir='ltr'>quoad</span> <span class='ocrx_word' id='word_1_488' title='bbox 1361 2488 1502 2527; x_wconf 80' lang='lat' dir='ltr'>vixerint,</span> <span class='ocrx_word' id='word_1_489' title='bbox 1516 2498 1678 2520; x_wconf 85' lang='lat' dir='ltr'>remanere</span> <span class='ocrx_word' id='word_1_490' title='bbox 1696 2488 1795 2521; x_wconf 87' lang='lat' dir='ltr'>liberc</span> 
     </span>
     <span class='ocr_line' id='line_1_97' title="bbox 1055 2541 1796 2584; baseline -0.001 -9"><span class='ocrx_word' id='word_1_491' title='bbox 1055 2546 1083 2575; x_wconf 85' lang='lat' dir='ltr'>ct</span> <span class='ocrx_word' id='word_1_492' title='bbox 1105 2542 1187 2574; x_wconf 86' lang='lat' dir='ltr'>licite</span> <span class='ocrx_word' id='word_1_493' title='bbox 1206 2542 1335 2581; x_wconf 87' lang='lat' dir='ltr'>valeant,</span> <span class='ocrx_word' id='word_1_494' title='bbox 1353 2541 1523 2574; x_wconf 87' lang='lat' dir='ltr'>dummodo</span> <span class='ocrx_word' id='word_1_495' title='bbox 1538 2541 1685 2573; x_wconf 87' lang='lat' dir='ltr'>mulieres</span> <span class='ocrx_word' id='word_1_496' title='bbox 1703 2552 1796 2584; x_wconf 88' lang='lat' dir='ltr'>prop-</span> 
     </span>
     <span class='ocr_line' id='line_1_98' title="bbox 1057 2594 1793 2637; baseline -0.003 -10"><span class='ocrx_word' id='word_1_497' title='bbox 1057 2599 1101 2628; x_wconf 88' lang='lat' dir='ltr'>ter</span> <span class='ocrx_word' id='word_1_498' title='bbox 1127 2595 1186 2627; x_wconf 84' lang='lat' dir='ltr'>lioc</span> <span class='ocrx_word' id='word_1_499' title='bbox 1213 2598 1317 2637; x_wconf 84' lang='lat' dir='ltr'>raptae</span> <span class='ocrx_word' id='word_1_500' title='bbox 1343 2605 1404 2626; x_wconf 87' lang='lat' dir='ltr'>non</span> <span class='ocrx_word' id='word_1_501' title='bbox 1430 2594 1565 2634; x_wconf 90' lang='lat' dir='ltr'>suerint,</span> <span class='ocrx_word' id='word_1_502' title='bbox 1590 2594 1793 2637; x_wconf 85' lang='lat' dir='ltr'>dispensare:</span> 
     </span>
     <span class='ocr_line' id='line_1_99' title="bbox 1055 2647 1845 2689; baseline 0 -10"><span class='ocrx_word' id='word_1_503' title='bbox 1055 2647 1232 2681; x_wconf 89' lang='lat' dir='ltr'>distantiam</span> <span class='ocrx_word' id='word_1_504' title='bbox 1258 2657 1332 2679; x_wconf 85' lang='lat' dir='ltr'>vero</span> <span class='ocrx_word' id='word_1_505' title='bbox 1358 2647 1438 2679; x_wconf 87' lang='lat' dir='ltr'>tertii</span> <span class='ocrx_word' id='word_1_506' title='bbox 1466 2647 1581 2689; x_wconf 82' lang='lat' dir='ltr'>gradus</span> <span class='ocrx_word' id='word_1_507' title='bbox 1602 2647 1794 2686; x_wconf 72' lang='lat' dir='ltr'>huiusmodi,</span> <span class='ocrx_word' id='word_1_508' title='bbox 1841 2668 1845 2671; x_wconf 59' lang='lat'><strong>&gt;</strong></span> 
     </span>
     <span class='ocr_line' id='line_1_100' title="bbox 1055 2700 1795 2746; baseline 0 -12"><span class='ocrx_word' id='word_1_509' title='bbox 1055 2706 1198 2746; x_wconf 87' lang='lat' dir='ltr'>respectu</span> <span class='ocrx_word' id='word_1_510' title='bbox 1215 2702 1326 2745; x_wconf 86' lang='lat' dir='ltr'>quarti,</span> <span class='ocrx_word' id='word_1_511' title='bbox 1345 2701 1388 2735; x_wconf 88' lang='lat' dir='ltr'>eis</span> <span class='ocrx_word' id='word_1_512' title='bbox 1405 2711 1468 2735; x_wconf 89' lang='lat' dir='ltr'>non</span> <span class='ocrx_word' id='word_1_513' title='bbox 1486 2701 1610 2735; x_wconf 83' lang='lat' dir='ltr'>obstare</span> <span class='ocrx_word' id='word_1_514' title='bbox 1624 2700 1795 2741; x_wconf 84' lang='lat' dir='ltr'>declarare,</span> 
     </span>
    </p>
   </div>
  </div>
 </body>
</html>
