2293 3231
38 323 43 327 ,
88 290 136 334 Ay·-
153 289 184 318 ο.
199 288 278 332 16137

110 514 221 536 obstantia
231 514 268 534 tol-

31 557 34 562 .
83 541 159 563 luatur.

123 993 268 1014 Praeseniium

83 1020 179 1050 facienda
198 1020 269 1046 publi-

83 1049 148 1068 cauo.

941 293 1058 318 motus
1083 294 1103 317 v
1128 295 1174 319 1³1².
1727 288 1765 321 ΞΤ

283 337 359 371 ratis
375 337 496 371 vicibus
509 339 739 382 aggravand0¹‚
763 340 906 374 invocato
929 342 1020 375 etiam

283 392 322 424 ad
338 392 408 433 hoc,
426 391 451 425 si
469 402 548 436 opus
572 393 682 431 fuerit,
700 394 816 427 auxilio
840 395 961 427 brachii
979 406 1023 428 se-

284 445 408 478 cularis.

326 499 342 541 §
362 497 391 532 5.
415 499 481 532 Non
507 499 703 532 obstantibus
727 501 1022 541 constitutionibus,

283 557 313 584 et
337 552 586 585 ordinationibus
617 553 818 596 apostolicis,
847 554 1023 597 ceterisque

283 605 449 638 contrariis
463 605 731 650 quibuscumque3
744 611 797 639 aut
811 605 854 639 si⁴²
867 606 1024 650 aliquibus

282 659 493 692 communiter
509 660 556 692 vel
572 660 696 692 divisim
713 660 752 692 ab
765 660 876 693 eudem
894 660 931 693 sit
945 660 1024 694 Sede

282 711 448 752 indultum,
462 713 547 756 quod
563 712 717 752 interdici,
731 713 889 756 suspendi„
907 713 955 745 vel
972 723 1025 746 ex-

282 766 511 800 communicari
530 777 592 800 non
608 767 726 811 possint
748 778 804 810 per
822 767 942 799 litteras
955 777 1026 810 apo-

283 820 408 853 stolicas
419 831 481 853 non
495 821 642 854 facientes
656 822 779 864 plenam
795 826 824 853 ct
843 831 1023 864 expressam

283 884 318 906 ac
340 875 378 907 dc
402 875 497 907 verbo
514 875 553 907 ad
574 876 705 908 verbum
728 875 765 907 de
783 875 903 908 indulto
920 875 1026 907 liuius-

284 927 369 959 modi
388 928 592 961 mentionem.

328 981 342 1023 §
358 981 388 1014 6.
404 981 442 1014 Ut.
457 987 562 1014 autem
576 987 757 1024 praesentes
774 982 895 1014 litterae
909 982 947 1014 ad
961 992 1026 1015 om-

282 1033 381 1074 nium,
397 1044 534 1077 quorum
552 1034 695 1073 interest,
712 1034 855 1067 notitiam
873 1035 1026 1067 deducan-

282 1090 344 1127 tur,
361 1087 508 1119 omnibus
527 1092 557 1120 et
572 1087 704 1130 singulis
721 1087 952 1120 venerabilibus
968 1088 1026 1120 fra-

283 1139 385 1173 tribus
398 1140 646 1184 archiepiscopis
671 1145 699 1173 et
725 1140 881 1184 episcopis
901 1152 936 1173 ac
956 1141 1024 1173 aliis

283 1192 456 1226 Ordinariis
475 1198 505 1226 et
525 1194 718 1227 dioecesanis
732 1205 903 1237 regnorum
919 1195 1025 1238 Hispa-

282 1246 406 1279 niarum
419 1246 450 1279 in
460 1247 573 1280 virtute
584 1252 708 1280 sanetae
717 1248 914 1280 obedientiae
926 1248 1025 1280 iniun-

281 1299 387 1342 gimus
404 1306 431 1333 et
450 1300 650 1339 mandamus,
667 1306 702 1334 ut
723 1301 752 1333 in
777 1311 887 1334 eorum
906 1301 1026 1334 dioece-

281 1352 378 1394 sibus,
395 1353 571 1387 civitatibus
591 1359 618 1387 et
636 1354 816 1398 provinciis,
831 1355 948 1398 absque
966 1355 1022 1387 alia

281 1407 496 1451 requisitionis
521 1408 565 1441 eis
590 1408 726 1452 desuper
753 1408 910 1445 facienda,
938 1419 1026 1452 prae—

281 1465 385 1493 sentes
417 1460 556 1501 litteras,
574 1472 629 1494 seu
652 1472 761 1494 earum
791 1466 1023 1505 transumptum

282 1523 377 1546 manu
393 1514 506 1547 notarii
517 1514 635 1558 publici
648 1515 863 1558 subscriptum
877 1520 905 1548 et
921 1515 1024 1557 sigillo

281 1566 414 1600 alicuius
430 1577 584 1610 personae
600 1568 632 1600 in
645 1567 796 1610 dignitate
813 1568 1022 1601 ecclesiastica

281 1620 468 1653 constitutae
492 1626 545 1653 aut
561 1621 667 1653 curiae
684 1621 912 1654 ecclesiasticae
925 1622 1024 1654 muni-

282 1678 360 1713 tum,
373 1673 534 1717 publicent
547 1679 575 1707 et
588 1674 741 1717 publicari
760 1675 881 1715 saciant,
898 1675 936 1707 ad
954 1675 1023 1712 hoc,

283 1731 317 1759 ut
328 1737 422 1760 nemo
436 1738 546 1761 earum
555 1728 566 1744 ³
578 1728 789 1770 ignorantiam
808 1729 1023 1771 praetendere,

283 1785 336 1812 aut
357 1786 466 1814 contra
487 1781 539 1814 eas
564 1782 799 1814 excusationem
820 1781 957 1825 aliquam
975 1782 1025 1814 ad-

284 1833 365 1866 ferre
378 1834 509 1866 valeant.
523 1835 585 1868 Nos
599 1834 682 1867 enim
700 1839 909 1878 transumpto,
923 1835 977 1871 sie.
991 1840 1022 1867 ut
1039 1842 1041 1848 ’

282 1887 476 1930 praefertur,
500 1887 678 1931 subscripto
698 1892 728 1919 et
753 1887 856 1930 sigillo
880 1887 1023 1925 munito,

283 1949 352 1972 eam
365 1950 497 1984 prorsus
510 1940 605 1973 fidem
618 1941 758 1973 adhiberi
776 1941 932 1981 volumus,
946 1952 1025 1984 quae

283 1992 401 2025 eisdem
418 1993 625 2036 originalibus
642 1994 753 2026 litteris
770 1994 982 2030 adhiberetur,
1000 1994 1024 2026 si

284 2045 479 2088 originaliter
496 2047 730 2079 exhiberentur.

317 2098 429 2131 Datum
439 2099 556 2132 Romae
569 2100 651 2142 apud
663 2105 806 2132 sanctum
817 2101 955 2140 Petrum,
969 2100 1026 2132 sub

285 2152 402 2185 annulo
415 2152 593 2193 piscatoris,
611 2153 662 2185 die
677 2163 755 2186 XXVI
773 2153 892 2185 ianuari
907 2164 1026 2193 tinnitu,

286 2205 486 2249 pontificatus
503 2206 602 2238 nostri
619 2201 700 2238 anno
718 2216 770 2238 vu.

280 2307 286 2313 ‚
321 2276 380 2304 Dat.
402 2276 446 2304 die
464 2276 499 2305 26
519 2276 632 2304 ianuarii
658 2277 736 2312 1612,
759 2277 850 2313 pontis.
874 2286 916 2305 an.
940 2285 984 2305 vu.

322 2394 332 2420 1
352 2392 472 2421 Erronee
487 2393 552 2421 edit.
564 2393 642 2420 Maia.
656 2393 719 2428 legit
733 2394 916 2428 ‹ryqravandi
929 2394 1024 2429 (11312).

320 2437 336 2464 ‘2
351 2437 479 2465 Formula
493 2438 544 2465 ista
559 2441 610 2466 nul
624 2438 659 2470 si,
676 2446 757 2472 saepe
773 2446 930 2471 occurrens,
947 2438 1026 2473 signi-

286 2482 361 2509 ficat:
382 2485 433 2510 aut
448 2483 533 2510 etiam
547 2491 605 2509 non
622 2482 760 2516 obstante,
776 2483 812 2516 si,
829 2485 881 2509 ete.
900 2482 936 2517 (a.
953 2483 999 2516 1.).

321 2527 338 2555 3
352 2526 472 2555 Erronee
487 2527 552 2554 edit.
571 2528 648 2555 Maio.
664 2527 728 2563 legit
742 2535 839 2555 eorum
855 2530 893 2561 (R.
910 2532 959 2561 τ.).

1339 343 1515 378 CLXXXVI.

1056 424 1250 457 Declaratur
1267 430 1373 458 castra
1393 426 1517 465 Callae,
1541 426 1706 466 illusa-Hae,
1728 428 1800 462 Cer-

1099 478 1184 520 solia',
1207 479 1366 512 Fenoculi
1381 485 1409 512 et
1427 480 1596 513 Putei¹c1d
1612 491 1799 524 supremum

1101 531 1192 564 Sedis
1204 537 1232 564 et
1243 533 1395 566 camerae
1404 535 1429 567 A
1434 534 1609 577 postolieae
1618 534 1801 567 donu'nium

1098 586 1262 627 pertinere
1272 585 1291 618 ².

1296 674 1406 702 Paulus
1428 676 1506 710 Papa
1526 677 1561 711 V,

1184 737 1220 763 ad
1239 740 1415 770 perpetuam
1434 738 1479 765 rei
1500 739 1679 766 memoriam.

1103 816 1148 848 Ad
1166 817 1340 849 Romanum
1364 818 1545 851 Pontificem
1570 825 1704 862 spectat,
1727 831 1798 853 eum

1058 868 1096 901 de
1114 869 1235 901 iuribus
1250 875 1375 902 sanetae
1389 872 1545 903 ltomanae
1560 873 1715 905 Eeelesiac
1729 883 1799 906 eon-

1059 923 1189 955 troverti
1206 928 1255 955 aut
1276 923 1422 956 liaesitari
1442 925 1604 967 (omungit,
1622 932 1799 960 controver-

1059 975 1118 1008 sias
1136 986 1245 1009 omnes
1262 982 1292 1008 et
1308 977 1402 1009 dubia
1424 989 1566 1022 quaeque
1587 983 1670 1011 reeta
1692 980 1797 1013 iudicii

1058 1029 1232 1072 prolatione
1261 1029 1410 1062 dirimere
1435 1036 1463 1063 et
1492 1031 1665 1072 declarare,
1684 1043 1719 1065 ae
1740 1034 1798 1065 alia

1058 1093 1116 1125 pro
1138 1082 1281 1126 ipsorum
1304 1083 1421 1116 iurium
1443 1086 1679 1118 conservatione
1696 1086 1800 1119 decer-

1058 1146 1133 1169 nere
1156 1141 1186 1169 et
1211 1137 1373 1174 ordinare,
1390 1148 1484 1181 quae,
1502 1139 1618 1171 iustitia
1636 1140 1800 1179 suadente,

1059 1189 1088 1221 in
1105 1190 1238 1223 Domino
1255 1191 1407 1234 conspicit
1424 1192 1579 1234 expedire.

1103 1245 1117 1286 ξ
1134 1244 1162 1276 ’1.
1181 1245 1270 1285 Sane,
1289 1245 1358 1277 licet
1377 1251 1477 1277 eastra
1493 1246 1620 1282 Ceulae„
1639 1248 1798 1283 §Iule-Hae,

1057 1298 1196 1335 Cersolii‚
1214 1298 1236 1330 1³
1238 1299 1360 1331 enoculi
1391 1304 1418 1331 et
1450 1299 1548 1337 Putei,
1577 1300 1798 1334 Sarsinatensis

1058 1351 1221 1391 dioecesis,
1237 1362 1294 1395 per
1314 1362 1371 1395 pro
1389 1358 1531 1395 tempore
1552 1353 1719 1386 existentes
1736 1355 1799 1398 epi-

1058 1415 1170 1447 scopos
1184 1405 1415 1438 Sarsinatenses
1429 1405 1474 1437 uti
1484 1405 1569 1437 Bobii
1585 1405 1797 1439 eomiteseum

1058 1458 1185 1490 illorum
1203 1458 1418 1491 iurisdictione
1435 1463 1463 1491 et
1481 1459 1621 1492 dominio
1633 1461 1797 1503 temporali

1057 1522 1200 1555 possessa
1223 1512 1349 1549 suerint,
1373 1517 1400 1544 et
1419 1513 1470 1545 illa
1495 1513 1577 1545 intra
1600 1514 1678 1546 fines
1695 1514 1799 1547 Status

1057 1566 1156 1598 nostri
1170 1565 1379 1598 Ecclesiastici
1397 1566 1427 1597 in
1442 1567 1603 1609 provincia
1621 1570 1727 1600 nostra
1744 1569 1800 1600 no-

1058 1619 1233 1652 mandiolae
1257 1619 1459 1652 consistentia
1483 1620 1623 1652 eiusdem
1643 1621 1798 1653 Ecclesiae.

1071 1674 1217 1705 lomauae
1234 1677 1264 1704 et
1279 1672 1367 1705 Sedis
1380 1673 1586 1715 Apostolicae,
1603 1679 1629 1705 et
1649 1684 1711 1706 non
1728 1675 1801 1706 alte-

1056 1725 1123 1758 rius
1150 1726 1304 1765 cuiusvis,
1334 1726 1561 1769 simei-imitati,
1588 1737 1798 1770 susaemoque

1057 1784 1087 1811 et
1100 1780 1162 1812 alto
1179 1779 1320 1812 dominio
1337 1779 1477 1811 subiecta
1498 1780 1576 1814 sint2
1594 1780 1799 1813 nibilominus

1057 1834 1142 1867 tcum
1158 1833 1346 1865 venerabilis
1359 1834 1455 1865 frater
1468 1833 1614 1866 Nicolaus
1629 1834 1799 1866 modernus

1058 1886 1224 1929 episcopus
1238 1886 1462 1919 Sarsinatensis
1475 1887 1704 1929 praetenderet,
1718 1887 1797 1920 dieta

1058 1944 1160 1972 eastra
1182 1940 1271 1972 feuda
1288 1939 1462 1983 imperialia
1474 1944 1501 1971 et
1517 1939 1645 1972 omnino
1660 1940 1757 1972 libera
1771 1945 1797 1972 et

1058 1998 1203 2036 exempta
1224 1993 1319 2025 fuisse
1341 1998 1368 2025 et
1393 2003 1477 2029 esse,
1496 1993 1588 2036 idque
1612 1993 1798 2036 quibusdam

1059 2046 1187 2078 assertis
1202 2046 1393 2088 privilegiis.
1412 2046 1540 2085 litteris,
1559 2047 1730 2082 sententiis.
1749 2048 1800 2079 ali-

1061 2099 1148 2142 isque
1166 2099 1331 2142 seripturis
1349 2100 1483 2143 probare
1500 2099 1670 2135 niteretur2

1104 2153 1118 2192 ,ξ
1136 2152 1163 2185 2.
1187 2152 1331 2185 Vicissim
1353 2163 1428 2185 vero
1444 2153 1577 2185 dilectus
1600 2153 1682 2185 lilius
1700 2165 1800 2186 eame-

1060 2216 1112 2237 rac
1135 2211 1261 2238 nostrae
1278 2205 1467 2249 apostolieae
1490 2206 1728 2239 commissarius
1751 2218 1801 2249 ge-

1059 2259 1174 2292 neralis
1193 2265 1382 2303 opponeret,
1399 2259 1649 2303 praetensionem
1673 2270 1798 2292 omnem

1058 2312 1131 2345 dicti
1145 2313 1284 2356 episcopi
1297 2313 1520 2346 Sarsinatensis
1530 2313 1561 2344 in
1570 2313 1696 2345 assertis
1706 2313 1801 2356 serip-

1060 2366 1138 2398 turis
1163 2366 1350 2398 informibus
1367 2370 1395 2398 et
1414 2366 1531 2397 nullam
1554 2366 1648 2398 tidem
1666 2366 1801 2399 saeienti-

1059 2419 1118 2451 bus
1142 2424 1382 2462 praetensorum
1410 2419 1647 2462 privilegiorum
1665 2420 1799 2453 Couradi

1060 2478 1089 2505 et
1098 2473 1119 2504 F
1123 2472 1249 2505 riderici
1266 2473 1493 2515 imperatorum
1508 2473 1667 2505 fundatam
1683 2484 1761 2513 esse,
1771 2479 1801 2506 et

1061 2526 1091 2557 iu
1119 2526 1246 2558 assertis
1274 2526 1424 2558 sententis
1449 2532 1689 2569 procuratorem
1714 2527 1801 2560 fisca-

1060 2580 1122 2612 lem
1132 2590 1187 2613 seu
1198 2580 1451 2613 commissarium
1466 2591 1610 2613 camerae
1623 2581 1799 2624 praedictae

1100 2654 1109 2679 1
1133 2652 1170 2679 De
1189 2651 1263 2679 hisce
1283 2652 1343 2680 vide
1362 2661 1444 2688 supra
1462 2661 1523 2689 pag.
1546 2653 1578 2680 19
1598 2655 1634 2685 (u.
1651 2654 1697 2688 T.)

1097 2697 1114 2724 2
1130 2697 1167 2724 Ex
1182 2697 1289 2734 Regest.
1306 2698 1332 2724 in
1347 2698 1449 2726 Secret.
1471 2697 1604 2725 Brevium.

1814 298 1862 323 An.
1884 297 1912 323 C.
1928 297 1997 325 4812

1841 826 1962 847 Exordium.

1845 1252 1999 1271 Sat-:inmensis

1815 1279 1909 1304 epia-..pi
1930 1284 1999 1298 asset·-

1815 1308 1843 1325 uo
1867 1308 1937 1325 castra
1964 1305 1998 1325 bic

1815 1332 1918 1352 recensita
1952 1337 1998 1351 esse

1815 1359 1875 1378 [muta
1902 1358 1999 1383 imperia·

1843 2167 1942 2187 Rationes
1962 2173 1999 2193 pro

1815 2194 1903 2214 Canium
1911 2196 2000 2219 Aposto-

1815 2221 1855 2240 nea
1865 2220 1977 2241 deductae.
