2293 3231
94 265 143 294 Aa.
162 264 194 294 0.
213 263 281 294 ¹028

165 2395 281 2425 Derogatio

98 2424 260 2444 contrariorum.

900 262 1076 287 GREGORIUS
1095 262 1136 287 XV
1156 262 1204 288 PP.

293 311 430 345 ethonis
453 310 617 355 hospitalis
643 316 672 344 et
697 310 888 343 dementium
914 310 1033 354 praedi-

293 369 427 404 ctorum,
440 374 564 397 necnon
581 364 831 407 quibuscun·1que
845 364 913 396 aliis
926 363 1031 403 rebus,

292 417 415 450 iuribus
439 423 470 450 et
493 417 679 457 actionibus,
704 417 759 449 ad¹
778 417 929 460 hospitale
946 427 1032 460 prae-

294 470 430 510 dictum,
454 470 600 513 illiusque
624 470 892 503 administratores
916 475 945 501 et
969 470 1033 502 offi-

294 523 388 556 ciales
411 522 609 566 praedictos,
635 528 697 555 tam
723 522 913 555 coniunctim
938 533 1031 565 quam

294 575 428 615 divisim,
442 585 478 607 ac
500 578 562 608 tam
582 575 681 607 active
705 585 798 618 quam
823 574 943 618 passive
967 585 1033 617 spe-

295 628 460 668 ctantibus,
479 633 509 660 et
528 627 768 671 pertinentibus,
784 627 814 659 in
836 637 1033 671 quacumque

294 680 461 720 instantia,
486 680 518 712 in
542 685 623 712 statu
646 686 675 713 et
695 680 837 714 terminis
862 680 893 712 in
918 680 1033 724 quihus

294 733 506 776 reperiuntur,
519 733 558 765 ad
574 743 631 765 nos
647 737 822 773 avocantes,
840 733 908 765 illas
925 743 1033 765 omnes

295 791 326 818 et
349 786 498 829 singulas,
515 796 636 819 necnon
657 796 734 830 quas
758 786 790 818 in
813 787 953 818 futurum
970 795 1034 818 mo—

295 839 360 872 veri
385 839 423 871 de
446 849 528 872 novo
553 838 719 881 contigerit
738 844 801 871 tam
819 838 916 871 active
939 848 1033 881 quam

294 891 434 934 passive,
471 902 543 924 cum
573 890 720 923 omnibus
749 896 780 923 et
810 890 940 933 singulis
970 890 1033 923 suis

295 944 513 985 incidentibus,
521 943 779 987 dependentibus,
789 943 1033 986 emergentibus,

295 997 426 1030 annexis
447 1002 478 1030 et
494 997 652 1037 connexis,
665 1000 792 1039 totoque
809 997 936 1039 negotio
952 996 1035 1039 prin-

296 1050 398 1094 cipali,
409 1050 522 1082 dilecto
532 1050 598 1083 filio
608 1054 716 1082 nostro
727 1049 865 1093 Scipioni
878 1049 959 1081 tituli
969 1059 1035 1081 san-

295 1103 336 1136 cti
355 1103 549 1147 Chrysogoni
573 1103 756 1146 presbytero
781 1102 931 1135 cardinali
955 1102 1033 1134 Bur-

295 1156 404 1198 ghesio
427 1160 618 1198 nuncupato,
643 1155 797 1187 moderno
825 1160 855 1187 et
878 1165 936 1198 pro
960 1161 1034 1188 tem-

293 1219 372 1253 pore
407 1209 552 1241 existenti
588 1209 754 1251 hospitalis
783 1214 814 1241 et
841 1209 1035 1241 dementium

292 1262 527 1306 praedictorum
551 1262 634 1306 apud
656 1272 713 1294 nos
730 1267 760 1294 et
776 1262 889 1295 Sedem
905 1263 1036 1306 Aposto-

293 1315 386 1349 licam
412 1315 605 1359 protectori,
630 1315 801 1348 summarie
816 1343 823 1356 ,
851 1316 1035 1359 simpliciter

294 1373 325 1402 et
340 1369 379 1402 de
395 1370 500 1413 plano,
516 1369 582 1402 sine
603 1369 735 1412 strepitu
752 1374 782 1401 et
797 1369 901 1411 figura
916 1369 1033 1411 iudicii,

295 1424 362 1456 sola
386 1423 458 1456 facti
481 1423 612 1455 veritate
636 1422 789 1466 inspecta,
813 1426 856 1463 et,
881 1428 1034 1466 quatenus

294 1487 374 1520 opus
393 1476 443 1517 sit,
464 1475 659 1519 exequutive,
684 1480 714 1508 et
733 1486 828 1508 manu
852 1476 950 1518 regia,
967 1476 1035 1508 abs-

294 1540 355 1574 que
374 1529 517 1563 terminis
542 1529 817 1569 substantialibus,
843 1539 878 1562 ac
901 1529 1034 1562 alicuius

294 1583 374 1616 telae
394 1582 575 1615 iudiciariae
591 1582 819 1622 observatione,
836 1593 1032 1625 quacumque

295 1636 503 1680 appellatione
526 1637 668 1675 remota,
694 1635 788 1667 etiam
820 1635 952 1676 frivola,
977 1646 1033 1668 au-

294 1689 433 1730 diendas,
450 1689 694 1732 cognoscendas,
712 1689 908 1730 decidendas,
925 1694 955 1722 et
971 1690 1034 1722 fine

295 1743 402 1776 debito
426 1742 638 1776 terminandas
663 1742 898 1783 committimus,
916 1746 1033 1776 etcum

294 1801 447 1841 potestate
472 1796 597 1837 citandi,
614 1807 649 1829 ac
673 1796 704 1828 in
728 1797 867 1829 Romana
892 1796 979 1829 curia
1004 1802 1034 1829 et

295 1855 383 1883 extra
398 1860 539 1893 eambper
558 1849 693 1884 edictum
713 1848 884 1892 publicum,
901 1850 1033 1883 constito

295 1903 467 1936 summarie
496 1903 534 1936 de
562 1913 624 1936 non
649 1907 717 1935 tuto
741 1912 885 1942 accessu,
911 1912 946 1935 ac
970 1902 1035 1945 qui-

295 1956 401 1989 busvis
414 1956 619 1989 inhibendum
634 1956 738 1996 suerit,
752 1955 922 1995 inhibendi,
941 1955 1032 1988 etiam

296 2008 354 2041 sub
367 2009 507 2042 censuris
524 2014 554 2041 et
570 2008 678 2052 poenis
696 2008 925 2048 ecclesiasticis,
942 2013 1035 2051 atque

297 2061 391 2095 etiarn
410 2062 609 2106 pecuniariis,
630 2062 773 2095 invocato
793 2062 886 2095 etiam
910 2062 948 2094 ad
965 2062 1034 2102 hoc,

297 2115 322 2147 si
346 2125 425 2158 opus
447 2115 561 2155 fuerit,
586 2115 700 2148 auxilio
730 2115 849 2147 brachii
876 2115 1034 2154 secularis,

297 2173 328 2201 et
352 2179 447 2212 super
474 2169 590 2212 quibus
619 2170 742 2212 plenam
774 2174 804 2202 et
832 2170 963 2201 liberam
992 2169 1035 2200 sa-

297 2222 444 2254 cultatem
470 2227 500 2254 et
529 2222 746 2256 auctoritatem
772 2222 872 2254 eidem
899 2221 1035 2264 Scipioni

297 2274 449 2307 cardinali
472 2275 624 2308 moderno
648 2279 678 2308 et
702 2286 760 2318 pro
786 2280 929 2317 tempore
955 2274 1036 2306 exis-

297 2328 372 2360 tenti
391 2327 562 2371 protectori
579 2327 758 2360 huiusmodi
777 2327 988 2360 concedimus.

341 2381 356 2424 ἓ
381 2380 409 2413 ⁶2.
435 2381 504 2413 Non
528 2380 723 2413 obstantibus
752 2379 1035 2419 constitutionibus,

297 2439 328 2467 et
345 2434 596 2467 ordinationibus
613 2434 804 2477 apostolicis,
821 2444 857 2466 ac
873 2433 1035 2477 quibusvis

297 2487 404 2531 (etiam
422 2487 607 2527 iuramento,
625 2486 872 2527 confirmatione,
890 2487 937 2519 vel
958 2497 1034 2530 qua-

296 2539 342 2573 vis
358 2539 506 2572 firmitate
521 2539 581 2572 alia
598 2539 768 2582 roboratis)
781 2539 902 2571 statutis
919 2544 949 2571 et
965 2550 1035 2572 con-

297 2593 522 2633 suetudinibus,
547 2593 665 2632 usibus,
690 2592 778 2633 stilis,
803 2592 1034 2625 reformationi-

332 2656 345 2682 1
363 2655 433 2681 Edit.
449 2654 528 2681 Maia.
545 2654 610 2689 legit
624 2663 657 2680 ac
671 2658 708 2688 (a.
726 2658 776 2684 τ.),

377 2708 456 2737 Bull.
476 2708 560 2736 Rom.
576 2723 610 2729 —
628 2708 686 2736 Vol.
707 2706 773 2736 XII.
918 2709 965 2736 101

1065 310 1136 350 bus,
1151 309 1324 353 privilegiis
1341 318 1478 352 quoque,
1494 307 1633 347 indultis,
1647 312 1677 340 et
1691 306 1803 340 litteris

1065 362 1243 406 apostolicis
1273 362 1303 393 in
1333 361 1525 394 contrarium
1556 359 1803 403 praemissorum

1065 415 1303 458 quomodolibet
1323 414 1489 453 concessis,
1507 413 1698 446 confirmatis
1715 417 1745 444 et
1761 412 1804 444 in-

1066 467 1195 501 novatis.
1208 467 1324 506 Quibus
1336 466 1483 499 omnibus
1494 471 1521 498 ct
1533 465 1672 508 singulis,
1682 464 1804 498 etiamsi

1066 532 1124 564 pro
1142 521 1267 553 illorum
1281 519 1446 552 sufficienti
1463 518 1665 560 derogatione
1681 517 1719 549 de
1732 517 1803 557 illis,

1067 584 1240 617 eorumque
1255 573 1327 606 totis
1345 572 1517 613 tenoribus,
1534 571 1686 615 specialis,
1704 571 1803 614 speci-

1066 627 1135 668 fica,
1153 637 1302 670 expressa
1320 631 1349 658 et
1367 625 1535 665 individua,
1552 634 1615 657 non
1628 628 1730 656 autem
1747 633 1805 666 per

1067 680 1222 712 clausulas
1232 678 1393 721 generales
1403 678 1484 710 idem
1496 677 1709 720 importantes‚
1720 685 1805 708 men-

1066 732 1109 765 tio
1126 743 1180 764 seu
1198 731 1326 775 quaevis
1343 730 1403 762 alia
1420 730 1581 774 expressio
1594 728 1737 761 habenda
1752 732 1805 760 aut

1067 785 1169 829 aliqua
1182 785 1242 818 alia
1255 784 1406 828 exquisita
1419 784 1518 817 forma
1530 783 1568 816 ad
1581 783 1641 815 hoc
1654 781 1806 815 servanda

1067 839 1168 879 soret,
1193 839 1319 871 illorum
1346 837 1489 870 tenores¹
1514 835 1730 880 praesentibus
1746 844 1805 878 pro

1067 892 1159 935 plene
1183 896 1214 923 et
1237 890 1428 923 sufficienter
1447 889 1602 932 expressis
1626 893 1656 920 et
1678 887 1717 920 ad
1741 897 1807 920 ver-

1066 944 1141 976 bum
1166 943 1291 976 insertis
1321 942 1487 982 hahentes,
1512 940 1572 973 illis
1595 940 1670 973 alias
1693 940 1725 972 in
1749 950 1806 973 suo

1067 996 1182 1029 robore
1213 995 1445 1039 permansuris,
1470 994 1527 1026 hac
1551 993 1619 1025 vice
1647 992 1807 1025 dumtaxat

1068 1049 1246 1091 specialiter
1263 1053 1293 1081 et
1309 1057 1453 1091 expresse
1470 1046 1670 1088 derogamus,
1683 1044 1807 1077 ceteris-

1068 1111 1129 1143 que
1153 1100 1320 1133 contrariis
1344 1100 1603 1143 quibuscumque.

1111 1154 1222 1186 Datum
1240 1155 1368 1194 Romae,
1386 1152 1469 1196 apud
1484 1152 1512 1185 S.
1535 1153 1661 1185 Petrum
1679 1151 1736 1183 sub
1756 1161 1807 1183 an·

1068 1207 1142 1239 nulo
1155 1206 1332 1246 Piscatoris,
1349 1206 1398 1238 die
1414 1215 1425 1238 1
1441 1204 1548 1248 aprilis
1565 1214 1718 1244 nncxxiu,
1732 1213 1807 1247 pon-

1069 1259 1204 1291 tificatus
1228 1258 1327 1292 nostri
1352 1268 1433 1290 anno
1453 1267 1497 1290 111.

1104 1320 1162 1348 Dat.
1180 1321 1224 1348 die
1239 1322 1253 1348 1
1271 1320 1365 1355 aprilis
1381 1320 1459 1354 1693,
1475 1319 1573 1354 pontif.
1589 1327 1659 1346 anno
1673 1325 1713 1346 111.

1398 1438 1482 1472 CVII.

1067 1509 1231 1550 Extensio,
1248 1514 1278 1542 et
1290 1520 1373 1542 nova
1390 1510 1546 1542 concessio
1556 1509 1807 1553 privileqiorum

1111 1563 1312 1606 cappellanis
1335 1563 1476 1596 Romani
1499 1562 1670 1604 Pontificis
1689 1571 1807 1594 conces-

1110 1627 1220 1649 sorum
1232 1627 1290 1660 pro
1299 1616 1500 1659 cappellanis
1515 1615 1614 1648 huius
1623 1614 1804 1656 Pontificis.

1271 1687 1430 1722 Gregorius
1450 1688 1529 1720 Papa
1548 1687 1603 1720 XV,

1208 1732 1244 1759 ad
1264 1732 1396 1759 futuram
1415 1731 1459 1758 rei
1480 1730 1662 1758 memoriam.

1112 1794 1205 1828 Grata
1229 1793 1447 1827 familiaritatis
1472 1792 1634 1836 obsequia,
1657 1803 1738 1836 quae
1762 1792 1805 1825 di·
1820 1803 2004 1852 Coeaffifmiffiaim

1849 1838 1873 1852 DS
1969 1836 1986 1850 S.

1068 1847 1138 1880 lecti
1162 1847 1218 1879 filii
1243 1847 1372 1881 Carolus
1400 1846 1550 1879 Antonius
1575 1846 1722 1878 Vacarius
1745 1846 1805 1879 Bo-

1068 1901 1244 1940 noniensis,
1275 1900 1387 1933 Caesar
1410 1899 1598 1932 Ferrarinus
1629 1900 1722 1933 etiam
1751 1899 1807 1932 Bo-

1068 1954 1246 1993 noniensis,
1270 1954 1401 1987 loannes
1425 1953 1636 1985 Bernardinus
1661 1953 1806 1986 similiter

1068 2008 1283 2047 Bononiensis,
1300 2008 1407 2041 Simon
1428 2007 1559 2039 Fabrius
1575 2007 1806 2047 Nucerinensis,

1069 2062 1199 2094 loannes
1227 2061 1412 2093 Franciscus
1436 2060 1641 2103 Sangiorgius
1664 2060 1806 2093 Casalen-

1069 2115 1121 2152 sis,
1146 2114 1277 2146 Faustus
1301 2114 1405 2146 Polius
1430 2113 1629 2156 Spoletanus‚
1654 2113 1808 2146 Robertus

1070 2168 1223 2201 pavonius
1247 2167 1339 2199 etiam
1366 2167 1560 2210 Spoletanus,
1578 2166 1734 2199 Fabritius
1755 2167 1808 2199 Ba-

1070 2221 1173 2253 desius
1198 2221 1366 2260 Romaan
1387 2220 1532 2253 Claudius
1548 2219 1733 2252 Thomasius
1753 2220 1808 2252 Ve-

1070 2275 1218 2313 rulanus‚
1243 2278 1271 2307 et
1296 2274 1409 2306 Paulus
1436 2273 1532 2306 Maius
1563 2272 1807 2315 Cephaludensis

1071 2327 1242 2370 respective
1255 2326 1414 2359 civitatum
1429 2331 1458 2358 et
1467 2325 1656 2364 dioecesum,
1664 2325 1807 2358 moderni

1070 2381 1229 2423 cappellae
1254 2386 1379 2412 nostrae
1403 2378 1582 2422 pontificiae
1613 2379 1806 2422 cappellani,

1070 2433 1160 2465 nobis
1177 2436 1206 2466 et
1222 2432 1421 2476 Apostolicae
1437 2431 1507 2464 Scdi
1522 2432 1673 2464 hactenus
1689 2432 1809 2475 impen-

1070 2485 1193 2525 derunt,
1204 2490 1234 2517 et
1242 2485 1344 2517 adhuc
1354 2484 1495 2517 sollicitis
1504 2484 1614 2517 studiis
1625 2485 1808 2528 impendere

1069 2549 1132 2572 non
1149 2538 1311 2577 desistunt,
1326 2547 1447 2570 necnon
1464 2537 1544 2570 vitae
1561 2548 1596 2570 ac
1613 2548 1736 2571 morum
1755 2538 1808 2572 ho-

1067 2598 1178 2632 nestaS,
1196 2591 1317 2635 aliaque
1333 2590 1500 2623 laudabilia
1517 2591 1681 2634 probitatis
1699 2596 1729 2624 et
1746 2591 1816 2624 vir-.

1103 2656 1115 2682 1
1131 2654 1201 2681 Edit.
1218 2653 1297 2681 Main.
1313 2653 1379 2689 legit
1394 2653 1541 2681 tenoribus
1555 2654 1593 2689 (a.
1607 2654 1656 2688 τ.).

1702 248 1761 284 801
1812 258 1862 287 An.
1881 257 1910 287 c.
1932 257 2000 286 ¹623
