2293 3231
280 265 329 291 An.
344 265 374 290 (z.
399 264 464 292 ¹6¹2
516 255 574 289 122

481 312 648 346 ritionibus
678 319 708 346 et
741 311 1006 352 relaxationibus,
1031 310 1109 344 nihil
1140 310 1219 344 reci-

481 366 593 410 piatur.

527 419 578 453 92.
604 419 638 453 Et
672 420 702 452 in
735 418 881 452 omnibus
913 417 1036 450 casibus
1067 417 1222 458 solvatur,

482 477 577 516 prout
601 472 631 505 in
655 472 725 505 aliis
742 471 834 505 Urbis
856 470 1066 504 tribunalibus
1083 470 1160 504 solvi
1178 481 1225 504 so-

483 524 572 557 litum
597 529 627 557 et
651 529 837 558 consuetum
861 529 917 557 est.

528 576 579 611 93.
598 578 621 610 A
638 576 830 622 pauperibus
852 581 883 610 et
909 576 1142 610 miserabilibus
1158 586 1226 621 per—

483 631 578 671 sonis,
591 630 680 670 nihi1;
694 630 732 664 de
748 635 933 675 paupertate
948 635 978 664 et
990 630 1225 664 miserabilitate

483 689 583 717 stetur
611 683 754 718 relationi
772 683 912 718 advocati
937 683 985 717 vel
1008 684 1225 728 procuratoris

482 747 666 782 pauperum.

807 809 824 852 ἓ
847 809 897 842 111.

511 881 603 914 Tama
620 880 828 914 notariorum
845 879 1007 914 auditoris
1023 879 1200 914 camerae¹.

530 951 558 985 ’1.
585 951 618 986 In
644 951 746 985 causis
773 951 942 986 ordinariis
969 951 1008 985 ad
1034 951 1095 985 hoe
1122 951 1226 986 sorum

484 1005 724 1051 pertinentibus,
748 1005 842 1040 etiarn
865 1005 951 1050 quod
974 1005 1055 1040 adsit
1078 1005 1227 1039 commis-

484 1060 531 1094 sio
555 1069 757 1105 quocumque
789 1063 930 1104 tempore
954 1059 1139 1104 impetrata,
1163 1060 1228 1094 exi-

485 1117 578 1158 gatur
607 1117 640 1147 ut
664 1113 755 1146 infra:

530 1164 560 1198 2.
578 1165 639 1199 Pro
656 1164 920 1209 expeditionibus,
935 1164 1060 1210 quando
1078 1169 1150 1200 sunt
1164 1165 1231 1210 plu—

486 1230 537 1253 res
571 1229 727 1264 personae
763 1223 926 1255 consortes
940 1247 948 1261 ,
977 1219 1072 1254 etiam
1107 1219 1133 1253 si
1168 1219 1231 1254 sint

486 1273 770 1317 congregationes,
802 1273 955 1316 collegia,
989 1273 1146 1318 capitula,
1182 1273 1229 1306 rel

487 1327 728 1368 universitates,
759 1327 884 1360 nonnisi
919 1337 978 1373 pro
1010 1337 1073 1360 uno
1108 1332 1229 1360 tantum

487 1381 641 1424 exigatur,
654 1384 749 1425 prout
771 1384 801 1414 et
818 1381 850 1414 in
861 1380 1084 1415 reformatione
1097 1380 1232 1414 Sanctis-

488 1434 559 1468 simi
584 1434 741 1468 sancitum
764 1438 811 1469 est
838 1434 896 1467 sub
920 1434 1049 1468 rubrica
1072 1435 1119 1469 De
1138 1439 1230 1469 nola-

487 1488 560 1530 riis,
581 1489 596 1532 g
612 1488 679 1522 Pro
696 1487 958 1533 expeditionibus
969 1487 990 1522 ².

533 1540 563 1576 3.
590 1541 650 1575 Pro
674 1541 844 1577 monitorio
877 1542 1021 1587 specialis
1045 1543 1084 1576 ad
1108 1547 1231 1588 partes,

490 1595 556 1629 iulii
580 1605 704 1629 novem.

533 1649 564 1682 4.
589 1648 650 1683 Pro
670 1649 841 1684 monitorio
864 1650 993 1694 speciali
1012 1661 1069 1694 per
1085 1650 1233 1692 edictum,

490 1702 556 1736 iulii
580 1702 738 1736 undecim.

534 1755 564 1789 5.
589 1755 650 1790 Pro
673 1755 843 1790 monitorio
867 1757 899 1790 in
924 1757 986 1792 vim
1010 1757 1117 1792 Bullae
1133 1758 1235 1803 Euge-

490 1809 622 1851 nianae,
646 1809 714 1843 iulii
738 1810 915 1844 duodecim.

534 1863 564 1898 6.
591 1864 651 1898 Pro
678 1864 862 1907 Eugeniana
891 1875 949 1910 per
981 1865 1136 1907 edictum,
1168 1865 1234 1900 iulii

490 1916 680 1962 quindecim.

538 1970 567 2004 7.
588 1971 649 2005 Pro
663 1971 834 2007 monitorio
854 1972 886 2006 in
905 1972 968 2006 rim
989 1972 1096 2006 Bullae
1115 1973 1235 2008 Coenae

493 2024 628 2066 Domini,
649 2025 715 2059 iulii
737 2026 915 2060 duodecim.

537 2076 567 2111 8.
585 2078 645 2113 Pro
662 2079 809 2114 citatione
827 2091 900 2114 cum
921 2080 1108 2115 inhibitione
1128 2082 1237 2125 vigore

493 2133 710 2177 appellationis
730 2139 818 2167 extra
837 2134 958 2167 curiam
970 2161 978 2175 ,
997 2145 1070 2168 cum
1090 2135 1236 2170 insertio-

494 2196 534 2219 ne
554 2186 755 2221 instrumenti
776 2187 949 2221 sententiae
972 2198 990 2221 a
1016 2198 1078 2232 qua
1101 2189 1237 2233 appella-

494 2244 555 2282 tur,
572 2240 638 2274 iulii
655 2240 774 2275 decem.

540 2294 568 2328 0.
595 2294 655 2328 Pro
680 2295 889 2330 instrumento
920 2295 1143 2337 remissor-iae,
1169 2296 1235 2330 iulii

494 2357 618 2381 novem.

541 2400 592 2434 10.
605 2401 665 2435 Pro
683 2401 893 2436 instrumento
910 2401 972 2436 litis
987 2402 1174 2447 pendentiae
1187 2414 1237 2438 ex·

497 2459 544 2487 tra
561 2455 693 2496 curiam,
712 2455 778 2489 iulii
795 2466 918 2490 novem.

532 2542 546 2569 1
569 2541 731 2571 Refer-matio
751 2543 833 2571 buius
851 2544 944 2572 curiae
962 2545 1080 2573 habetur
1098 2545 1124 2573 in
1144 2545 1234 2573 Const.

498 2593 591 2621 praec.
613 2588 626 2622 S
646 2594 683 2614 lv.

534 2630 551 2657 2
570 2630 635 2703 5330
649 2631 676 2658 in
696 2631 786 2660 Const.
805 2634 932 2669 praeced.
953 2634 968 2671 5
986 2641 1033 2663 xlx
1052 2643 1129 2664 num.
1151 2635 1184 2664 79
1203 2635 1237 2663 ad

500 2682 560 2712 pag·
619 2696 625 2703 ·

1062 263 1240 288 BULLARwM
1265 262 1419 288 nomnen

1298 310 1311 343 1
1325 310 1349 344 1.
1375 310 1436 344 Pro
1453 316 1652 356 transumpto
1669 311 1804 356 simplici
1822 312 1915 346 unius
1931 311 1998 346 bul-

1254 363 1312 405 lae,
1330 364 1378 397 vel
1395 363 1608 405 instrumenti,
1621 369 1674 398 aut
1687 364 1827 406 cedulae,
1842 365 1890 398 vel
1903 364 1997 400 etiam

1255 417 1396 462 plurium
1412 417 1576 458 similium,
1593 427 1650 451 seu
1666 417 1802 452 aliorum
1822 418 1941 452 iurium
1967 418 1998 452 in

1256 469 1368 504 eodem
1394 474 1594 514 transumpto
1617 470 1862 515 descriptorum,
1886 471 1912 505 si
1936 472 2000 506 sue-

1257 520 1321 557 rint
1337 523 1368 556 in
1387 523 1489 557 forma
1505 522 1662 567 probanti,
1678 522 1745 556 iulii
1764 523 1942 565 duodecim;

1303 576 1354 610 12.
1380 576 1409 610 Si
1435 586 1510 610 vero
1541 576 1572 609 in
1607 576 1709 610 forma
1741 576 1905 618 vidimus,
1933 577 2000 612 iulii

1258 640 1384 665 novem:

1303 684 1355 718 ⁴13.
1381 685 1492 719 Habita
1507 690 1612 719 tamen
1630 685 1752 720 ratione
1764 696 1912 720 excessus
1927 686 2002 720 scri·

1258 743 1436 783 pturarum,
1452 738 1584 773 arbitrio
1601 738 1724 780 iudicis,
1740 739 1843 784 quoad
1860 739 2001 774 laborem

1258 792 1383 826 notarii.

1304 845 1356 879 14.
1381 845 1442 880 Pro
1467 851 1633 891 sequestro
1657 851 1747 880 extra
1770 846 1910 888 curiam,
1935 846 2002 881 iulii

1259 908 1382 933 novem.

1306 952 1358 986 15.
1385 952 1446 987 Pro
1459 952 1573 986 litteris
1582 952 1833 998 superviventiae
1847 964 1928 998 quae
1940 964 2004 989 non

1260 1011 1419 1047 taxentur,
1444 1007 1676 1052 comprehenso
1701 1007 1817 1051 sigillo,
1841 1007 1909 1042 iulii
1932 1018 2006 1053 qua-

1261 1065 1343 1094 tuor.

1307 1113 1358 1148 16.
1384 1114 1445 1148 Pro
1469 1114 1531 1148 fide
1555 1114 1722 1158 legalitatis
1745 1115 1950 1160 apponendae
1973 1117 2006 1151 in

1263 1167 1482 1201 instrumentis
1506 1168 1705 1202 notariorum
1719 1196 1728 1210 ,
1752 1168 1784 1202 in
1815 1174 1917 1206 totum
1940 1171 2005 1203 una

1263 1232 1335 1255 cum
1360 1221 1465 1265 sigillo
1482 1221 1548 1254 iulii
1565 1221 1638 1255 duo.

1308 1274 1359 1308 17.
1380 1274 1441 1309 Pro
1465 1274 1614 1308 mandato
1638 1274 1677 1308 de
1708 1275 1914 1320 exequendo,
1939 1275 2006 1310 iulii

1263 1337 1386 1362 norem.

1308 1380 1360 1414 18.
1386 1381 1446 1414 Pro
1471 1382 1545 1415 nota
1570 1381 1755 1423 sententiae,
1778 1382 1867 1416 nihil.

1309 1435 1360 1469 119.
1387 1435 1449 1468 Pro
1474 1435 1635 1479 sportulis,
1660 1435 1748 1468 nihil.

1308 1488 1361 1522 20.
1386 1488 1420 1521 In
1444 1488 1547 1522 causis
1564 1488 1800 1531 commissariis‚
1813 1490 1899 1525 iuxta
1913 1492 2010 1527 resor—

1265 1543 1436 1576 mationem
1453 1542 1647 1577 Sanctissimi
1671 1543 1729 1577 suh
1746 1544 1876 1579 rubrica
1890 1545 1938 1580 De
1950 1557 2009 1580 au-

1265 1596 1370 1630 ditore
1393 1607 1549 1639 camerae,
1577 1597 1593 1641 ἓ
1617 1597 1654 1631 in
1677 1597 1812 1632 causis&

1310 1650 1362 1683 21.
1387 1650 1448 1684 Pro
1473 1650 1623 1684 citatione
1643 1650 1752 1695 rigore
1776 1652 2010 1688 commissionis

1266 1703 1386 1748 absque
1409 1703 1596 1738 inhibitione
1620 1709 1709 1738 extra
1725 1705 1857 1748 curiam,
1873 1705 1940 1740 iulii
1957 1717 2010 1742 no-

1267 1768 1348 1792 vem.

1312 1811 1363 1845 22.
1389 1812 1450 1845 Pro
1475 1811 1623 1846 citatione
1648 1823 1720 1846 eum
1738 1813 1925 1850 inhibitione
1939 1816 2011 1850 sim-

1268 1864 1352 1910 plici,
1369 1864 1436 1898 iulii
1453 1864 1612 1899 undecim.

1311 1917 1363 1952 23.
1388 1919 1449 1952 Pro
1473 1918 1621 1953 citatione
1644 1929 1717 1952 cum
1741 1919 1929 1955 inhibitione
1952 1921 2011 1956 sub

1268 1972 1421 2014 censuris,
1442 1973 1508 2006 iulii
1523 1973 1774 2018 quatuordecim.

1312 2026 1364 2060 2-1.
1390 2026 1450 2061 Pro
1474 2026 1623 2061 citatione
1647 2038 1720 2061 cum
1740 2028 1930 2064 inhibitione
1952 2029 2011 2065 sub

1268 2081 1411 2115 censuris
1421 2091 1478 2126 per
1487 2080 1637 2122 edietum,
1647 2081 1742 2115 etiam
1757 2093 1817 2127 pro
1832 2084 2010 2119 necessario

1268 2135 1422 2176 examine,
1444 2134 1510 2168 iulii
1527 2135 1637 2169 decem
1654 2141 1685 2169 et
1697 2142 1778 2171 octo.

1311 2188 1363 2222 25.
1390 2188 1450 2223 Pro
1475 2189 1663 2224 inhibitione
1688 2190 1824 2236 simplici
1848 2197 1938 2227 extra
1960 2203 2011 2227 cu·

1268 2243 1359 2284 riam,
1375 2242 1442 2276 iulii
1459 2253 1583 2277 novem.

1312 2296 1364 2330 26.
1397 2296 1458 2331 Pro
1482 2297 1670 2332 inhibitione
1694 2302 1782 2332 extra
1805 2298 1926 2333 curiam
1951 2299 2010 2334 sub

1268 2351 1422 2392 censuris,
1440 2351 1507 2384 iulii
1523 2351 1700 2386 duodecim.

1313 2403 1364 2437 27.
1403 2404 1462 2438 Pro
1499 2404 1686 2439 inhibitione
1715 2404 1747 2438 in
1776 2405 1880 2447 curia,
1915 2405 2010 2441 bono·

1268 2457 1341 2491 neni
1359 2457 1489 2501 triginta
1505 2458 1655 2502 quinque.

1313 2510 1364 2544 28.
1390 2511 1451 2545 Pro
1475 2511 1646 2546 monitorio
1669 2511 1809 2556 speciali,
1834 2512 1901 2547 iulii
1918 2513 2011 2558 quin-

1269 2565 1382 2599 decim.

1308 2681 1319 2708 ¹
1342 2679 1406 2709 Vide
1421 2680 1511 2709 const.
1532 2679 1659 2717 praeced.
1675 2680 1709 2709 ad
1723 2689 1785 2718 pag.
1806 2681 1841 2710 65
1862 2681 1886 2710 b.

2007 265 2057 293 An.
2072 265 2102 292 c.
2123 264 2195 294 1612
2240 247 2247 282 ἶ
