2293 3231
91 258 141 286 An.
157 257 187 285 C.
210 257 272 285 ¹621

117 850 237 872 Exordium.

117 1648 146 1669 Aa
165 1651 273 1674 praestan-

91 1674 140 1695 dum
165 1676 209 1701 regi
238 1682 274 1701 pru

92 1702 146 1722 bello
156 1705 228 1722 canu-a
243 1708 273 1722 rc>

91 1727 157 1749 belles
166 1730 275 1751 auxilium,

119 2234 212 2255 Pontifex
225 2239 275 2260 ape·

93 2262 167 2281 stolii-n
198 2267 276 2281 nuncio

93 2287 212 2308 facultatem
226 2292 275 2309 con-

93 2314 148 2334 cedit
164 2315 274 2339 colligendi

93 2340 208 2361 subsidium
238 2341 274 2361 ‹lc-

94 2367 276 2388 ciesceutennrum

94 2393 178 2414 millium
206 2397 273 2415 sruto-

95 2424 139 2439 runi
153 2425 165 2440 a
182 2421 238 2441 clero
255 2424 274 2441 et

95 2445 145 2466 locis
159 2446 205 2472 piis.

894 257 1069 282 GREGORIUS
1094 257 1136 281 XV
1161 257 1207 281 PP.

335 305 396 338 cies
420 309 627 338 centenorum
647 305 794 338 millium
812 310 977 339 scutorum
992 305 1030 339 ab

334 358 567 399 ecclesiasticis,
587 359 716 403 piisque
739 359 815 392 locis
838 360 932 403 requi
948 359 1031 392 eius-

333 411 416 453 dem,
429 422 513 456 quiae
526 413 562 445 in
579 412 655 445 belli
668 416 781 446 contra
794 412 926 446 rebelles
945 423 1031 446 sum-

333 470 408 510 ptus
433 470 604 510 eroyentur
616 464 636 498 ¹.

288 537 458 565 Venerabili
478 537 565 565 fratri
581 537 704 566 Octavio
721 537 948 571 archiepiscopo
962 537 1031 564 Tar-

324 583 418 615 sensi,
440 586 544 610 nostro
566 585 597 610 et
617 583 703 610 sedis
723 583 913 617 Apostolicae
929 582 960 609 in
980 589 1029 609 re-

325 634 381 662 gno
400 626 544 655 franciae
564 627 688 661 nuncio,

491 675 651 710 Gregorius
671 676 751 710 Papa
769 675 824 703 XV.

289 729 473 758 venerahilis
497 729 606 764 frater,
627 730 756 757 salutem
779 732 810 757 et
835 727 1030 763 apostolicam

533 774 784 802 benedictionem.

334 840 493 872 Militantis
510 840 666 873 Ecclesiae
688 839 845 882 regimini,
865 838 970 871 divina
988 838 1031 870 di-

290 897 441 937 sponente
476 893 652 933 clementia,
677 892 912 936 praesidentes,
948 892 1029 925 inter

290 957 401 989 graves
418 946 652 986 sollicitudines
671 945 786 990 quibus
810 956 870 989 pro
890 950 1030 989 pastora—

290 999 327 1031 lis
351 999 444 1033 officii
470 1004 499 1034 et
523 999 714 1044 apostolicae
741 998 899 1032 servitutis
923 998 1028 1032 debito

289 1053 436 1086 continue
472 1053 670 1097 premimur,
695 1063 731 1085 ea
760 1062 843 1085 nune
867 1057 913 1084 est
936 1063 1028 1095 prae-

289 1107 392 1150 cipua,
410 1117 505 1150 quam
529 1111 709 1150 praesentes
737 1105 969 1139 haereticorum
997 1106 1027 1138 in

289 1170 388 1203 regno
412 1160 561 1193 Franciae
586 1163 690 1193 motus
709 1159 799 1192 nobis
823 1159 935 1192 merito
952 1169 1028 1192 eon-

290 1213 407 1246 ficiunt.
424 1213 634 1253 Quamobrem
654 1212 788 1246 libenter
804 1212 970 1256 pastoralis
987 1213 1029 1246 os-

290 1266 352 1299 ficii
375 1267 474 1300 nostri
499 1272 603 1310 partes
627 1266 871 1310 interponimus,
896 1277 967 1299 cum
992 1277 1028 1299 ea

290 1330 306 1352 a
330 1319 421 1353 nobis
444 1320 654 1364 postulantur,
674 1330 731 1363 per
754 1330 834 1363 quae
857 1320 1028 1353 catholico-

289 1384 360 1405 rum
384 1372 564 1417 prineipum
589 1373 671 1406 vires
695 1373 733 1406 ad
750 1373 958 1406 resistendum
976 1373 1029 1406 ho-

289 1426 383 1459 stium
419 1437 511 1460 verae
546 1427 617 1459 fidei
653 1427 816 1460 conatibus
851 1433 1028 1470 augentur,

290 1486 404 1524 prout,
428 1491 536 1514 rerum
566 1486 596 1513 et
627 1486 804 1525 temporum
829 1481 1029 1524 qualitatibus

289 1534 393 1567 debite
416 1534 574 1578 pensatis,
598 1535 810 1578 conspicimus
841 1534 872 1567 in
896 1534 1028 1567 Domino

289 1587 458 1621 salubriter
481 1588 640 1632 expedire.

334 1642 349 1684 ξ
372 1641 402 1673 ’1.
423 1641 512 1682 Sane,
530 1652 602 1675 cum
627 1641 832 1674 charissimus
852 1641 882 1674 in
906 1641 1028 1675 Christo

289 1694 372 1727 fitius
403 1701 510 1728 noster
545 1695 720 1728 Ludovicus
756 1695 948 1728 Francorum
975 1706 1027 1729 rex

289 1748 578 1789 ehristianissinms,
603 1749 642 1782 ob
667 1748 838 1781 concitatos
863 1748 893 1780 in
918 1748 1027 1782 eodem

290 1812 388 1845 regno
412 1802 450 1835 ad
474 1812 622 1846 praesens
659 1813 716 1846 pcr
751 1802 879 1835 humani
904 1802 1028 1845 generis

290 1855 410 1889 hostem
435 1862 549 1897 motus,
573 1867 632 1900 pro
656 1856 894 1900 compescendis
917 1856 1028 1890 haere-

289 1909 357 1943 ticis
381 1910 551 1942 rebellibus
575 1910 683 1953 gravia
708 1910 858 1944 hactenus
882 1920 1029 1954 expensa-

290 1973 360 1995 rum
385 1973 481 1996 onera
505 1963 654 2004 subierit,
679 1969 709 1996 et
733 1963 770 1997 ad
803 1974 952 2007 praesens
976 1975 1028 1997 sues

290 2016 377 2057 beat,
393 2026 450 2049 nos
474 2016 575 2049 eidem
600 2016 757 2050 Ludovico
780 2017 846 2060 regi
867 2017 905 2050 de
922 2018 1028 2062 aliquo

290 2069 429 2102 subsidio
461 2080 497 2102 ex
526 2070 731 2103 ecclesiarum
766 2070 855 2113 regni
879 2070 1028 2104 Franciae

289 2122 425 2166 peculio,
437 2122 612 2167 Christique
621 2123 744 2156 Domini
757 2123 947 2167 patrimonio
959 2134 1030 2168 pro-

291 2175 395 2208 videre
419 2175 624 2208 decrevimus.

335 2228 391 2271 §⁹2
407 2228 461 2261 llis
478 2228 573 2271 igitur
587 2233 617 2261 ct
630 2228 698 2261 aliis
714 2228 907 2272 gravissimis
926 2230 1028 2263 causis

290 2281 327 2314 ad
352 2281 406 2314 Dei
430 2282 563 2325 gloriam
582 2286 768 2326 sanctaeque
787 2283 854 2315 eius
872 2283 1028 2317 Ecclesiae

290 2335 503 2368 defensionem
520 2341 550 2369 et
562 2335 782 2369 exaltationem
799 2336 1028 2379 pertinentibus

289 2389 436 2433 adducti,
460 2390 742 2434 supplicationibus
765 2390 905 2423 eiusdem
930 2391 1030 2424 Ludo-

290 2443 350 2477 viei
373 2443 458 2487 regis
481 2444 609 2478 nominc
625 2443 717 2477 nobis
734 2454 829 2488 super
847 2444 908 2477 hoe
924 2444 1027 2478 humi-

292 2497 364 2530 liter
386 2498 541 2542 porrectis
565 2497 724 2538 inclinati,
749 2498 933 2532 fraternitati
958 2502 1028 2532 tuac

293 2550 467 2584 subsidium
507 2551 600 2584 unius
631 2551 781 2585 millionis
821 2556 982 2585 scutorum
1012 2563 1029 2585 a

294 2614 587 2648 quarumcumque,
615 2610 678 2637 tam
715 2605 1028 2649 metropolitanarum

329 2666 342 2692 1
363 2665 402 2692 Ex
420 2666 526 2702 aegest.
546 2667 574 2694 in
592 2667 694 2695 Secret.
716 2667 794 2694 Brev.

1707 246 1764 280 581

1064 317 1160 349 quam
1174 304 1412 345 cathedralium,
1429 304 1632 338 ecclesiarum
1650 305 1804 348 archiepi-

1065 359 1178 402 scopis,
1195 358 1362 402 episcopis,
1379 368 1501 391 necnon
1522 358 1645 391 illarum
1664 363 1694 391 ct
1713 358 1804 391 colle-

1064 412 1218 455 giatarum
1244 412 1441 456 praepositis,
1458 412 1594 453 decanis,
1612 411 1755 456 capitulis
1773 417 1800 444 el

1064 465 1222 498 canonicis
1237 492 1244 506 ,
1269 476 1304 498 ac
1340 465 1568 510 parochialium
1604 469 1634 498 ct
1669 465 1800 498 aliarum

1064 518 1266 551 ecclesiarum
1285 518 1315 550 in
1328 529 1426 561 regno
1441 518 1590 551 Franciae
1604 518 1800 551 existentium

1064 571 1223 606 dumtaxat
1239 578 1269 606 et
1288 572 1418 606 sitarum
1436 573 1623 613 rectoribus,
1641 573 1803 606 beneficia-

1065 626 1112 667 tis,
1130 626 1304 670 ceterisque
1320 627 1464 670 personis
1481 626 1698 660 ecclesiasticis
1718 638 1803 660 sccu-

1065 679 1192 720 laribus,
1210 690 1427 724 quaecumque
1452 680 1511 713 alia
1535 679 1687 713 beneficia
1707 681 1803 713 ecclc-

1064 732 1186 767 siastica
1202 732 1439 776 quomodolibet
1455 738 1643 777 nuncupata,
1661 737 1691 767 et
1705 733 1803 777 quali-

1064 791 1248 830 tercumque
1273 786 1460 830 qualismata,
1477 787 1570 820 etiam
1587 797 1623 820 ex
1641 787 1802 830 quibusvis

1063 839 1318 872 concessionibus
1331 845 1361 872 ct
1374 839 1658 883 dispensationibus
1675 845 1801 884 aposto-

1064 891 1132 924 licis
1160 892 1207 924 vel
1228 892 1303 925 alias
1327 892 1566 936 quomodolibet
1589 892 1802 925 obtinentibus

1063 946 1215 989 (exeeptis
1229 949 1342 987 tamen,
1359 946 1462 990 quoad
1480 952 1598 987 curata,
1616 947 1652 979 iis
1665 957 1800 990 quorum

1063 1003 1199 1040 centum,
1217 1004 1247 1032 et
1271 999 1374 1043 quoad
1399 999 1555 1043 simplicia
1578 999 1739 1040 beneficia,
1765 1000 1802 1032 iis

1062 1063 1197 1095 quorum
1223 1054 1316 1086 annui
1342 1053 1482 1087 redditus
1514 1065 1669 1087 summam
1694 1054 1802 1096 viginti

1062 1110 1197 1148 quatuor
1221 1106 1408 1140 ducatorum
1433 1107 1501 1140 auri
1526 1107 1564 1140 de
1588 1109 1713 1140 camera
1739 1117 1802 1140 non

1061 1159 1250 1204 excedunt),
1273 1170 1395 1194 necnon
1412 1161 1505 1193 ctiam
1529 1172 1803 1204 quorumcumque

1062 1213 1336 1253 monasteriorum,
1361 1213 1539 1254 domorum,
1560 1219 1590 1246 et
1605 1214 1802 1258 prioratuum

1062 1266 1326 1308 conventualium,
1346 1266 1570 1308 Cisterciensis,
1588 1267 1685 1300 sancti
1705 1267 1802 1300 Benc-

1061 1319 1146 1359 dicti,
1159 1320 1257 1353 sancti
1270 1321 1446 1364 Augustini,
1462 1321 1683 1363 Cluniaeensis,
1698 1321 1803 1355 Fontis

1062 1372 1206 1413 Ebraldi,
1234 1374 1572 1415 Praemonstratensis,
1597 1374 1803 1408 Grandimon-

1062 1427 1168 1467 tensis,
1176 1427 1414 1468 Carthusicnsis,
1427 1427 1682 1468 Camaldulensis,
1692 1428 1802 1461 Montis

1062 1479 1183 1519 Oliveti,
1200 1480 1473 1521 Vallisumbrosae,
1486 1481 1720 1514 Cruciscrorum
1738 1492 1803 1514 sau-

1063 1532 1102 1564 cti
1121 1532 1313 1577 Hieronymi,
1330 1539 1360 1566 ct
1376 1534 1510 1567 aliorum
1527 1545 1802 1579 quorumcumque

1062 1585 1214 1619 Ordinum
1230 1613 1237 1627 ,
1261 1597 1322 1619 non
1348 1592 1451 1620 tamen
1474 1588 1715 1621 lllendicantium
1730 1616 1738 1629 ‚
1766 1600 1801 1621 ac

1063 1638 1154 1672 etiam
1190 1640 1382 1673 Cassincnsis
1399 1668 1405 1681 ,
1438 1646 1562 1673 sanctae
1594 1642 1729 1674 Iustinae
1763 1642 1801 1674 dc

1063 1692 1176 1735 Padua,
1205 1694 1302 1727 sancti
1327 1693 1487 1735 Bernardi,
1512 1694 1801 1736 Vallischolarium,

1062 1746 1289 1787 LaterancnsiS,
1307 1753 1337 1780 et
1350 1748 1447 1781 sancti
1461 1748 1641 1789 Salvatoris,
1658 1749 1803 1782 aliarum-

1062 1810 1122 1843 que
1147 1800 1441 1843 congregationum,
1459 1805 1521 1834 tam
1548 1801 1687 1835 virorum
1706 1813 1799 1846 quam

1062 1855 1253 1896 mulierum,
1278 1854 1309 1886 in
1335 1864 1433 1897 regno
1464 1855 1625 1899 praedicto
1657 1856 1801 1889 similiter

1062 1907 1259 1941 existentium
1286 1913 1313 1940 et
1332 1907 1465 1941 sitorum
1495 1908 1669 1949 abbatibus,
1688 1909 1802 1953 priori-

1062 1962 1129 2002 bus,
1144 1962 1430 2003 eommendatariis,
1442 1962 1617 2003 abbatissis,
1630 1963 1800 2007 priorissis,

1061 2021 1092 2048 ct
1105 2015 1173 2048 aliis
1187 2015 1447 2059 quibuscumque,
1461 2027 1661 2060 quocumque
1675 2017 1801 2050 nominc

1061 2071 1249 2114 nuncupatis
1263 2098 1270 2111 ,
1302 2071 1539 2115 superioribus,
1574 2072 1800 2116 cuiuscumque

1062 2124 1260 2165 conditionis,
1277 2128 1384 2165 status,
1401 2125 1527 2168 gradus,
1545 2125 1664 2159 ordinis
1684 2132 1714 2159 ct
1729 2137 1802 2170 qua-

1061 2178 1155 2211 litatis
1180 2178 1394 2220 existentibus,
1411 2189 1447 2212 ac
1465 2179 1682 2221 immunitatis,
1700 2191 1801 2213 exem-

1061 2231 1176 2275 ptionis
1192 2232 1239 2265 vel
1256 2232 1318 2265 alio
1334 2243 1533 2276 quocumque
1546 2233 1711 2277 privilegio
1728 2244 1801 2276 gau-

1061 2285 1206 2318 dentibus
1231 2285 1329 2328 (iuxta
1352 2289 1453 2319 taxam
1470 2297 1488 2318 a
1513 2292 1541 2318 te
1565 2291 1594 2319 et
1619 2287 1763 2330 personis
1783 2297 1799 2318 a

1062 2343 1100 2379 te,
1118 2338 1142 2371 si
1160 2338 1327 2378 videbitur,
1345 2339 1543 2372 nominandis
1557 2349 1593 2372 ex
1611 2340 1696 2372 clero
1712 2350 1801 2383 prae-

1061 2391 1144 2424 dicto
1179 2391 1364 2424 auctoritate
1395 2394 1502 2425 nostra
1526 2403 1584 2436 pro
1618 2392 1798 2425 reddituum

1061 2449 1089 2477 et
1115 2449 1322 2488 proventuum
1348 2446 1520 2488 quantitate
1545 2445 1738 2487 faciendam,
1763 2457 1799 2479 ae

1063 2497 1191 2531 modum
1209 2503 1239 2531 et
1255 2499 1399 2539 formam,
1417 2504 1549 2543 tempus,
1570 2500 1737 2544 locumque
1754 2511 1800 2534 so-

1062 2551 1189 2586 lutionis
1213 2552 1468 2596 praescribenda)
1488 2553 1623 2597 petendi,
1644 2554 1799 2597 exigendi,

1063 2610 1091 2639 ct
1117 2606 1318 2650 imponendi,
1343 2616 1378 2639 ac
1409 2617 1622 2651 quascumque
1646 2618 1799 2652 personas

1817 257 1863 284 Λη.
1882 256 1910 284 C.
1930 258 1995 285 162¹

1064 2660 1290 2695 ecclesiasticas
1313 2660 1352 2693 ad
1374 2661 1568 2695 exactionem
1592 2661 1723 2696 subsidii
1746 2663 1802 2695 hu-
1825 2669 1829 2671 “
