2293 3231
40 294 91 322 Διὶ.
109 294 138 322 G.
157 293 221 322 1621

108 672 220 698 Privilegia

36 699 102 725 ipsius
133 704 219 723 congre·

37 725 127 752 gationis
136 731 177 746 non
187 731 219 746 re-

36 754 112 773 vocata
143 757 220 778 appro-

36 777 98 800 batet
104 779 218 800 coufirmat.

841 291 1016 315 Ganoonws
1041 291 1083 314 XV
1104 291 1151 314 PP.

234 340 363 385 possint,
373 340 544 384 apostolica
557 340 751 380 auctoritato,
765 343 872 374 tenore
886 350 972 383 prae-

234 393 379 434 sentium,
399 393 597 426 decernimus
621 397 651 427 ct
674 393 865 433 ordinamus,
884 399 910 425 et
933 394 973 425 sa-

233 447 382 480 cultatem
399 457 493 490 super
506 452 578 480 voto
592 452 621 479 ct
639 446 814 479 iuramento
828 446 972 489 praefatis

232 499 442 543 dispensandi,
460 510 514 532 seu
531 499 640 532 eadem
660 503 730 533 vota
749 498 973 538 connmitandi,

232 553 323 586 nobis
337 558 367 585 et
379 554 521 586 Romano
535 553 676 586 Pontifici
690 563 748 596 pro
758 557 901 596 tempore
914 552 975 584 exi—

233 606 325 640 stenti
349 616 554 639 reservamus.

279 660 293 702 g
310 658 339 691 4.
361 659 504 703 Insuper,
517 659 602 703 quod
619 658 728 691 decem
746 658 845 692 dictae
862 658 974 691 domus

235 712 263 745 S.
276 712 416 755 Agathan
429 712 569 745 eiusdem
586 711 840 755 congregationis
857 712 974 751 clerici,

235 766 273 799 ab
291 766 365 799 illis¹
384 766 566 811 praeposito
582 765 774 807 nominandi,
789 766 827 798 ad
841 772 975 809 quatuor

236 819 375 853 minores
399 825 534 864 quatuor
558 821 676 854 seriatis
699 823 746 855 vel
770 833 833 856 non
858 824 975 857 seriatis

235 873 357 915 diebus,
378 884 413 907 ac
431 874 562 907 subinde
581 874 619 907 ad
640 885 746 908 sacros
768 877 975 911 subdiacona-

237 932 296 967 tus,
313 927 493 960 diaconatus
510 932 540 960 et
555 928 788 972 presbyteratus
805 930 931 964 ordines
944 932 975 964 in

237 981 432 1024 temporibus
455 992 472 1013 a
496 981 563 1014 iure
587 982 719 1022 statutis,
741 983 914 1016 interstitiis
931 989 975 1016 ta-

236 1043 308 1065 men
321 1044 338 1066 a
352 1044 441 1067 sacro
456 1034 594 1067 Concilio
607 1035 788 1069 Tridentino
806 1036 975 1079 designatis

236 1086 365 1120 minime
389 1087 540 1128 servatis,
571 1088 705 1132 annique
731 1090 889 1123 curriculo
914 1101 976 1123 non

237 1145 408 1183 expectato,
430 1140 552 1173 etiamsi
578 1141 622 1174 sic
645 1143 869 1185 promovendi,
895 1149 977 1176 ante-

236 1204 330 1236 quam
354 1194 393 1227 de
417 1205 479 1227 uno
496 1194 534 1227 ad
554 1195 650 1227 alium
670 1203 927 1238 promoveantur,
946 1198 976 1229 in

236 1247 339 1290 primo
363 1258 488 1291 quoque
506 1252 651 1291 suscepto
668 1248 777 1281 ordine
795 1260 828 1282 se
847 1250 977 1283 minime

236 1301 443 1341 exercuerint,
468 1301 507 1333 ad
530 1301 655 1334 titulum
678 1303 834 1345 portionis
855 1314 976 1337 annuae

236 1353 443 1396 quadraginta
467 1359 627 1387 scutorum
653 1355 822 1399 unicuique
850 1357 994 1398 illorum}

236 1417 293 1450 per
316 1417 376 1450 pro
402 1411 542 1450 temporo
574 1408 739 1441 existentes
771 1409 870 1442 dictae
902 1422 976 1443 con-

237 1460 429 1502 gregationis
453 1460 601 1493 officiales
624 1462 800 1502 annuatim,
827 1458 994 1506 quamdiu*

237 1512 294 1544 sub
315 1512 398 1545 illius
428 1513 605 1546 obedienti-<⁸1
637 1514 769 1547 vixerint
796 1515 976 1558 dumtaxat,

236 1575 295 1608 pro
319 1565 402 1598 victu
433 1571 463 1599 et
492 1567 626 1607 vestitu,
656 1573 749 1610 prout.
777 1575 977 1612 praestantur

237 1619 305 1652 aliis
321 1620 422 1652 dictae
441 1622 694 1663 congregationis
711 1623 922 1657 confratribus
946 1624 977 1656 in
993 1638 995 1654 i

237 1673 398 1705 communi
423 1673 598 1706 viventibus
617 1680 648 1706 et
675 1674 705 1706 in
726 1676 762 1708 ca
783 1687 995 1711 commoran-t,

237 1725 340 1767 tibus²,
354 1726 625 1769 praestandorum,
646 1728 670 1759 si
688 1728 763 1761 alias
779 1729 817 1761 ad
832 1729 860 1761 id
875 1730 977 1763 idonei
993 1712 996 1764 i

237 1779 354 1822 reperti
379 1780 514 1820 suerint,
539 1791 557 1812 a
581 1781 693 1815 dilecto
718 1782 782 1815 tilio
813 1789 922 1817 nostro
946 1785 978 1816 in

238 1832 320 1864 alma
344 1832 429 1865 Urbe
453 1833 570 1866 vicario
595 1834 626 1866 in
652 1835 868 1878 spiritualibus
888 1847 978 1879 gene-

238 1886 306 1927 rali,
330 1886 398 1919 eius
422 1887 553 1920 arbitrio
578 1898 613 1920 ac
637 1889 662 1921 si
686 1889 728 1921 ita
748 1889 791 1921 illi
813 1890 977 1931 videbitur,

238 1940 439 1981 promoveri,
464 1945 494 1973 ct
518 1941 655 1984 promoti
681 1941 711 1973 in
736 1942 899 1975 ordinibus
924 1944 980 1976 liu-

239 1991 374 2026 iusmodi
399 1993 491 2026 etiam
516 1994 547 2026 in
571 1995 677 2027 altaris
701 1995 875 2029 ministerio
892 1997 980 2029 mini-

240 2049 340 2077 strare
365 2045 462 2078 libere
485 2051 515 2078 et
538 2047 621 2080 licite
645 2048 776 2088 valeant,
794 2050 979 2082 auctoritate

240 2103 270 2132 et
286 2104 394 2133 tenore
411 2100 578 2144 praedictis
603 2102 804 2136 concedimus
829 2108 859 2136 et
882 2103 980 2136 indul—

239 2163 359 2195 gemus.
385 2154 535 2187 Volumus
557 2158 671 2195 autem,
697 2156 781 2198 quod
794 2156 854 2199 ipsi
870 2157 978 2190 decem

239 2205 420 2239 huiusmodi
444 2207 651 2250 promovendi
676 2208 715 2240 ab
734 2209 913 2242 obedientia
938 2211 980 2242 di-

240 2265 363 2293 ctorum
389 2261 569 2294 officialium
587 2262 734 2294 recedere
751 2273 812 2295 non
839 2264 979 2306 possint,

239 2324 297 2346 nec
321 2314 466 2356 debeant,
491 2315 550 2347 nisi
574 2315 699 2348 aliunde
723 2316 819 2349 alium
844 2328 981 2350 commo-

240 2366 361 2400 diorem
386 2373 416 2400 et
439 2373 628 2412 perpetuum
649 2369 816 2410 redditum,
840 2370 922 2403 unde
947 2382 979 2403 se

240 2419 388 2454 decenter
412 2421 606 2455 substentare
630 2422 769 2461 valeant,
795 2423 978 2466 acquirant,

240 2478 271 2506 et
282 2478 356 2507 tunc
371 2475 496 2508 nonnisi
512 2475 549 2508 de
563 2475 629 2507 eius
646 2476 752 2508 vicarii
766 2486 823 2519 pro
837 2481 978 2519 tempore

241 2527 401 2560 existentis
413 2528 549 2569 licentia,
566 2533 596 2563 et
611 2529 816 2562 nihilominus
833 2530 923 2562 aliter
939 2530 978 2563 ab

241 2580 418 2614 ohedientia
442 2582 603 2626 praedicta
638 2583 819 2616 recedentes
843 2584 882 2616 ab
907 2594 978 2617 exe-

277 2652 288 2678 1
307 2651 407 2680 Forsan
421 2652 564 2688 legendum
578 2654 662 2682 illius
676 2663 730 2682 non
745 2655 807 2682 illis
822 2657 858 2684 (R.
875 2655 923 2688 T.).

275 2696 292 2723 2
307 2696 407 2725 Vocem
421 2699 667 2726 commorantibus
682 2707 731 2726 nos
745 2698 868 2727 addimus
879 2702 914 2734 (a.
927 2700 974 2734 Τ.).

1651 280 1714 313 649
1761 289 1809 316 An.
1826 290 1854 316 c.
1876 290 1939 317 1621

1006 339 1155 382 quntiouo
1180 344 1397 382 susceptorum
1423 337 1586 378 ordinum,
1616 337 1746 370 arbitrio

1006 391 1146 424 eiusdem
1172 391 1289 431 vii-arii,
1315 392 1373 423 sint
1401 391 1554 435 suspensi.

1051 445 1065 487 ξ
1090 444 1118 476 5.
1145 445 1274 488 Insuper
1305 445 1409 477 onmia
1441 450 1468 477 et
1502 444 1623 487 singula
1648 444 1748 477 dietae

1007 498 1258 540 congregationis
1283 498 1455 541 privilegia,
1473 504 1626 541 quatenus
1644 497 1748 529 sintin

1007 561 1075 590 usu,
1096 554 1125 583 et
1145 561 1206 584 non
1222 551 1281 583 sint.
1300 558 1461 591 revocata,
1487 562 1586 595 neque
1604 552 1661 583 suli
1687 551 1745 582 ali-

1007 603 1120 646 quibus
1131 604 1382 637 revoeationibus
1395 606 1633 648 eomprehensa,
1648 614 1749 647 neque

1008 657 1105 689 sacris
1122 658 1294 690 canonibus
1315 663 1344 690 et
1366 659 1493 691 tloueilii
1511 657 1683 690 'l'rideutini
1700 657 1750 689 de-

1008 710 1101 743 cretis
1129 722 1164 744 ac
1191 711 1465 743 constitutiouiluis
1496 711 1675 754 apostolicis
1699 711 1750 743 ad-

1010 769 1182 805 versentur,
1208 765 1392 797 auctoritate
1417 771 1443 798 et
1472 771 1578 797 tenore
1603 764 1749 808 praetatis

1009 818 1221 861 approbamus
1247 825 1276 851 et
1296 820 1538 859 eontirniauuts,
1561 819 1683 862 illisque
1708 819 1750 851 in-

1010 871 1163 905 violabilis
1187 872 1374 915 apostolicae
1395 873 1551 905 tirmitatis
1569 873 1665 905 robur
1679 872 1751 904 adii-

1009 925 1119 964 eimus,
1133 936 1167 957 ac
1180 936 1289 958 omnes
1299 931 1329 957 et
1340 926 1479 968 singulos
1497 932 1558 958 tam
1571 926 1647 958 iuris
1657 936 1751 969 quam

1010 978 1081 1010 sacti
1094 978 1243 1019 desectus,
1257 979 1347 1022 siqui
1365 979 1500 1022 desuper
1513 979 1751 1022 ‹piomodolibet

1011 1031 1249 1071 intervenerint,
1275 1033 1469 1075 supl‘ileiuus.

1054 1085 1068 1127 ξ
1086 1084 1114 1116 o.
1140 1086 1359 1126 Deeernentes,
1378 1097 1592 1130 quascumque
1614 1087 1675 1120 voti
1697 1097 1751 1119 seu

1010 1137 1176 1170 iuramenti
1195 1141 1405 1181 praedatorum
1421 1139 1679 1182 dispensationes,
1697 1150 1752 1171 seu

1012 1191 1072 1223 voti
1091 1196 1120 1223 et
1139 1192 1305 1224 iuramenti
1327 1193 1511 1225 eoruuulem
1538 1193 1753 1225 commutatio-

1010 1254 1074 1284 nes,
1092 1250 1199 1277 consta
1220 1246 1431 1288 praesentium
1450 1251 1590 1278 tenorem
1612 1247 1752 1289 quando-

1011 1309 1144 1341 cumque
1162 1298 1327 1336 saciendas,
1341 1300 1452 1336 nullas,
1472 1300 1575 1331 irritas
1589 1306 1616 1331 et
1634 1300 1751 1341 inanes,

1011 1351 1188 1394 nulliusque
1215 1352 1338 1385 roboris
1363 1353 1409 1384 vel
1436 1353 1597 1393 momenti,

1055 1405 1069 1447 ξ
1087 1405 1115 1437 7.
1134 1405 1315 1438 Praesentes
1332 1416 1407 1438 vero
1425 1406 1544 1438 litteras
1562 1406 1688 1446 validas,
1703 1406 1752 1439 tir-

1012 1468 1076 1489 mas
1101 1462 1131 1490 et
1154 1458 1295 1490 efficaces
1321 1459 1453 1491 existere
1483 1464 1513 1491 et
1542 1460 1629 1499 sore,
1654 1470 1689 1491 ac
1714 1460 1752 1491 ab

1011 1511 1157 1543 omnibus
1183 1516 1211 1543 et
1236 1512 1378 1553 singulis,
1401 1512 1438 1544 ad
1460 1523 1538 1556 quos
1559 1518 1688 1555 spectat,
1710 1513 1754 1545 in-

1012 1564 1198 1597 violabiliter
1223 1565 1383 1597 observari
1406 1565 1540 1606 debere,
1565 1565 1753 1609 irritumque

1011 1620 1041 1647 et
1065 1616 1155 1649 inane
1180 1617 1331 1660 quidquid
1357 1628 1445 1650 secus
1470 1628 1564 1661 super
1581 1618 1629 1650 liis
1646 1629 1663 1650 a
1680 1629 1754 1662 quo-

1011 1680 1115 1712 quam,
1129 1671 1237 1713 quavis
1250 1671 1445 1707 auctoritate,
1455 1671 1589 1704 scienter
1603 1673 1650 1704 vel
1668 1672 1755 1714 igno-

1012 1729 1127 1763 ranter,
1145 1724 1312 1766 contigerit
1329 1725 1482 1758 attentari.

1057 1780 1070 1820 ς’
1088 1776 1116 1809 8.
1138 1778 1206 1810 Non
1220 1778 1414 1810 obstantibus
1433 1778 1706 1812 eonstItutionibus
1724 1784 1754 1812 et

1012 1830 1262 1863 ordinationibus
1282 1831 1472 1874 apostolicis,
1491 1832 1666 1876 ceterisque
1683 1843 1754 1865 con-

1012 1883 1116 1915 trariis
1140 1883 1399 1927 quibuscuiuquc.

1056 1937 1169 1969 Datum
1190 1938 1322 1975 Itomae,
1347 1938 1429 1981 apud
1446 1944 1587 1971 sanctum
1612 1939 1752 1980 Petrum,

1013 1990 1070 2022 sub
1091 1991 1206 2024 annulo
1232 1992 1408 2031 Piscatoris,
1435 1992 1484 2024 die
1508 2003 1553 2026 xli
1570 1993 1752 2026 novembris

1013 2054 1143 2084 uocxxi,
1160 2044 1359 2087 pontificatus
1376 2046 1475 2078 nostri
1493 2056 1575 2079 anno
1593 2057 1611 2079 1.

1806 1098 1950 1124 Ditpensatio-

1766 1127 1950 1148 nes‚i‘eleo111m11-

1767 1156 1857 1173 tationes
1866 1154 1951 1179 prae-li<

1766 1183 1810 1200 ctas
1827 1183 1899 1200 eontra
1914 1181 1950 1200 ha-

1766 1213 1810 1227 rum
1819 1209 1912 1227 tenorem
1922 1207 1951 1226 sa-

1767 1234 1853 1254 eit-udas
1873 1234 1949 1254 irritat.

1766 1420 1883 1442 JCtausnlas
1892 1425 1942 1446 prae

1767 1447 1882 1467 servatii-‘is
1913 1447 1950 1467 ad-

1768 1475 1841 1499 iungit.

1768 1797 1877 1817 Contraria
1889 1796 1941 1817 toltit

1049 2106 1106 2134 Dat.
1128 2106 1171 2134 die
1191 2107 1224 2133 12
1245 2107 1400 2134 novembris
1422 2108 1499 2143 1621,
1520 2108 1616 2144 pontif.
1635 2117 1678 2136 an.
1696 2116 1716 2136 1.

1349 2233 1421 2265 XLl.

1013 2300 1059 2333 De
1076 2301 1224 2335 electione
1244 2303 1373 2336 Summi
1390 2304 1531 2337 Romani
1555 2303 1721 2346 Pontificis
1735 2303 1752 2336 ¹.

1208 2373 1364 2408 Gregorius
1383 2375 1554 2408 Episcopus,

1191 2425 1296 2445 servus
1326 2426 1478 2446 servorum
1504 2420 1574 2452 Dei,

1136 2463 1170 2488 ad
1191 2467 1370 2496 perpetuam
1390 2464 1436 2490 rei
1450 2465 1631 2492 memoriam.

1054 2531 1174 2564 zEterni
1194 2532 1293 2565 Patris
1312 2533 1419 2574 Filius,
1437 2534 1586 2576 magister
1610 2540 1640 2567 et
1662 2536 1753 2579 legis—

1012 2585 1091 2618 lator
1120 2589 1247 2626 noster,
1279 2586 1420 2619 Christus
1455 2587 1627 2629 Dominus,
1663 2589 1752 2623 cuius

1812 2554 1950 2575 Exactissima

1766 2587 1817 2602 cura
1828 2584 1846 2601 et
1863 2581 1951 2605 diligen-

1766 2609 1796 2629 tia
1828 2607 1951 2628 adhibenda

1048 2657 1058 2682 1
1077 2656 1153 2682 Aliae
1169 2656 1202 2683 de
1218 2656 1269 2683 bac
1285 2658 1397 2684 materia
1413 2658 1552 2686 electionis
1576 2659 1663 2695 Papae
1678 2668 1693 2687 a
1709 2660 1751 2687 di-
1794 2669 1798 2671 ·

1013 2701 1095 2728 versis
1111 2701 1288 2729 Pontificibus
1309 2701 1439 2730 hactenus
1459 2702 1547 2732 editae
1565 2704 1672 2732 fuerant
1687 2713 1752 2734 con-
