2293 3231
273 353 323 380 An.
338 353 368 381 c.
383 353 455 381 1622
501 343 565 378 766

302 945 317 965 c
328 944 447 965 affirmatur.

308 2008 425 2031 cinnatu.

471 401 644 434 decessoris
675 399 790 438 nostri,
821 408 900 440 quae
931 397 1037 440 incipit
1063 397 1209 431 Circum-

471 457 585 497 specta,
603 453 659 484 hac
683 451 721 483 de.
745 462 778 483 re
803 450 896 490 edita,
911 449 998 493 quasi
1019 449 1050 481 in
1067 449 1210 492 partibus
1244 456 1272 480 et
1289 446 1542 481 ordinationibus
1559 446 1752 491 apostolicis,
1769 457 1891 480 necnon
1909 446 1984 480 dicti

471 505 654 540 Germaniae
686 504 842 547 publicata
875 513 937 535 non
970 502 1029 542 sit,
1052 512 1119 534 sese
1148 512 1209 534 non

471 558 560 601 ligari
574 557 771 596 contendant,
797 556 992 600 proindeque
1009 555 1111 588 dictus
1127 555 1212 588 Guil-

470 612 582 644 lelmus
615 610 783 653 episcopus
808 609 896 641 valde
928 614 1063 648 metuat,
1095 617 1134 640 ne
1172 618 1208 639 ex

470 664 566 697 nimia
604 663 727 696 vix-endi
759 662 884 695 licentia
919 661 1109 694 vicariorum
1138 660 1212 693 alio-

471 727 606 760 rumque
641 715 1005 760 supramentionatorum
1041 725 1146 748 mores
1180 715 1210 747 in

471 770 537 803 dies
570 769 669 812 magis
699 769 911 813 depraventur
935 769 967 801 in
992 768 1211 802 detestandum

472 824 605 856 aliorum
630 823 817 856 clericorum
843 832 917 855 suae
941 822 1094 855 dioecesis
1111 832 1212 856 exem-

472 878 559 922 plum
584 882 613 910 et
637 877 817 909 scandalum
843 877 1022 920 publicum:

515 931 530 974 ἓ
553 930 582 962 4.
615 931 699 970 Nos,
723 929 906 973 praemissis
921 956 928 970 ,
957 934 1108 973 quantum
1140 940 1211 963 cum

471 984 604 1017 Domino
635 993 825 1027 possumus,
850 983 998 1023 obviare,
1031 983 1212 1027 dictumque

473 1037 673 1071 Guillelmum
695 1036 878 1080 episcopum
897 1035 1085 1079 specialibus
1099 1037 1213 1069 favori-

471 1090 530 1123 bus
555 1095 584 1123 et
609 1090 718 1133 gratiis
734 1089 884 1133 prosequi
903 1090 1052 1129 volentes,
1069 1094 1099 1123 et
1115 1100 1132 1122 a
1149 1090 1214 1133 qui-

472 1144 577 1177 busvis
593 1143 936 1180 exconn'nunieationis,
952 1143 1167 1186 suspensionis
1184 1148 1212 1176 et

473 1198 639 1238 interdicti,
656 1197 787 1241 aliisque
805 1197 1025 1230 ecclesiasticis
1042 1197 1213 1237 sententiis,

472 1251 613 1285 censuris
637 1256 667 1284 et
691 1251 811 1295 poenis,
833 1262 849 1283 a
867 1251 935 1283 iure
956 1251 1004 1283 vel
1021 1250 1060 1284 ab
1077 1251 1213 1292 homine,

473 1305 581 1349 quavis
605 1305 769 1338 occasione
786 1305 833 1337 vel
850 1307 943 1337 causa
958 1304 1038 1345 latis,
1056 1304 1080 1337 si
1099 1304 1213 1348 quibus

473 1358 709 1401 quomodolibet
721 1357 888 1391 innodatus
899 1357 1003 1390 existit
1016 1357 1054 1390 ad
1067 1357 1212 1391 effectum

473 1411 683 1455 praesentium
701 1411 861 1444 dumtaxat
878 1411 1146 1454 consequendum,
1164 1411 1214 1444 ha-

473 1476 544 1498 rum
569 1466 649 1498 serie
674 1465 872 1498 absolventes
897 1470 927 1498 et
951 1465 1129 1499 absolutum
1147 1466 1213 1498 sore

473 1525 651 1560 censentes,
676 1519 957 1563 supplicationibus
989 1520 1056 1552 eius
1087 1519 1213 1553 nomine

473 1573 564 1607 nobis
588 1584 683 1617 super
706 1574 768 1606 hoc
791 1573 954 1606 humiliter
984 1573 1139 1617 porrectis
1167 1573 1214 1606 in-

474 1627 595 1668 clinati,
628 1628 789 1661 decretum
819 1627 1015 1671 praedictum
1041 1627 1213 1671 apostolica

474 1680 668 1721 auctoritate,
684 1686 793 1714 tenore
818 1680 1040 1724 praesentium,
1061 1681 1215 1724 approba-

475 1744 544 1767 mus
568 1739 597 1767 et
621 1734 868 1775 confirmamus,
894 1734 1001 1778 illique
1026 1734 1214 1767 inviolabilis

475 1787 662 1831 apostolicae
679 1787 837 1820 firmitatis
862 1787 960 1820 robur
984 1787 1158 1828 adiicimus,
1179 1798 1214 1821 ac

476 1851 584 1874 omnes
608 1846 639 1874 et
663 1842 803 1885 singulos
827 1847 891 1874 tam
916 1841 994 1874 iuris
1018 1852 1111 1886 quam
1142 1841 1215 1876 sacti

477 1894 625 1935 detectus,
642 1895 667 1927 si
685 1896 738 1939 qui
755 1895 893 1939 desuper
917 1895 1156 1939 quomodolibet
1172 1895 1216 1928 in-

478 1948 678 1989 tervenerint,
704 1949 897 1992 supplemus.
1126 1980 1128 1983 .

523 2001 537 2045 ἓ
560 2001 589 2034 5.
614 2002 822 2035 Decernentes
847 2002 1008 2035 decretum
1034 2001 1216 2036 huiusmodi

478 2054 516 2087 ab
541 2055 696 2096 omnibus,
722 2055 759 2088 ad
783 2067 863 2099 quos
887 2060 1005 2099 spectat
1033 2061 1062 2089 et
1087 2056 1118 2089 in
1139 2056 1218 2089 sutu-

479 2118 548 2140 rum
562 2108 798 2152 quomodolibet
817 2109 979 2153 spectabit,
996 2109 1218 2142 inviolabiliter

479 2161 650 2202 observari,
675 2168 916 2206 praesentesque
940 2163 1070 2203 litteras,
1091 2163 1217 2204 validas,

480 2215 586 2247 firmas
610 2220 639 2248 ct
664 2215 805 2249 efficaces
825 2217 959 2249 existere
983 2221 1013 2250 et
1037 2218 1114 2257 sore,
1133 2227 1219 2250 suos-

480 2278 539 2310 que
564 2268 720 2311 plenarios
745 2274 775 2302 et
799 2269 939 2312 integros
965 2270 1095 2303 effectus
1113 2270 1218 2304 sortiri

481 2327 507 2353 et
534 2321 690 2363 obtinere,
715 2334 749 2356 ac
774 2323 856 2357 dicto
880 2323 1047 2357 Guillelmo
1071 2323 1219 2367 episcopo

482 2374 511 2406 in
537 2375 681 2408 omnibus
705 2380 733 2410 et
758 2387 814 2420 per
838 2377 943 2410 onmia
964 2377 1145 2421 plenissime
1162 2378 1221 2411 sus—

483 2428 608 2470 l'ragari,
634 2429 741 2472 sieque
773 2440 829 2472 per
858 2441 1075 2474 quoscumque
1101 2431 1221 2463 iudices

484 2480 659 2513 ordinarios
682 2487 712 2513 et
737 2482 906 2525 delegatos,
933 2483 1027 2516 etiam
1052 2494 1220 2517 causarum

485 2533 587 2575 palatii
612 2535 773 2577 apostolici
787 2536 956 2577 auditores,
977 2536 1108 2569 iudicari
1126 2541 1154 2570 et
1172 2537 1222 2570 de-

485 2585 566 2617 liniri
585 2586 708 2628 debere,
727 2599 761 2621 ac
778 2589 902 2623 irritum
921 2595 951 2622 et
968 2589 1069 2630 inane,
1087 2590 1112 2622 si
1131 2601 1222 2623 secus

486 2648 578 2681 super
602 2640 650 2672 his
666 2652 683 2673 a
701 2652 870 2685 quoquam,
894 2644 1002 2687 quavis
1026 2644 1220 2686 auctoritate,

486 2691 620 2724 scienter
644 2694 691 2726 vel
715 2694 907 2738 ignoranter,
931 2697 1099 2740 eontigerit
1122 2701 1221 2732 atten-

487 2745 554 2779 lari.

1041 348 1221 372 BULLARIUM
1246 347 1400 372 nmmum

1289 395 1303 438 ξ
1334 395 1363 428 6,
1396 395 1465 427 Non
1489 393 1688 427 obstantibus
1712 393 1985 428 constitutionibus

1244 502 1408 545 hospitalis
1421 501 1529 545 <etiarn
1544 500 1731 541 iuramento,
1745 500 1985 534 confirmatione

1244 556 1424 599 apostolica,
1450 555 1497 589 vel
1521 555 1631 599 quavis
1655 554 1803 588 firmitate
1819 554 1880 588 alia
1895 554 1987 588 robo-

1245 609 1334 652 ratis)
1359 609 1482 642 statutis
1507 613 1537 641 et
1561 608 1852 649 consuetudinibus,
1873 607 1987 641 stabili-

1245 667 1368 702 mentis,
1382 662 1492 695 usibus
1501 666 1529 696 et
1539 662 1670 702 naturis,
1685 672 1720 695 ae
1733 661 1986 696 ordinationibus

1245 715 1481 759 capitularibus
1505 714 1678 759 privilegiis
1700 725 1836 759 quoque,
1857 713 1986 748 indultis

1245 774 1275 801 et
1299 768 1410 802 litteris
1429 767 1618 812 apostolicis,
1636 768 1668 800 in
1685 767 1878 801 contrarium
1898 778 1987 812 prae-

1246 821 1414 854 missorum
1434 820 1673 865 quomodolibet
1693 821 1860 860 concessis,
1875 819 1988 854 confir-

1246 875 1337 908 matis
1370 879 1400 907 et
1432 874 1595 908 innovatis.
1628 874 1748 914 Quibus
1779 873 1927 907 omnibus
1957 879 1988 908 et

1246 928 1388 971 siugulis,
1401 939 1513 961 eorum
1533 928 1676 961 omnium
1701 934 1826 961 tenores
1843 937 1989 972 praesen-

1246 982 1331 1015 tibus
1355 993 1414 1026 pro
1438 982 1529 1026 plene
1553 987 1584 1015 et
1608 982 1800 1015 sufficienter
1831 981 1988 1026 expressis

1247 1036 1413 1077 habentes,
1443 1035 1504 1068 illis
1535 1035 1611 1068 alias
1634 1036 1667 1068 in
1690 1046 1746 1069 suo
1771 1034 1887 1069 robore
1915 1045 1987 1080 per-

1247 1090 1414 1131 mansuris,
1444 1090 1504 1123 hac
1528 1089 1594 1123 vice
1619 1089 1780 1124 dumtaxat
1810 1088 1989 1134 specialiter

1247 1150 1277 1177 et
1297 1154 1444 1188 expresse
1457 1144 1658 1187 derogamus,
1675 1143 1852 1188 ceterisque
1868 1148 1990 1178 contra-

1248 1198 1302 1230 riis
1326 1198 1588 1241 quibuscumque.

1290 1252 1402 1284 Datum
1423 1252 1551 1292 Romae,
1576 1251 1661 1296 apud
1684 1256 1826 1284 sanctum
1851 1251 1988 1291 Petrum,

1247 1306 1306 1338 sub
1342 1305 1457 1339 annulo
1482 1305 1669 1346 Piscator-is,
1693 1305 1743 1338 die
1767 1315 1787 1338 x
1811 1304 1990 1338 decembris

1247 1369 1390 1400 mcxxxi,
1415 1359 1618 1403 pontificatus
1642 1359 1741 1393 nostri
1765 1369 1848 1393 anno
1867 1368 1898 1392 11.

1283 1422 1343 1449 Dat.
1365 1421 1410 1448 die
1429 1421 1463 1449 10
1482 1421 1638 1449 decembris
1660 1421 1735 1456 1622,
1753 1420 1846 1457 pontif.
1865 1429 1908 1448 an.
1921 1429 1951 1448 n.

1581 1584 1651 1619 XCI.

1248 1681 1414 1724 Praecipit
1451 1681 1578 1714 litteras
1611 1685 1640 1714 et
1673 1681 1854 1724 scripturas
1885 1680 1990 1724 pratis

1294 1735 1382 1768 tradi
1401 1735 1566 1767 ministris
1589 1744 1699 1768 sacrae
1724 1733 1991 1777 Conyreqationis

1292 1789 1330 1822 cle
1338 1788 1558 1832 Propaqandtt
1574 1787 1656 1822 Fide
1672 1788 1712 1821 ab
1730 1787 1924 1831 officialibus
1938 1797 1991 1820 cu-

1292 1843 1363 1876 riae
1387 1840 1581 1876 Romanae¹.

1437 1940 1596 1975 Gregorius
1615 1939 1790 1974 Episcopus,

1423 1992 1530 2012 servus
1562 1991 1716 2012 servorum
1735 1983 1787 2011 Dei
1806 2005 1813 2017 ,

1370 2031 1405 2057 ad
1421 2032 1596 2063 perpetuam
1615 2028 1660 2056 rei
1679 2027 1864 2056 memoriam.

1294 2109 1372 2143 Cum
1396 2109 1478 2142 inter
1509 2108 1699 2152 multiplices
1730 2113 1760 2142 et
1790 2107 1994 2152 gravissimas

1251 2163 1446 2207 apostolatus
1470 2163 1571 2196 nostri
1595 2173 1707 2204 curas,
1731 2162 1845 2207 quibus
1869 2161 1993 2195 assidue

1252 2218 1438 2261 premimur,
1463 2217 1516 2249 illa
1540 2227 1598 2250 nos
1621 2227 1697 2261 prae
1721 2216 1834 2250 ceteris
1857 2215 1994 2249 maxime

1253 2271 1403 2304 sollicitos
1429 2271 1545 2313 iugiter
1577 2270 1732 2311 habeant,
1758 2275 1812 2310 ut,
1830 2269 1995 2313 extirpatis

1254 2324 1483 2357 haereticarum
1499 2324 1688 2368 pravitatum
1702 2323 1874 2365 erroribus,
1891 2322 1996 2356 catho-

1254 2378 1313 2411 lica
1324 2378 1403 2411 fides
1412 2378 1529 2421 ubique
1542 2381 1745 2411 conservetur
1753 2380 1994 2420 etpropagetur,

1254 2433 1354 2475 eaque
1378 2431 1416 2464 de
1448 2433 1542 2464 causa
1572 2431 1735 2474 negotium
1771 2428 1994 2474 propagandae

1255 2485 1285 2517 in
1310 2485 1458 2518 universo
1477 2483 1593 2517 mundo
1610 2483 1751 2517 eiusdem
1771 2482 1843 2515 fidei
1863 2481 1995 2515 nonnul-

1255 2538 1358 2571 lorum
1393 2537 1622 2570 venerabilium
1647 2537 1779 2569 fratrum
1813 2540 1995 2569 nostrorum

1254 2595 1379 2624 sanctae
1404 2591 1561 2624 Romanae
1593 2589 1748 2622 Ecclesiae
1772 2588 1995 2630 cardinalium,

1255 2645 1308 2688 qui
1333 2644 1365 2677 in
1389 2655 1487 2677 unum
1511 2643 1695 2687 congregati
1711 2646 1813 2677 tantae
1830 2642 1876 2676 rei
1893 2641 1996 2676 nobis-

1254 2708 1326 2731 cum
1339 2697 1512 2741 invigilent,
1521 2696 1673 2742 peculiari
1686 2695 1899 2737 sollicitudini,
1912 2696 1996 2729 iuxta

1291 2761 1302 2787 1
1320 2759 1357 2787 Ex
1374 2759 1480 2796 Regest.
1497 2760 1524 2787 in
1537 2759 1638 2787 Secret.
1655 2739 1743 2786 Ere?

1995 344 2050 373 An.
2066 345 2097 374 C.
2114 344 2183 374 ¹622

2048 409 2079 429 Ob
2084 407 2185 430 stantium

2000 434 2118 462 derogatio.

2035 2115 2154 2137 Exordium.
