2293 3231
890 268 985 292 tunm
1011 268 1113 292 nuncu
1662 258 1721 291 851

327 322 391 356 715
416 322 443 354 b.
475 320 587 355 Eidem
618 320 748 354 facultas
779 321 963 354 conceditur
994 324 1108 354 statuta
1134 328 1189 363 pro
1220 318 1331 352 militia
1355 317 1384 351 S.
1411 316 1516 351 lacobi
1540 316 1580 350 de
1603 316 1770 352 Calatrava

328 378 358 410 et
378 374 545 409 Alcantara
569 373 743 408 reducendi
767 373 806 407 ad
831 374 961 407 sormam
985 377 1170 407 statutorum
1195 372 1224 405 S.
1250 370 1356 405 lacobi
1378 372 1418 405 dc
1438 371 1542 415 Spata,
1563 371 1626 405 753
1647 371 1674 404 b.
1692 371 1771 405 Nee-

327 438 388 462 non
413 427 597 461 eont'erendi
629 427 731 460 offic-ia
756 425 886 461 Ordinis
917 426 1060 460 militaris
1085 425 1135 459 del
1163 424 1279 458 Tuison
1305 428 1394 458 extra
1424 423 1595 468 capitulum
1623 423 1771 468 generale

327 480 472 515 eiusdem
497 479 639 521 militiae,
665 479 727 512 779
753 490 781 513 α.

235 533 402 578 Philippus
424 533 540 568 Nerius
565 533 624 576 (B.)
651 533 766 567 Romae
792 532 1076 577 Congregatiouem
1095 533 1232 569 Oratorii
1254 536 1398 576 instituit,
1425 534 1466 567 58
1493 545 1521 575 a,
1545 534 1606 567 182
1631 533 1657 566 b.

237 588 312 622 Pius
336 588 394 622 ΡΡ.
418 588 466 621 tv.
491 587 677 621 constitutio
702 588 801 630 Ipsius
825 587 865 620 de
890 587 1111 620 emolumentis
1143 587 1362 631 persolvendis
1387 589 1418 620 in
1443 588 1604 620 creatione
1630 590 1659 620 et
1684 585 1772 620 obitu

329 640 541 676 cardinalium
565 641 724 684 magistris
749 642 1037 682 caeremoniarum,
1064 641 1126 674 433
1149 652 1169 673 a
1195 644 1225 674 et
1248 651 1309 685 seq.
1334 640 1436 685 Ipsius
1457 641 1638 674 constitutio
1663 642 1773 673 contra

327 694 510 729 sacerdotes
528 693 733 727 sollicitantes
757 694 796 728 ad
823 696 925 739 turpia
947 696 1144 739 poenitentes
1160 698 1356 735 recensetur,
1374 695 1577 728 confirmatur
1594 697 1625 728 et
1646 692 1773 737 amplia—

331 752 389 790 tur,
417 748 479 782 229
503 759 523 781 α
547 751 577 781 et
602 758 663 792 seq.

239 802 313 837 Pius
339 803 396 837 ΡΡ.
422 803 447 836 V
473 804 710 838 universitatem
734 803 928 837 Bisuntinam
953 804 1056 846 erigit,
1083 804 1097 836 1
1125 814 1164 843 ας
1191 807 1220 836 et
1246 806 1352 846 postea
1377 803 1565 846 supprimit,
1592 801 1607 834 1
1637 800 1662 841 b,
1690 801 1707 834 2
1732 811 1771 839 a;

326 855 455 890 missale
481 860 511 890 et
534 856 731 891 breviarium
748 866 911 890 romanum
930 856 1091 889 edendum
1109 859 1205 896 curat,
1234 854 1293 888 266
1321 854 1346 887 b.

238 909 384 943 Poloniae
413 909 497 944 clero
522 909 698 944 subsidium
722 911 789 953 regi
814 911 995 953 imponitur,
1022 910 1084 943 546
1110 909 1136 942 b.

237 962 406 1007 Pompeius
429 964 459 997 S.
486 963 619 998 Albinae
644 965 791 1007 Arrigoni
819 964 1007 1004 cardinalis,
1036 965 1053 997 4
1078 963 1104 996 b.
1134 963 1308 1007 Deputatur
1334 971 1351 996 a
1375 961 1471 996 Paulo
1498 961 1519 993 V
1545 971 1600 1005 pro
1626 962 1772 995 examine

325 1019 582 1061 congregationis
607 1017 734 1051 Ioannis
758 1017 827 1057 Dei,
858 1016 934 1049 ibid.

238 1068 398 1104 Pontificis
422 1070 554 1104 Romani
581 1071 694 1103 electio
716 1069 874 1114 quomodo
892 1071 930 1102 sit
948 1069 1093 1102 facienda
1113 1069 1301 1113 praescribit
1318 1068 1491 1112 Gregorius
1515 1067 1581 1110 XV,
1600 1067 1662 1101 619
1679 1067 1696 1098 b
1711 1077 1771 1111 seq.

329 1122 442 1157 Tribus
467 1127 586 1157 tantum
612 1122 713 1155 modis
740 1122 856 1165 Papam
882 1121 957 1164 eligi
983 1131 1075 1165 posse
1100 1123 1253 1163 decernit,
1280 1123 1342 1156 620
1367 1123 1392 1154 b.
1419 1121 1516 1155 Nemo
1542 1131 1577 1155 se
1597 1122 1700 1165 ipsum
1718 1121 1774 1153 eli.-

327 1184 405 1218 gere
423 1179 535 1218 potest,
552 1174 629 1207 ibid.
647 1175 705 1208 Pro
723 1176 880 1208 inclusiva
898 1174 978 1207 duae
997 1185 1036 1207 ex
1056 1174 1155 1209 tribus
1179 1176 1401 1218 suffragiorum
1426 1179 1531 1219 partes
1556 1173 1773 1214 excedendae‚

328 1227 406 1260 ibid.
423 1228 535 1262 Forma
560 1230 727 1261 iuramenti
753 1238 770 1261 a
795 1227 1009 1261 cardinalibus
1034 1229 1227 1271 praestandi,
1256 1229 1330 1261 ibid.
1355 1228 1400 1262 De
1421 1227 1582 1261 schedulis
1600 1236 1772 1271 earumque

327 1281 588 1325 inscriptionibus
618 1286 647 1316 et
678 1283 793 1326 signis,
821 1281 897 1315 ibid.
923 1282 947 1315 A
984 1282 1198 1316 cardinalibus
1223 1283 1355 1315 infirmis
1387 1281 1543 1326 quomodo
1578 1280 1681 1313 danda
1713 1282 1775 1313 sint

325 1335 497 1379 sum-agia,
524 1336 586 1369 622
611 1337 637 1369 b.
666 1336 711 1369 De
741 1340 949 1370 scrutatorum
982 1338 1157 1377 electione,
1187 1340 1308 1370 secreto
1341 1335 1520 1377 servando,
1546 1334 1773 1378 schedulisquo

328 1388 563 1430 comburendis,
582 1388 660 1423 ibid.
678 1393 708 1423 et
724 1400 784 1434 seq.
805 1390 915 1423 Cetera
940 1389 981 1423 (κί’
1005 1390 1083 1423 lianc
1109 1389 1273 1422 materiam
1299 1388 1475 1433 spectantia
1503 1387 1571 1420 risle
1598 1387 1628 1419 1'11
1658 1386 1776 1420 Consti-

329 1441 447 1474 tutione
470 1451 522 1474 xu
550 1441 701 1485 Greyori'i
727 1441 794 1475 ΧΓ.
819 1442 1064 1484 Caeremoniae,
1091 1444 1233 1487 ritusque
1258 1444 1289 1476 in
1315 1445 1384 1476 eius
1416 1442 1572 1475 electione
1604 1441 1774 1479 servandi.

331 1495 394 1528 662
419 1505 437 1528 a
463 1498 492 1528 et
517 1505 578 1539 seq.
607 1495 716 1529 Cetera
739 1494 812 1528 vide
838 1495 868 1528 in
897 1496 998 1529 Const.
1024 1505 1064 1528 ιιι
1089 1495 1226 1529 eiusdem
1255 1495 1406 1539 Greqorii
1431 1494 1497 1529 XV.
1529 1494 1616 1528 lllius
1641 1493 1776 1538 cappel-

266 1559 271 1566 ·
329 1548 403 1591 lani,
428 1548 543 1594 quibus
567 1548 710 1584 fruantur
734 1549 922 1594 privilegiis,
948 1550 1008 1583 801
1036 1549 1062 1583 b.
1086 1555 1119 1585 et
1142 1561 1202 1595 seq.
1228 1549 1265 1583 Et
1290 1550 1433 1593 episcopi
1458 1550 1527 1584 eius
1545 1547 1708 1593 cappellae
1726 1557 1776 1582 as-

329 1603 492 1646 sistentes,
518 1603 581 1637 720
606 1603 632 1636 b.

238 1655 420 1700 Presbyteri
445 1658 540 1690 etiam
561 1656 724 1700 regulares
750 1666 811 1691 non
837 1661 969 1700 possunt
993 1657 1211 1691 confessiones
1231 1658 1352 1700 audire,
1370 1658 1431 1692 nisi
1455 1655 1636 1702 parochiale
1660 1654 1776 1690 benefi-

330 1712 416 1744 cium
433 1710 581 1752 habeant,
603 1714 656 1745 aut
679 1710 719 1744 ab
744 1712 893 1755 episcopo
917 1710 1144 1754 approbentur,
1171 1711 1232 1744 656
1252 1711 1278 1743 b.

241 1764 449 1809 Propaganda
475 1764 542 1809 (de)
569 1763 631 1797 fide
657 1766 862 1808 congregatio
886 1764 1095 1798 cardinalium
1120 1766 1294 1798 instituitur
1317 1774 1334 1798 a
1359 1764 1512 1808 Gregorio
1536 1763 1610 1805 XV,
1628 1763 1691 1798 690
1710 1763 1727 1796 b
1745 1767 1775 1797 et

330 1829 392 1862 seq.
422 1817 504 1851 Huic
537 1817 725 1851 annulorum
756 1817 1026 1852 cardinalitiorum
1057 1819 1193 1862 pretium
1225 1817 1400 1858 addicitur,
1427 1818 1489 1851 693
1516 1817 1533 1849 b
1558 1820 1588 1851 et
1611 1827 1671 1861 seq.
1696 1815 1774 1850 Eius

328 1870 450 1906 litterae
477 1875 506 1905 et
531 1873 708 1915 scripturae
732 1872 836 1916 qratis
861 1871 1101 1915 expediendae,
1127 1871 1189 1904 767
1215 1882 1244 1904 α.

239 1924 375 1969 Prosper
397 1924 566 1968 Fagnanus
591 1927 847 1969 congregationis
872 1925 998 1959 concilii
1023 1926 1229 1968 segretarius‚
1257 1925 1317 1958 661
1346 1924 1372 1958 b.

240 1977 331 2012 Putei
355 1981 492 2012 castrum
517 1980 549 2012 in
573 1980 722 2013 comitatu
745 1978 892 2013 Bobiensi
917 1978 955 2012 ad
981 1978 1144 2012 Cameram
1169 1977 1384 2022 Apostolicam
1408 1979 1570 2022 pertinere
1594 1977 1776 2013 decernitur

332 2031 372 2065 28
397 2042 417 2064 a
440 2035 471 2065 et
494 2031 520 2064 b.

996 2138 1023 2173 R

242 2246 418 2291 Raynutius
452 2244 621 2280 Farnesius
653 2245 782 2280 Parmae
819 2250 849 2280 et
884 2245 1062 2280 Placentiae
1093 2243 1158 2279 dux
1187 2244 1360 2280 Alexandri
1393 2246 1475 2280 filius
1503 2249 1534 2280 et
1562 2250 1771 2290 paternarum

331 2301 483 2334 virtutum
507 2299 698 2342 aemulator,
724 2300 787 2333 70⁶2
813 2310 841 2332 a.

241 2353 415 2398 Regulares
429 2357 616 2387 exercentes
630 2362 737 2387 curam
750 2355 925 2387 animarum
942 2355 972 2386 in
998 2353 1120 2387 illexico
1145 2352 1372 2396 approbatione
1390 2353 1429 2386 ad
1447 2353 1480 2386 id
1497 2353 1642 2396 indigent
1665 2352 1770 2388 Ordi-

332 2408 432 2449 narii,
459 2407 522 2440 312
547 2407 574 2439 b.
598 2407 664 2440 Nec
687 2416 749 2440 non
774 2406 813 2439 ad
837 2406 1051 2440 confessiones
1075 2406 1266 2440 secularium
1294 2406 1485 2448 audiendas,
1511 2407 1573 2440 313
1599 2407 1627 2439 b.
1653 2406 1688 2440 In
1716 2407 1778 2454 ils,

331 2469 411 2505 quae
436 2459 475 2494 ad
500 2460 617 2493 dictam
640 2468 767 2501 curam,
794 2463 823 2492 et
847 2464 1116 2493 sacramentorum
1140 2460 1444 2493 administrationem
1473 2463 1651 2503 pertinent,
1677 2460 1781 2493 iuris.

332 2513 480 2556 dictioni,
506 2513 679 2548 visitationi
711 2517 741 2547 et
770 2515 958 2547 correctioni
990 2515 1134 2557 episcopi
1166 2513 1347 2546 dioecesani
1379 2513 1532 2555 subsunt,
1559 2514 1620 2547 657
1647 2524 1677 2546 a.
1706 2512 1778 2546 Suis

332 2567 365 2601 in
382 2567 528 2601 ecclesiis
546 2568 732 2610 praedicare
756 2576 818 2600 non
835 2570 975 2610 possunt,
994 2569 1054 2600 nisi
1076 2567 1173 2611 petita
1198 2568 1284 2609 prius
1310 2565 1348 2599 ab
1373 2568 1522 2610 episcopo
1540 2565 1778 2606 benedictione,

335 2620 398 2654 657
422 2620 448 2654 b.
472 2620 507 2654 In
531 2620 601 2655 aliis
627 2630 702 2654 vero
727 2619 871 2654 ecclesiis
887 2620 1073 2665 praedicare
1091 2622 1118 2654 si
1137 2619 1300 2662 voluerint,
1319 2620 1359 2654 ab
1377 2621 1490 2654 codem
1507 2622 1658 2665 episcopo
1678 2619 1775 2654 licen·
1819 2616 1824 2619 '

333 2672 410 2709 tiam
432 2673 549 2711 debent
572 2673 726 2717 obtinere,
751 2672 828 2707 ibid.
