2293 3231
272 301 320 329 An.
343 300 370 328 c.
392 299 457 330 1622
504 292 567 326 682
1060 298 1239 322 arminium
1265 297 1420 322 nomnen

472 353 495 392 †
521 351 586 394 Ego
611 350 721 383 Petrus
746 348 825 380 tituli
850 348 946 380 saneti
982 347 1152 380 Salvatoris
1184 346 1215 378 in
1231 350 1233 376 t
1249 345 1399 386 Domino,
1425 345 1607 386 constituti,
1633 350 1664 379 et
1687 346 1770 380 intra
1796 347 1910 381 mentis
1932 357 1990 381 no-

560 403 662 435 Lauro
688 401 850 445 presbyter
875 400 1042 433 cardinalis
1063 399 1213 432 Valerius.
1231 377 1234 413 ³
1249 404 1332 432 strae
1355 409 1470 432 arcana
1490 399 1687 432 revolventes
1713 405 1865 443 quantum
1889 411 1927 434 ex
1943 401 1991 433 lit-

473 461 494 498 †
520 457 585 499 Ego
611 456 631 488 l.
659 455 826 487 federicus
844 454 925 486 tituli
943 453 1040 486 sancti
1058 452 1215 486 Laurentii
1250 458 1389 486 terarum
1414 452 1525 486 studiis
1549 453 1703 486 catholica
1726 452 1804 486 fides
1828 459 1990 497 augeatur,

2003 298 2053 326 An.
2072 298 2103 326 C.
2119 297 2188 326 1622

312 2513 430 2533 Exordium.

560 509 591 541 in
618 508 808 551 l'anisperna
832 506 999 540 cardinalis
1013 506 1050 539 de
1064 506 1214 539 Zolleren.

473 566 495 604 ἦ
522 563 588 605 Ego
613 561 709 594 lulius
741 566 864 594 sanctae
898 560 1011 593 Mariae
1044 570 1141 604 supra
1165 560 1217 593 ,iti-

559 626 688 648 ncrraui
715 614 882 647 cardinalis
905 615 1072 647 Romanus.

472 673 494 711 ᾧ
516 670 582 712 Ego
596 669 645 701 Fr.
664 668 844 701 Desidet-ius
861 667 942 700 tituli
959 667 1058 700 sancti
1078 667 1217 702 Clemen-

561 723 599 755 tis
625 721 793 755 cardinalis
818 721 856 754 de
880 721 1044 754 Cremona.

473 780 495 818 ἢ
521 777 587 819 Ego
608 775 786 819 Stephanus
807 775 886 808 tituli
908 779 1032 808 sanctae
1053 774 1168 808 Mariae
1185 774 1216 807 in

562 829 616 862 Via
637 829 805 862 cardinalis
822 828 1023 871 Pignatellus.

472 887 494 925 -ᾗ-
520 884 586 926 Ego
610 882 796 915 Franciscus
813 882 894 915 tituli
908 882 1006 915 sancti
1024 881 1168 915 Matthaei
1184 881 1216 914 in

557 938 582 970 il
588 937 714 970 erulana
722 936 885 981 presbyter
891 935 1167 969 cardinalisSacrat
1173 945 1217 969 us,

472 995 495 1032 †
520 991 586 1034 Ego
616 991 652 1023 M.
679 989 804 1023 Antonii
837 989 927 1023 titulo
962 989 1059 1022 sancti
1091 989 1218 1023 Eusebii

561 1044 725 1088 presbyter
751 1043 918 1076 cardinalis
943 1043 1128 1077 Gozadinus.

474 1102 496 1140 †
522 1098 588 1141 Ego
612 1097 788 1130 Alexander
812 1097 892 1130 tituli
914 1102 1039 1130 sanctae
1057 1097 1170 1130 Mariae
1187 1097 1218 1130 in

563 1151 680 1184 Vialata
697 1150 865 1184 cardinalis
889 1150 1037 1183 Estensis.

473 1209 496 1247 †
520 1206 585 1249 Ego
610 1205 739 1238 Carolus
764 1204 914 1237 Emanuel
940 1204 1037 1237 sancti
1056 1204 1174 1237 Nicolai
1189 1204 1218 1237 in

561 1268 689 1292 carcere
712 1258 855 1290 Tulliano
880 1257 1047 1290 cardinalis
1071 1257 1151 1290 Pius.

475 1316 497 1354 †
522 1313 587 1355 Ego
613 1311 775 1345 Mauritius
800 1311 897 1343 sancti
929 1311 1086 1344 Eustachii
1115 1311 1219 1344 diaco-

563 1377 623 1399 nus
647 1365 814 1398 cardinalis
839 1365 877 1398 de
901 1366 1065 1399 Sabaudia.

477 1423 500 1462 -ξ-
524 1421 591 1463 Ego
615 1420 744 1454 Carolus
769 1425 893 1451 sanctae
919 1419 1031 1452 Mariae
1057 1419 1088 1451 in
1107 1419 1220 1452 Domi-

563 1474 634 1507 nica
659 1474 825 1507 cardinalis
850 1473 993 1506 Mediees.

476 1531 499 1570 4,-
523 1529 590 1572 Ego
625 1527 801 1560 Ludoricus
830 1527 910 1559 tituli
939 1527 1036 1560 stuic-ti
1072 1527 1220 1560 Hadriani

566 1581 737 1614 Cardinalis
763 1581 800 1613 de
814 1581 842 1613 la
861 1581 997 1614 Yallette.

478 1638 500 1677 †
525 1636 590 1678 Ego
616 1635 801 1667 Franciseus
827 1634 924 1667 sancti
949 1634 1059 1677 Angeli
1085 1634 1115 1667 in
1139 1634 1221 1667 Foro

567 1688 702 1720 Piscium
727 1688 877 1721 diaconus
901 1687 1052 1721 cardinali
1069 1688 1222 1721 Boncom-

566 1753 696 1786 pagnus.

479 1800 501 1839 †
524 1797 590 1839 Ego
617 1797 804 1840 Hippolytus
828 1801 953 1829 sanctae
979 1796 1093 1829 Mariae
1118 1796 1222 1829 Norae

567 1849 734 1882 cardinalis
757 1849 1020 1882 Aldobrandinus.

813 1975 884 2008 LIV.

480 2048 648 2084 Institutio
684 2048 814 2090 colleqii
840 2048 946 2080 sancti
975 2049 1223 2081 Boncaerenturae

524 2101 561 2134 in
593 2101 723 2134 civitate
758 2101 888 2144 Pruyac
923 2112 982 2145 pro
1017 2101 1222 2134 studentibus

524 2156 667 2199 fratrum
687 2155 853 2188 Minorum
873 2155 1145 2189 Conrentttulium.
1169 2156 1180 2184 t
1186 2156 1223 2186 fr-

525 2209 614 2242 (linis
638 2209 670 2243 S.
700 2208 879 2247 Francisci,
905 2219 976 2241 cum
1004 2208 1223 2252 applicatione

526 2263 633 2295 annui
656 2262 815 2299 redditus,
839 2262 878 2294 ab
900 2262 1094 2305 imperatore
1111 2262 1141 2295 F
1141 2261 1222 2295 ercli-

527 2315 635 2348 mmdo
659 2316 700 2349 II
721 2316 751 2348 ei
769 2314 960 2358 assianum.

686 2387 844 2422 Gregorius
865 2387 943 2421 Papa
962 2386 1018 2420 XV,

606 2434 641 2459 ad
657 2436 833 2466 perpetuam
852 2432 898 2459 rei
917 2430 1099 2459 memoriam.

528 2494 561 2526 ln
575 2494 820 2537 supereminenti
839 2493 926 2527 Sedis
942 2493 1138 2537 Apostolicae
1156 2504 1226 2538 spe-

485 2547 564 2587 cula,
590 2547 709 2580 meritis
734 2547 806 2580 licet
830 2547 1015 2591 imparibus,
1039 2547 1225 2591 disponente

519 2627 531 2652 t
551 2626 628 2652 Aliud
643 2635 688 2662 pro
700 2627 870 2654 studentibus
881 2627 1023 2661 collegium
1042 2627 1162 2654 eiusdem
1176 2626 1226 2654 Or-

485 2670 554 2697 dinis
569 2675 652 2697 erexit
670 2672 768 2698 l'aulus
785 2673 804 2697 V
816 2672 936 2699 ininsula
954 2672 1150 2698 Melevitauaut
1162 2681 1224 2707 sup.

484 2715 510 2742 in
525 2715 613 2742 Const.
624 2722 759 2749 cccxxxii,
770 2717 800 2743 ln
811 2717 1050 2751 supereminenti,
1060 2725 1085 2752 p.
1098 2717 1159 2749 ΛΠ,
1170 2717 1198 2743 h.
1207 2720 1226 2744 t.

1249 506 1345 538 divini
1369 506 1506 539 nominis
1530 507 1632 539 cultus
1647 505 1864 550 protendatur,
1876 506 1991 539 veritas

1249 566 1450 602 agnoscatur,
1466 570 1503 593 ae
1527 560 1644 594 iustitia
1664 561 1798 600 colatur,
1813 559 1852 593 ad
1871 570 1918 600 ea,
1934 570 1991 604 per

1249 624 1329 656 quae
1354 613 1530 646 litterarum
1545 613 1647 647 studia
1663 613 1844 646 huiusmodi
1862 612 1993 646 ubilibet

1250 667 1434 708 excitentur,
1460 666 1594 699 libenter
1617 666 1819 707 intendimus,
1843 671 1874 700 et
1895 666 1926 699 in
1943 666 1992 699 his

1250 720 1469 753 sollicitudinis
1480 726 1607 754 nostrae
1620 725 1726 765 partes
1739 720 1927 764 propensius
1939 720 1994 753 im-

1249 774 1416 818 pertimur,
1440 778 1549 818 prout,
1574 774 1718 807 locorum
1743 773 1892 817 qualitate
1916 783 1993 817 pen-

1250 829 1338 868 sata,
1364 827 1576 872 conspicimus
1608 827 1776 861 salubriter
1803 827 1836 860 in
1859 826 1993 860 Domino

1251 881 1407 926 expedire.

1295 936 1310 980 ἓ
1336 936 1364 968 l.
1393 936 1470 969 Cum
1491 936 1608 979 itaque,
1629 935 1710 969 sicut
1731 935 1836 969 dilecti
1863 934 1995 969 filiiffla-
2017 949 2134 976 imperator
2144 949 2193 972 rer-

1252 989 1322 1022 cobi
1358 989 1397 1023 de
1428 989 1674 1032 Bagnacavauo,
1706 988 1832 1022 Ordinis
1861 989 1995 1022 fratrum
2009 976 2195 1025 22¹2³13⁶l¹50¹a¹ass¹33

1252 1043 1408 1076 Minoruin
1434 1043 1530 1077 sancti
1555 1042 1713 1076 Francisci
1737 1041 1996 1076 Conventualium
2009 1032 2195 1083 {giigfflv'in‘ffi

1251 1102 1507 1141 nuncupatorum
1532 1096 1668 1129 ministri
1686 1096 1852 1139 generalis,
1869 1096 1997 1130 nomine
2010 1083 2196 1131 ἓῖῗῖἒῗὲιῗῖἰῗῗῗῖ

1252 1150 1344 1184 nobis
1367 1160 1470 1194 nuper
1493 1151 1670 1194 expositum
1695 1150 1762 1191 suit,
1790 1149 1996 1183 charissimus
2011 1136 2196 1184 &¹3:32ssssssssss

1253 1206 1285 1238 in
1297 1205 1420 1239 Christo
1435 1205 1517 1237 tilius
1531 1209 1638 1238 noster
1654 1203 1868 1237 Ferdinandus
1886 1204 1997 1237 Roma·
2011 1190 2197 1242 ffliffimwss‘iif
2230 1207 2231 1210 ’

1253 1270 1366 1293 norum
1381 1270 1446 1300 rex,
1465 1259 1495 1291 in
1515 1259 1739 1302 imperatorem
1764 1258 1892 1298 electus,
1909 1258 1996 1291 mille
2011 1244 2196 1297 ῗεῗῖξῖἷυῖἓοοῗὲἐῖ

1253 1318 1280 1345 et
1307 1313 1457 1346 ducentos
1481 1313 1597 1345 talei-os
1621 1322 1742 1345 annuos
1766 1317 1910 1345 monetae
1926 1311 1994 1344 illa·
2010 1298 2198 1326 ‘'⁰¹⁰⁰“¹¹'²¹⁸¹'‘⁰‘

2011 1324 2127 1346 tessunbus
2167 1325 2195 1346 ab

1254 1378 1323 1399 rum
1349 1367 1485 1410 partium
1511 1376 1570 1410 pro
1595 1365 1760 1399 duodecim
1777 1365 1997 1399 baccalaureo-
2011 1351 2197 1409 {filaa‘fflissii
2232 1379 2233 1382 ¹

1254 1431 1324 1452 rum
1350 1420 1381 1452 in
1405 1419 1500 1452 domo
1525 1419 1662 1462 regulari
1685 1418 1782 1452 sancti
1800 1418 1906 1452 lacobi
1927 1419 1998 1452 Pra-
2012 1406 2196 1463 iiiss‘issiiimai'u'i
2228 1436 2230 1441 ·

1254 1473 1358 1516 gensis
1373 1500 1380 1513 ,
1410 1473 1551 1505 eiusdem
1587 1471 1733 1513 Ordinis,
1764 1458 2197 1516 manutentione{iiiiiiffissi‘ssss

1254 1526 1478 1568 assignaverit,
1503 1531 1533 1560 et
1557 1531 1726 1570 propterea
1757 1525 1859 1559 dictus
1887 1525 1997 1559 Ferdi-
2012 1514 2197 1565 {flssg‘taffss'ml'ili

2011 1565 2094 1592 collegii
2127 1566 2196 1588 saneti
2228 1576 2233 1581 ν

1254 1580 1376 1612 naudus
1400 1591 1466 1621 rex,
1483 1580 1515 1612 in
1537 1580 1760 1623 imperatorem
1779 1580 1906 1619 electus,
1930 1584 1995 1613 tam
2011 1591 2199 1623 annaio-nursam

1255 1634 1291 1666 ad
1306 1634 1438 1666 fratrum
1453 1632 1525 1665 dicti
1540 1632 1664 1666 Ordinis
1682 1633 1712 1665 in
1728 1632 1887 1676 praedicta
1901 1633 1996 1666 domo
2011 1618 2198 1672 ffrissiif¹¹⁵²¹²m²⁰²

1255 1686 1447 1719 studentium
1461 1686 1662 1720 commodum
1671 1692 1701 1719 et
1706 1686 1893 1730 profectum,
1903 1696 1997 1730 quam

1256 1740 1347 1774 etiam
1362 1740 1399 1773 ad
1418 1740 1579 1774 militantis
1596 1740 1753 1773 Ecclesiae
1767 1740 1997 1782 exaltationem,

1256 1794 1416 1837 ipsiusque
1441 1793 1574 1827 civitatis
1597 1793 1756 1833 decorem,
1782 1793 1813 1826 in
1837 1793 1999 1837 praedicta

1256 1848 1351 1880 domo
1376 1857 1472 1880 unum
1497 1847 1666 1890 collegium
1685 1847 1779 1880 studii
1797 1857 1856 1891 pro
1873 1857 1936 1880 uno
1953 1857 1999 1880 re-

1256 1906 1347 1943 gente
1372 1900 1582 1944 nuncupando
1604 1911 1640 1933 ac
1654 1899 1821 1933 duodecim
1837 1900 2001 1934 baccalau-

1257 1954 1338 1993 reis,
1370 1964 1425 1987 seu
1457 1953 1674 1996 colleg-ialibus
1705 1952 1847 1986 eiusdem
1872 1952 1998 1987 Ordinis

1255 2007 1498 2051 protessoribus,
1513 2017 1569 2050 per
1586 2017 1643 2040 nos
1667 2006 1747 2049 erigi
1771 2011 1802 2039 et
1824 2006 1953 2048 institui,
1969 2017 1999 2040 a-

1256 2062 1392 2105 liasque,
1423 2067 1455 2094 ut
1483 2061 1581 2102 infra,
1609 2061 1765 2104 indulgeri
1797 2071 1998 2106 summopere

1256 2115 1428 2155 desideret,
1460 2125 1526 2155 nos,
1552 2115 1611 2159 piis
1635 2119 1665 2149 et
1687 2114 1900 2148 laudabilibus
1922 2115 1998 2149 dicti

1256 2168 1444 2202 Fer-dinandi
1477 2168 1561 2212 regis
1593 2168 1625 2201 in
1658 2168 1883 2211 imperatorem
1907 2168 1998 2202 electi

1256 2223 1336 2256 rotis
1354 2223 1383 2255 in
1401 2222 1583 2266 praemissis
1604 2232 1742 2255 annuere
1760 2223 1909 2263 volentes,
1927 2233 1999 2267 sup-

1256 2276 1479 2320 plicationibus
1496 2275 1562 2309 eius
1577 2276 1705 2309 nomine
1721 2275 1812 2309 nobis
1828 2286 1924 2320 super
1938 2276 1998 2310 hoc

1256 2330 1417 2363 humiliter
1441 2329 1595 2374 porrectis
1619 2329 1769 2370 inclinati,
1793 2329 1832 2363 ad
1856 2329 1999 2374 omnipo-

1255 2384 1349 2417 tentis
1373 2383 1426 2417 Dei
1451 2383 1575 2416 laudem
1594 2388 1624 2416 et
1640 2383 1785 2426 gloriam,
1801 2393 1923 2416 necnon
1942 2383 1999 2416 mi-

1258 2438 1374 2471 litantis
1399 2437 1555 2471 Ecclesiae
1580 2437 1810 2476 exaltationem,
1835 2435 1996 2480 divinique

1257 2492 1360 2524 cultus
1388 2496 1418 2524 et
1450 2490 1644 2524 orthodoxae
1676 2489 1748 2522 fidei
1772 2484 1995 2532 augmentum,

1258 2555 1293 2577 ac
1318 2545 1539 2587 religiosorum
1564 2543 1798 2588 praedictorum
1823 2542 1997 2576 commodi-

1260 2604 1353 2631 tatem
1377 2603 1408 2631 et
1431 2598 1606 2642 profectum
1620 2623 1628 2636 ,
1652 2596 1684 2628 in
1716 2595 1876 2640 praedicta
1901 2595 1996 2630 domo

1260 2662 1357 2684 unum
1383 2651 1550 2694 collegium
1581 2650 1639 2683 sub
1672 2649 1867 2683 invocatione
1898 2649 1996 2683 sancti

1260 2706 1504 2745 Bonaventurae,
1529 2703 1669 2737 eiusdem
1692 2702 1817 2737 Ordinis
1839 2703 1996 2748 professo-
