2293 3231
334 291 382 317 An.
405 289 431 317 C.
453 289 518 317 th‘2

376 1258 458 1280 iuribus
472 1262 520 1283 par·

336 1286 386 1306 tium
397 1291 409 1306 a
418 1284 520 1309 delegatis

336 1311 448 1338 pontificiis
483 1316 520 1331 eu-

337 1339 406 1365 gnitis,

366 2386 520 2407 vaunnam-t.-

339 2416 370 2434 [Μ
394 2414 467 2432 cadem
488 2420 511 2432 ci

337 2443 381 2460 ‘tra
403 2439 429 2459 ad
450 2446 522 2464 supru-

339 2466 522 2491 mutnSeilisApo·

339 2493 426 2514 stativae
449 2495 468 2512 ct
485 2492 522 2512 Ca-

338 2525 410 2540 momu
456 2519 523 2538 ‹loini-

338 2547 395 2567 ntum
408 2546 521 2572 pertinere.

565 280 605 314 28

533 344 604 370 tune
623 338 790 370 existentes
807 348 868 370 non
887 338 981 370 tuisse
999 338 1129 372 citatos:
1147 343 1175 370 et
1194 337 1272 370 nilii-

532 391 678 426 lominus.
696 391 816 423 etiamsi
843 390 1004 434 privilegia
1024 389 1182 433 praedicta
1199 400 1271 422 vera

532 450 558 475 et
584 444 612 476 iu
634 446 732 475 liwmzi
760 442 902 486 probanti
926 448 1045 481 essent,
1063 442 1213 486 praedicti
1232 448 1273 475 ta-

533 508 603 529 men
626 497 740 529 ,Nu-olai
769 496 906 539 episcopi
936 496 1186 538 praetensionem
1207 497 1273 530 nul-

533 551 593 581 lam
617 555 643 581 et
671 549 834 581 invalidam
860 559 946 584 esse,
965 554 1065 581 stante
1087 549 1171 593 quod
1189 549 1270 582 iden]

533 603 677 635 Nicotaus
695 602 859 646 episcopus
877 601 958 634 dicta
976 602 1042 634 locu
1063 607 1092 635 el
1114 608 1216 635 castra
1240 614 1272 636 sc

533 655 576 687 uti
600 655 746 687 connitum
769 655 854 687 Bobii
881 655 997 687 iamdiu
1019 655 1115 688 diruti
1136 656 1272 690 retinere

534 710 672 746 emantur,
691 714 716 740 et
740 709 860 741 clarum
875 709 910 740 sit
930 709 1071 750 Bobium,
1088 721 1160 743 cuni
1178 711 1275 743 comi-

533 766 613 798 tatu,
639 761 770 805 aliisque
792 762 856 793 suis
881 761 1020 799 iuribus.
1048 763 1216 796 territoriis
1244 770 1271 796 et

532 816 746 859 pertinentiis,
771 822 860 849 antea
886 827 941 860 per
962 818 1119 851 Romanos
1142 818 1275 862 lmpera-

534 874 633 908 tores,
651 874 677 901 ct
698 869 773 901 alias
792 869 857 912 pias
874 880 1035 913 personas,
1053 876 1080 903 et
1101 871 1180 903 inter
1197 872 1274 904 alios

534 922 675 965 Pipinum
694 928 720 955 et
740 923 916 955 successive
930 924 1120 957 Ludoricum
1135 925 1272 968 primum

534 975 725 1008 Francorum
755 987 845 1018 reges
871 987 905 1009 ac
930 976 1085 1009 Othonem
1110 982 1139 1009 et
1169 978 1276 1011 llenri-

533 1040 604 1061 cum
623 1030 835 1063 Romanorum
852 1031 1067 1074 imperatores,
1081 1037 1205 1065 sanctae
1218 1033 1276 1065 Ro-

535 1093 643 1115 manae
661 1084 815 1116 Ecclesiae
839 1090 865 1117 et
892 1084 962 1117 Sedi
985 1085 1182 1129 Apostolicae
1205 1096 1276 1119 con-

535 1136 705 1176 firmatum,
719 1148 753 1169 ac
767 1138 870 1170 denuo
884 1148 1068 1171 concessum
1082 1144 1109 1171 et
1125 1139 1273 1172 donatum

535 1189 660 1232 luisse).

579 1243 593 1285 ξ
609 1243 638 1275 3.
653 1243 724 1280 Nos,
739 1254 796 1288 pro
811 1245 952 1278 habenda
965 1256 1060 1289 super
1074 1246 1121 1278 liis
1135 1246 1274 1285 veritate,

535 1302 615 1328 aeut
629 1296 667 1328 de
683 1297 803 1329 iuribus
818 1303 879 1330 tam
893 1299 981 1331 Sedis
994 1304 1021 1331 et
1036 1299 1184 1333 Gamerae
1198 1301 1276 1344 Apo-

536 1349 679 1389 stolicae,
705 1362 798 1394 quam
824 1352 974 1384 ecelesiae.
996 1353 1221 1386 Sarsinatensis
1245 1358 1272 1386 et

537 1402 617 1435 illius
637 1414 694 1447 pro
712 1410 854 1448 tempore
879 1405 1038 1439 existentis
1059 1407 1197 1451 episcopi
1214 1408 1276 1451 ple-

534 1456 603 1489 nius
620 1464 865 1499 cog-nosceretur
878 1464 907 1491 et
921 1459 1142 1500 discuteretur,
1154 1460 1275 1493 dilectis

534 1509 605 1541 tiliis
634 1511 749 1544 uostris
784 1511 1040 1555 Illicliaeliangclo
1075 1513 1173 1545 sancti
1206 1514 1276 1546 Bar-

534 1564 701 1597 tholomaei
732 1565 762 1598 in
792 1565 894 1598 insula
920 1567 1080 1599 Nazareno
1103 1573 1133 1600 et
1163 1567 1274 1601 lacobo

533 1618 629 1650 sancti
645 1618 770 1661 Georgii
790 1619 818 1650 in
846 1620 977 1653 Velabro
1001 1620 1165 1653 titulorum
1191 1633 1276 1665 pres-

533 1670 649 1715 byteris
673 1672 884 1705 cardinalibus
901 1673 1012 1705 Seri-ae
1027 1675 1215 1718 nuncupatis
1239 1685 1274 1707 ac

533 1725 646 1758 dilecto
670 1726 763 1758 ctiam
787 1726 852 1759 tilio
880 1727 1033 1769 magistro
1060 1728 1138 1761 lulio
1162 1729 1275 1761 Monte-

534 1779 633 1811 rentio
647 1780 864 1822 protonotario
878 1780 1052 1824 apostolico
1067 1782 1168 1815 almae
1184 1782 1274 1816 Urbis

533 1838 657 1865 nostrae
682 1833 886 1874 gubernatori
907 1839 933 1866 et
956 1834 1212 1869 rice-camerario
1235 1836 1276 1869 vi-

534 1896 588 1918 vae
606 1886 689 1919 vocis·
703 1888 831 1920 oraculo
845 1888 1065 1921 commisimus
1084 1894 1113 1921 et
1131 1889 1275 1923 dedimus

535 1939 564 1971 in
590 1940 757 1977 mandatis,
775 1946 807 1973 ut
831 1941 949 1974 dictum
975 1942 1137 1975 Nicolaum
1158 1943 1276 1987 episco-

534 2004 608 2037 pum
626 2004 683 2037 pro
700 1995 831 2027 eeclesia
848 1996 1054 2029 Sarsinatensi
1085 2001 1111 2029 et
1138 1997 1276 2040 praedic-

536 2051 600 2078 tum
626 2047 877 2080 commissarium
907 2060 964 2092 pro
989 2049 1067 2089 Sede
1092 2055 1119 2082 ct
1145 2051 1275 2083 Camerti

535 2102 641 2132 nostra
655 2101 821 2143 praedictis
833 2102 987 2142 audirent,
1001 2104 1237 2148 scripturasque
1247 2109 1276 2137 et

535 2159 561 2186 et
590 2154 656 2186 iura
684 2154 754 2186 ltine
778 2154 847 2187 inde
870 2156 1021 2194 deducta,
1044 2162 1071 2189 et
1099 2168 1206 2190 corani
1231 2157 1276 2191 eis

535 2206 731 2244 deducenda,
748 2208 915 2250 diligenter
940 2209 1096 2250 viderent,
1121 2211 1277 2244 examina-

536 2265 625 2299 rent,
657 2266 750 2304 atque
782 2262 1014 2305 ‹‘=xpennlei·‹‚=nt‚
1046 2264 1200 2308 nobisque
1232 2274 1277 2297 re-

536 2314 661 2346 t'errent.

581 2366 641 2407 §su
659 2366 734 2400 Cum
762 2373 881 2404 autem.
909 2369 986 2401 sicut
1015 2370 1276 2415 Michaelangelus

501 2423 564 2451 ··‹·t
592 2419 720 2453 lacobus
744 2421 917 2454 cardinales
944 2428 970 2453 et
1003 2423 1097 2455 lulius
1125 2424 1275 2467 praedicti

537 2473 627 2505 nobis
652 2475 842 2511 retulerunt,
869 2476 911 2508 illi
934 2486 966 2507 ss·
990 2487 1022 2507 se
1044 2477 1162 2520 pluries
1183 2478 1220 2510 ad
1237 2478 1277 2510 ot-

539 2527 651 2559 t'ectum
662 2528 856 2570 praedictum
867 2531 1138 2573 congregaverint,
1148 2542 1182 2564 ac
1193 2542 1277 2564 eum-

537 2579 607 2612 dem
623 2580 783 2613 Nicolaum
797 2582 978 2626 episcopum
993 2594 1050 2626 pro
1063 2585 1194 2617 eci-tesia
1208 2586 1276 2618 Sar-

538 2633 684 2666 sinatensi
717 2634 898 2679 dictumque
931 2638 1184 2671 commissarium
1217 2650 1275 2682 pro

1117 290 1292 314 armanno!
1318 289 1472 314 aomxmr

1306 343 1391 370 turas
1409 342 1437 369 et
1455 337 1561 370 onmia
1579 342 1641 370 tam
1659 347 1717 381 pro
1733 342 1821 382 parte
1837 337 1939 371 dictae
1952 338 2048 371 eccle-

1305 390 1367 423 siae
1399 389 1622 423 Sal-sinatensis
1647 400 1742 434 quam
1766 400 1824 434 pro
1848 396 1936 434 parte
1959 390 2048 425 Sedis

1305 449 1332 476 et
1351 444 1499 477 Gamerae
1516 443 1713 487 Apostolicae
1728 443 1862 477 deducta
1880 451 2048 488 quaecum-

1306 507 1366 540 que
1387 497 1651 535 examinaveri11t3
1673 502 1703 530 ct
1715 496 1735 538 ¹,
1759 497 1864 530 hahita
1888 497 1970 530 inter
1993 507 2047 530 eos

1305 550 1446 593 diligenti
1471 550 1676 591 discussione,
1701 551 1928 595 perspexerint,
1948 550 2048 584 dictas

1305 609 1441 636 assertas
1465 604 1653 648 scripturas,
1681 614 1762 648 quae
1788 614 1847 649 pro
1874 609 1964 648 parte
1986 603 2049 648 epi-

1306 657 1392 701 scopi
1409 663 1610 691 assseruntur
1624 668 1692 691 esse
1708 657 1841 692 Conradi
1853 663 1884 691 et
1896 657 2048 691 Friderici

1308 711 1547 755 imperatorum,
1561 722 1624 745 non
1642 721 1710 744 esse
1727 711 1758 744 in
1774 712 1876 746 forma
1891 711 2048 756 probanti,

1307 775 1341 797 ac
1360 765 1420 797 tide
1437 771 1465 797 et
1488 765 1645 808 legalitate
1663 775 1786 805 carere,
1804 775 1906 809 neque
1922 775 1991 798 esse
2007 770 2050 798 ta-

1308 819 1369 857 les,
1386 828 1476 862 'quae
1499 819 1570 853 Sedi
1596 824 1622 852 et
1649 819 1778 853 Camere
1798 819 1994 864 Apostolicae
2018 818 2049 851 in

1308 873 1413 916 aliquo
1442 872 1659 917 praeiudicare
1687 873 1821 917 possint;
1851 878 2049 916 assertasque

1308 926 1492 967 sententias,
1515 926 1637 970 aliaque
1659 931 1746 969 gesta
1769 931 1799 959 et
1823 926 1894 959 inde
1918 931 2051 970 sequuta

1308 989 1536 1023 quaecumque,
1559 980 1707 1021 invalida,
1731 980 1912 1024 nulliusque
1925 979 2050 1013 roboris

1308 1037 1338 1065 et
1359 1033 1512 1066 momenti
1537 1043 1620 1073 esse;
1637 1033 1782 1077 dictaque
1799 1037 1900 1066 castra
1920 1032 2049 1073 Ceulae,

1308 1087 1467 1127 Mutellae‚
1495 1087 1619 1121 Cersolii
1630 1114 1637 1127 ‚
1666 1087 1814 1121 Fenoculi
1843 1092 1873 1120 et
1897 1087 1984 1120 Putei
2011 1087 2050 1120 de

1308 1140 1395 1173 Statu
1411 1146 1522 1174 nostro
1539 1141 1757 1174 Ecclesiastico
1779 1151 1814 1175 ac
1833 1140 2050 1174 iurisdictione

1309 1199 1432 1227 sanetae
1460 1195 1618 1228 Romanae
1646 1194 1802 1228 Ecclesiae
1834 1194 1985 1239 Sedisque
2020 1199 2051 1228 et

1307 1248 1456 1281 Gamerae
1470 1248 1668 1292 Apostolicac
1684 1248 1780 1282 fuisse
1797 1253 1825 1282 et
1843 1258 1929 1289 esse,
1945 1253 1977 1281 et
1991 1258 2051 1293 pro

1308 1301 1400 1335 dictis
1417 1302 1529 1335 castris
1553 1307 1583 1334 et
1600 1302 1727 1335 illorum
1744 1302 1910 1336 occasione
1929 1301 2051 1335 moder-

1308 1365 1385 1388 num
1404 1360 1435 1388 et
1456 1365 1515 1399 pro
1532 1360 1675 1399 tempore
1694 1355 1862 1388 existentes
1885 1355 2050 1399 episcopos

1308 1408 1539 1442 Sarsinatenses
1557 1414 1587 1441 et
1606 1408 1791 1442 eorumdem
1803 1413 1981 1442 castrorum
1997 1408 2052 1442 ho-

1309 1462 1409 1495 mines
1426 1467 1455 1495 et
1472 1462 1642 1495 abitatores
1663 1462 1702 1495 ad
1717 1462 1861 1495 eamdem
1877 1461 2051 1495 Romanam

1310 1515 1491 1557 Ecclesiam,
1504 1515 1680 1559 Sedemque
1696 1520 1727 1548 et
1743 1516 1906 1549 Cameram
1923 1516 2052 1559 Aposto-

1310 1569 1412 1609 licam‚
1426 1569 1682 1613 superioritatem
1702 1578 1951 1614 supremumque
1968 1573 1999 1601 et
2011 1569 2052 1601 al-

1308 1628 1374 1655 tum
1391 1622 1566 1656 dominium
1585 1622 1615 1655 in
1633 1622 1693 1655 illis
1713 1622 1891 1663 habentem,
1908 1621 2002 1655 etiam
2019 1621 2051 1655 in

1310 1676 1546 1720 temporalibus,
1558 1676 1588 1708 in
1602 1675 1749 1709 omnibus
1759 1675 2051 1719 recognoscendum

1309 1730 1419 1769 teneri,
1440 1740 1512 1762 cum
1529 1729 1688 1772 regalibus
1711 1735 1739 1762 et
1761 1729 1988 1773 praerogativis
2004 1740 2053 1763 su-

1309 1782 1524 1826 perioritatem
1546 1782 1813 1826 supremumque⁹
1833 1789 1863 1816 et
1885 1783 1985 1817 altum
1998 1783 2053 1816 do-

1311 1836 1443 1870 minium
1459 1836 1586 1869 habenti
1604 1836 1870 1881 competentibus;
1884 1836 1925 1870 ita
1937 1842 1972 1870 ut
1988 1847 2053 1871 mo—

1309 1890 1427 1924 dernus
1449 1896 1478 1923 et
1493 1901 1552 1935 pro
1569 1896 1711 1935 tempore
1728 1891 1895 1924 existentes
1912 1891 2052 1935 episcopi

1309 1944 1540 1978 Sarsinatenses
1556 1945 1706 1988 praedicti
1730 1954 1789 1988 pro
1805 1944 1923 1978 eisdem
1940 1944 2052 1978 castris

1309 2003 1336 2031 et
1353 1998 1479 2031 illorum
1493 1997 1673 2030 hominibus
1689 2002 1719 2030 et
1733 1997 1972 2037 habitatoribus,
1986 1997 2053 2032 illo-

1310 2061 1444 2095 rumque
1468 2050 1683 2084 iurisdictione
1709 2051 1874 2094 temporali
1900 2061 2053 2096 meroque

1309 2109 1337 2137 et
1357 2104 1454 2136 mixto
1472 2103 1615 2148 imperio,
1632 2114 1726 2147 quam
1746 2108 1774 2136 et
1802 2103 1887 2147 quod
1909 2103 1939 2136 in
1960 2103 2052 2137 dietis

1310 2158 1420 2191 castris
1437 2163 1467 2190 et
1489 2168 1584 2201 super
1612 2157 1737 2190 illorum
1754 2157 1899 2191 homines
1916 2162 1947 2191 et
1966 2157 2052 2191 habi-

1310 2216 1427 2244 tatores
1441 2210 1583 2244 obtinent
1600 2216 1626 2243 et
1646 2216 1808 2251 exercent,
1829 2221 1864 2244 ac
1881 2211 1974 2244 etiam
1992 2210 2051 2254 ipsi

1310 2265 1464 2306 homines,
1481 2275 1553 2305 nos,
1570 2270 1759 2308 nostrosque
1779 2274 1978 2298 successores
1994 2265 2052 2298 Ro-

1311 2328 1420 2360 manos
1442 2318 1625 2358 Pontifices,
1642 2317 1818 2361 Sedemque
1841 2321 1872 2349 et
1886 2316 2050 2350 eameram

1310 2372 1537 2416 Apostolicam,
1559 2377 1589 2404 et
1614 2371 1740 2404 illorum
1762 2370 1924 2404 ministros
1940 2375 1971 2403 et
1986 2370 2051 2404 offi-

1310 2425 1413 2465 ciales,
1428 2425 1457 2458 in
1475 2425 1664 2470 superiores,
1682 2429 1712 2457 ct
1722 2434 1784 2457 non
1795 2424 1892 2457 alium
1906 2434 1960 2457 scu
1971 2424 2049 2458 alios

1309 2478 1437 2522 quosvis
1455 2478 1571 2522 (modo
1588 2483 1617 2511 et
1646 2479 1746 2511 forma
1763 2482 1857 2521 prout
1880 2477 1997 2511 faciunt
2019 2482 2050 2510 et

1311 2537 1539 2576 recognoscunt
1552 2531 1603 2564 alii
1616 2531 1811 2576 possidentes
1824 2536 1927 2565 castra
1938 2536 1969 2565 et
1980 2532 2049 2566 loca

1345 2615 1356 2640 1
1380 2613 1523 2641 Coniunct.
1543 2615 1568 2640 el
1587 2619 1636 2640 nos
1655 2611 1779 2639 addimus
1798 2612 1835 2648 (n.
1855 2612 1905 2646 τ.).

1342 2657 1359 2685 2
1380 2657 1441 2685 Edit
1454 2657 1533 2685 lllain.
1550 2656 1614 2693 legit
1628 2657 1931 2693 superioritatemque‚
1947 2665 2048 2692 supre-

537 2689 615 2721 Sedo
629 2694 654 2720 et
670 2689 798 2722 thiniera
816 2690 981 2731 praedic-tis
994 2692 1146 2725 audierint
1159 2703 1165 2731 ;
1180 2693 1275 2736 scrip·
1308 2710 1385 2729 immi
1399 2705 1423 2729 et
1439 2703 1534 2730 altum
1546 2702 1641 2736 (mr).

2058 289 2110 317 An.
2128 287 2244 318 &16¹2
