2293 3231
98 288 148 317 An.
166 289 193 316 C.
212 287 274 316 162¹

128 930 251 952 Cardinates
262 930 282 951 iu

97 957 224 979 consistorio
250 963 282 978 se·

96 986 156 1005 creto
163 983 192 1005 ad
200 984 283 1005 canoni·

97 1011 201 1032 :ationem
208 1015 281 1037 proce-

98 1036 190 1058 dandum
235 1042 281 1059 esse

98 1065 191 1085 consent.

158 1514 282 1536 Praemissts

98 1541 190 1568 deniquo
205 1540 282 1562 oratio-

97 1567 160 1589 nibus
191 1567 280 1593 aliisque

96 1594 138 1621 pits
153 1593 261 1621 oporibus,

165 2684 287 2707 Acitodunu-

905 287 1082 312 aumonius
1106 288 1149 312 XV
1174 289 1221 312 Pr.

1715 276 1779 309 480
1826 287 1874 313 An.
1896 286 1923 313 c.
1944 288 2008 314 1621

296 334 396 368 tinere
421 333 686 370 existimavimus.
716 337 748 368 ut
776 335 938 378 negotium
971 336 1032 368 hu-
1053 335 1154 378 :quod
1178 335 1290 368 deinde
1307 347 1342 367 ex
1363 345 1449 367 more
1470 334 1662 367 cte-tcbratuni
1683 335 1748 373 tuit,
1767 344 2012 375 vo-i..‚<que1»m..·nm

297 385 432 420 iusmodi
458 386 702 420 canonizationis
727 392 977 430 promoveretur.
1005 387 1035 419 Si

297 438 391 480 enim,
416 444 449 472 ut
474 439 512 472 de
530 439 755 483 omnipotentis
772 439 825 473 Dei
842 439 1036 481 benignitate
1053 464 1055 468 ,

297 492 509 537 sperabamuS,
535 493 618 526 iuxta
642 492 832 526 desiderium
858 492 961 525 cordis
985 502 1037 524 no-

297 545 353 578 stri
376 556 528 590 prospere
546 546 761 590 processisset,
779 555 928 588 magnum
946 544 1037 577 devo-

298 597 390 631 tionis
414 602 617 641 augmentum
643 609 718 642 erga
742 599 839 631 Deum
868 603 895 630 et
922 598 1037 631 electos

297 651 380 685 illius
394 652 540 685 omnibus
553 652 808 686 christifidelibus
822 651 961 685 futurum
974 661 1039 684 cer-

297 704 457 738 nebamus.
491 705 704 738 Mandavimus
735 705 839 749 itaque
869 703 1038 748 praedictis

297 756 519 798 cardinalibus,
532 763 576 798 ut,
591 758 675 800 quod
689 758 749 791 illis
762 769 778 791 a
794 757 1037 802 praedecessore

297 813 405 843 nostro
427 810 588 854 praedicto
611 810 687 843 olim
714 810 890 844 iniunctum
918 811 1037 849 suerat,

296 862 532 906 quamprimum
558 867 798 907 exequerentur,

341 915 357 959 ξ
380 915 431 949 26.
457 915 546 955 Quod
569 926 641 949 cum
666 916 711 948 illi
731 921 876 949 accurate
893 915 1039 960 perfecis-

297 973 375 1011 sent,
386 978 422 1001 ac
433 979 492 1012 pro
506 968 604 1002 sancti
613 968 672 1001 viri
683 968 918 1002 canonizatione
929 978 1038 1002 omnes

297 1021 461 1055 unanimes
496 1020 699 1061 censuissent,
724 1021 911 1054 venerabilis
942 1021 1039 1054 frater

296 1079 404 1109 noster
426 1074 612 1108 Franciscus
637 1075 732 1108 Maria
762 1075 930 1119 episcopus
962 1074 1038 1108 Por-

297 1128 415 1161 tuensis
435 1127 602 1161 cardinalis
621 1127 660 1161 de
679 1129 782 1162 Monte
803 1128 899 1163 totius
915 1138 1040 1172 proces-

297 1190 349 1214 sus
380 1191 557 1222 summam,
581 1191 617 1214 ac
648 1191 754 1224 suam,
781 1181 1038 1225 collegarumque

297 1234 482 1268 sententiam
504 1244 611 1268 coram
627 1234 718 1268 nobis
738 1234 769 1267 in
782 1234 970 1268 consistorio
986 1244 1039 1268 no-

297 1293 363 1322 stro
387 1293 508 1322 secreto
539 1289 691 1333 exposuit.
723 1288 841 1327 Quibus
866 1288 978 1322 auditis
1002 1298 1037 1321 ac

296 1342 470 1388 perpensis,
487 1342 603 1385 reliqui
625 1341 810 1383 cardinales,
827 1342 881 1386 qui
897 1341 1036 1382 aderant,

297 1407 406 1430 omnes
423 1396 461 1429 ad
485 1395 638 1430 ulteriora
654 1395 891 1440 procedendum
913 1405 1037 1428 censue-

297 1455 378 1484 runt.

341 1505 356 1548 ἓ
372 1503 423 1537 27.
442 1503 518 1537 Cum
538 1503 643 1546 itaque
659 1503 786 1546 publico
807 1502 949 1546 sequenti
965 1512 1038 1535 con-

296 1557 423 1591 sistorio
454 1566 513 1600 pro
542 1556 609 1589 eius
638 1555 874 1589 canonizatione
905 1555 1037 1588 dilectus

295 1609 380 1645 filius
411 1610 542 1643 Faustus
572 1608 772 1649 Cass'arellus,
798 1609 886 1642 aulae
910 1613 1037 1642 nostrae

297 1662 522 1696 consistorialis
542 1661 720 1702 advocatus,
734 1662 876 1705 apposite
898 1661 1036 1701 dixisset,

296 1726 332 1750 ac
355 1716 483 1755 nomine
507 1715 683 1749 charissimi
708 1715 740 1747 in
763 1714 886 1748 Christo
906 1715 962 1747 filii
984 1725 1038 1748 no-

296 1770 352 1803 stri
376 1769 511 1813 Philippi
535 1769 756 1813 Hispaniarum
779 1768 863 1812 regis
880 1769 1036 1809 catholici,

296 1826 330 1857 ut
352 1822 391 1856 ad
415 1833 484 1856 eam
507 1822 680 1866 procedere
705 1821 920 1864 dignaremur,
937 1822 1037 1855 humi-

295 1877 366 1910 liter
389 1876 612 1921 supplicasset3
637 1885 695 1909 nos
718 1875 756 1908 de
781 1886 816 1908 re
839 1877 925 1910 tanta
949 1885 1038 1908 vene-

295 1930 410 1963 rabiles
431 1930 545 1963 fratres
568 1935 693 1963 nostros
724 1933 848 1963 sanctae
878 1930 1036 1963 Romanae

295 1983 452 2017 Ecclesiae
473 1983 647 2016 cardinales
665 1987 694 2017 et
711 1983 878 2027 episcopos
898 1983 929 2016 in
947 1983 1036 2017 curia

295 2039 476 2081 praesentes
501 2037 702 2071 consulturos
719 2047 787 2069 esse
803 2037 1034 2081 respondimus:

295 2093 387 2133 atque
404 2089 530 2122 interim
549 2089 723 2123 cardinales
740 2095 769 2122 et
789 2089 963 2133 episcopos,
981 2090 1035 2134 qui

296 2143 445 2183 aderant,
472 2143 673 2176 vehementer
706 2143 736 2175 in
770 2143 942 2176 visceribus
967 2143 1035 2177 Iesu

295 2197 409 2231 Christi
422 2196 539 2230 hortati
557 2207 676 2237 sumus,
690 2201 724 2229 ut
737 2197 950 2242 eleemosynas
964 2208 1036 2241 ope-

295 2255 410 2290 rantes,
435 2255 465 2283 et
489 2249 585 2283 corda
602 2260 656 2282 sua
682 2250 712 2282 in
738 2249 862 2283 ieiuniis
878 2254 909 2284 et
925 2250 1036 2284 oratio—

294 2303 387 2337 nibus
411 2314 518 2337 coram
538 2304 603 2336 Deo
627 2303 791 2336 nobiscum
817 2302 1010 2337 effundentes
1025 2330 1032 2344 ‚

295 2357 457 2391 humiliter
481 2362 686 2401 exposcerent
712 2368 728 2389 a
751 2357 840 2390 Patre
865 2356 1035 2397 luminum,

295 2417 330 2445 ut
353 2411 504 2456 Spiritum
535 2411 682 2445 Sanctum
713 2420 803 2443 suum
829 2410 866 2442 de
895 2410 981 2443 caelo
1006 2409 1037 2442 in

296 2476 353 2506 nos
366 2465 491 2499 mittere
504 2465 698 2508 dignaretur,
712 2464 765 2508 qui
783 2463 895 2496 mentis
911 2469 1037 2497 nostrae

297 2520 406 2554 oculos
429 2519 551 2553 divinae
577 2519 697 2562 gratiae
722 2518 889 2562 splendore
922 2517 1037 2550 illumi-

298 2578 408 2614 naret,
439 2578 473 2606 ut
503 2573 695 2606 voluntatem
721 2572 786 2605 eius
813 2581 984 2614 agnoscere
1009 2577 1037 2604 ct

299 2626 452 2670 perficere
477 2626 663 2659 valeremus.

347 2680 362 2725 g
385 2679 436 2715 28.
461 2680 520 2713 Sed
538 2690 609 2714 cum
623 2679 828 2723 semipublico
842 2679 1039 2719 consistorio,

385 2742 463 2771 Bull.
483 2742 567 2771 Rom.
583 2757 617 2764 --
634 2742 693 2772 Vol.
714 2741 779 2771 XII.
924 2741 958 2768 62

1071 389 1146 422 catis
1174 388 1404 425 cardinalibus,
1430 388 1636 430 patriarchis,
1662 388 1815 431 arehiepi-

1071 441 1174 484 scopis
1191 446 1216 473 ct
1237 441 1393 484 episcopis
1420 440 1448 472 in
1475 440 1556 473 lsrbt·
1578 445 1648 474 tutte
1671 451 1816 483 praesen-

1071 493 1164 533 tibus,
1191 494 1367 536 nostrisque
1388 499 1415 525 et
1438 493 1525 525 Sedis
1550 493 1746 537 Apostolicac
1764 503 1816 526 no-

1072 545 1168 586 tariis,
1187 557 1220 578 ac
1239 546 1318 579 sacri
1337 546 1442 590 palatii
1460 546 1623 589 apostolici
1650 557 1814 579 causarum

1072 598 1278 639 auditoribus,
1296 599 1393 631 multa
1412 610 1427 631 a
1444 599 1534 631 nobis
1555 599 1716 642 proposita
1735 599 1811 631 suis-

1072 656 1140 684 scnt
1165 651 1202 684 de
1227 652 1289 684 vita
1322 657 1350 683 et
1382 651 1542 685 miraculis
1568 652 1649 685 beati
1682 652 1814 691 Isidori,

1073 704 1334 748 singulorumque
1359 708 1487 747 rogatae
1503 705 1683 745 sententiae,
1705 715 1815 739 onmes

1073 757 1293 797 concorditer,
1326 757 1546 790 benedicentes
1571 758 1668 790 Deum
1694 758 1813 791 amicos

1054 784 1147 855 {suos
1172 809 1408 849 clarificantem,
1433 809 1560 843 beatum
1586 810 1740 843 lsidorum
1767 822 1814 843 ca-

1054 856 1285 907 }nonizandum
1310 872 1388 902 esse,
1413 867 1441 895 et
1468 863 1499 895 in
1523 864 1709 896 Sanctorum
1735 864 1813 897 Con-

1055 916 1228 948 ¹fessorum
1254 915 1431 958 catalogum
1456 915 1672 954 referendum,
1697 916 1813 960 apertis

1055 949 1233 1011 isuffiagiis
1258 973 1457 1001 censuerunt.

1118 1022 1133 1065 ξ
1163 1020 1215 1054 29.
1244 1022 1383 1061 Quorum
1409 1021 1551 1055 omnium
1577 1022 1718 1055 tmanimi
1743 1034 1815 1056 con-

1056 1084 1167 1107 ,sensu
1192 1074 1307 1115 audito,
1332 1075 1489 1119 repletum
1514 1078 1560 1109 est
1581 1075 1695 1118 gaudio
1712 1087 1747 1109 os
1762 1087 1816 1110 no—

1056 1132 1185 1168 strum,
1212 1131 1241 1161 et
1264 1127 1372 1171 lingua
1395 1133 1503 1161 nostra
1525 1129 1723 1170 exultatione,
1741 1131 1815 1174 quia

1054 1200 1057 1253 o
1073 1180 1321 1223 magnificaverit
1337 1181 1489 1214 Dominus
1509 1181 1611 1215 facere
1628 1182 1792 1216 nobiscum
1808 1211 1814 1223 ,

1074 1238 1103 1265 et
1121 1233 1293 1266 Ecclesiam
1308 1244 1395 1267 suam
1415 1244 1497 1267 novo
1511 1234 1625 1267 decore
1639 1235 1815 1278 augendam

1073 1291 1103 1319 et
1127 1286 1344 1319 illustrandam
1365 1287 1550 1320 decreverit.
1568 1287 1815 1321 Canonizationis

1072 1339 1176 1382 itaque
1201 1340 1421 1373 constituimus
1445 1340 1539 1381 diem,
1566 1346 1593 1373 et
1619 1341 1814 1374 orationibus

1071 1393 1155 1437 apud
1167 1393 1277 1434 Deum,
1291 1404 1308 1426 a
1321 1404 1384 1437 quo
1397 1403 1489 1427 omne
1505 1394 1621 1427 donum
1640 1395 1813 1438 perfectum

1071 1452 1128 1485 est,
1146 1451 1178 1479 ut
1196 1447 1347 1480 instarent
1365 1457 1474 1480 omnes
1492 1447 1723 1487 admonuimus,
1736 1453 1769 1480 ut
1784 1448 1814 1480 in

1072 1505 1156 1533 tanto
1178 1510 1273 1543 opere
1291 1501 1473 1543 peragendo
1493 1501 1661 1535 humilitati
1687 1508 1812 1535 nostrae

1072 1565 1128 1598 per
1153 1555 1299 1599 spiritum
1324 1566 1415 1587 suum
1440 1555 1586 1588 assistere
1618 1556 1811 1599 dignaretur.

1116 1609 1130 1651 ξ
1148 1608 1199 1641 30.
1226 1609 1357 1641 Deniuni
1375 1619 1446 1641 cum
1465 1609 1580 1649 omnia,
1601 1619 1681 1652 quae
1696 1620 1732 1641 ex
1747 1620 1814 1642 san-

1071 1668 1195 1696 ctorum
1215 1667 1340 1706 patrum
1362 1662 1497 1695 decretis
1523 1667 1551 1696 et
1576 1664 1734 1696 Romanae
1759 1664 1814 1696 Ec-

1071 1716 1183 1749 clesiae
1209 1716 1435 1749 consuetudine
1459 1716 1510 1758 agi
1539 1722 1567 1748 et
1595 1716 1755 1749 observari
1782 1717 1813 1749 in

1073 1769 1184 1802 talibus
1193 1774 1434 1807 consueverunt,
1446 1770 1582 1813 perfecta
1594 1774 1707 1810 essent,
1721 1770 1813 1803 hodie

1071 1823 1102 1855 in
1119 1825 1318 1856 sacrosancta
1336 1822 1488 1866 Principis
1504 1824 1720 1866 apostolorum
1737 1823 1815 1856 hasi-

1071 1876 1147 1917 lica,
1171 1876 1225 1909 ubi
1246 1876 1379 1908 solemni
1404 1876 1466 1908 ritu
1484 1887 1556 1909 cuni
1582 1876 1814 1909 venerabilibus

1070 1930 1222 1963 fratribus
1246 1929 1363 1963 nostris
1379 1935 1504 1962 sanctae

1071 1983 1134 2016 siae
1159 1982 1391 2023 cardinalibus,
1424 1992 1481 2015 nec
1511 1993 1572 2016 non
1604 1982 1814 2026 patriarchis,

1070 2036 1316 2080 archiepiscopis
1334 2041 1364 2068 et
1381 2035 1537 2080 episcopis
1554 2036 1734 2079 praedictis,
1753 2036 1814 2069 Ro-

1069 2143 1246 2177 miliaribus
1255 2143 1381 2184 nostris,
1390 2144 1475 2176 clero
1487 2143 1618 2176 seculari
1629 2149 1656 2175 et
1666 2143 1814 2185 regulari,

1070 2207 1105 2229 ac
1121 2197 1256 2229 maxima
1277 2196 1387 2240 populi
1406 2196 1579 2239 frequentia
1599 2196 1812 2235 convenimus,

1070 2255 1140 2293 post
1164 2249 1312 2293 repetitas
1335 2260 1393 2292 pro
1418 2248 1661 2281 canonizationis
1686 2248 1812 2280 decreto

1069 2303 1236 2346 petitiones
1261 2303 1387 2335 nomine
1413 2303 1551 2335 eiusdem
1579 2302 1755 2334 charissimi
1782 2302 1812 2334 in

1069 2356 1193 2389 Christo
1211 2356 1267 2388 filii
1284 2356 1382 2388 nostri
1402 2355 1537 2399 Philippi
1556 2355 1640 2398 regis
1665 2355 1812 2388 catholici

1071 2420 1087 2441 a
1105 2409 1218 2442 dilecto
1238 2409 1303 2441 filio
1323 2413 1432 2442 nostro
1454 2408 1612 2441 Ludovico
1637 2408 1717 2440 tituli
1743 2419 1813 2440 san-

1071 2468 1138 2496 ctae
1155 2462 1269 2496 Mariae
1286 2462 1534 2506 Transpontinac
1549 2461 1699 2494 cardinali
1718 2462 1814 2494 Lutlo-

1072 2516 1171 2555 visio,
1196 2521 1305 2548 nostro
1330 2514 1500 2547 secundum
1527 2525 1654 2547 carnem
1679 2520 1812 2558 nepote,

1073 2579 1128 2613 per
1153 2569 1301 2601 dilectum
1333 2568 1432 2600 tilium
1461 2568 1623 2601 Nicolaum
1646 2568 1813 2601 Zamheca-

1073 2624 1154 2656 rium
1169 2622 1364 2664 advocatum⁷
1374 2621 1545 2655 decantatis
1559 2621 1655 2655 sacris
1667 2622 1813 2665 precibus

1073 2687 1107 2711 ac
1125 2676 1250 2717 litaniis,
1267 2686 1303 2710 ac
1320 2675 1453 2720 Spiritus
1466 2675 1568 2710 Sancti
1585 2675 1686 2719 gratia
1703 2670 1817 2710 devote

1539 1930 1687 1962 lom-anae
1713 1930 1816 1964 Eccle-

1070 2101 1180 2124 manae
1206 2091 1311 2124 curiae
1332 2090 1490 2134 praelatis,
1516 2090 1703 2123 oflicialihus
1720 2095 1748 2123 et
1774 2091 1816 2122 sa-

1797 388 1801 392 -
1833 376 1943 401 suffragiu,

1856 1037 1961 1058 statutum
1983 1039 2015 1057 est.

1829 1064 1856 1084 ad
1870 1064 2013 1084 canonizatio·

1830 1096 1877 1112 nem
1891 1090 2000 1111 devenire.

1866 1620 1924 1643 Quod
1941 1622 2012 1640 aetum

1829 1649 1859 1667 est
1881 1653 1901 1667 in
1923 1647 2010 1666 basittca

1828 1674 1925 1693 vaticana
1942 1673 1976 1693 die
1987 1679 2012 1693 xu

1828 1700 1905 1721 martti,
