2293 3231
80 262 129 288 An.
149 261 179 288 C.
197 261 263 288 1618

107 428 227 450 Exordium.

143 1015 268 1042 Supptieaut

85 1042 182 1063 Pontifici
212 1042 269 1063 Ordo

85 1069 199 1091 Servorum
248 1071 268 1090 et

84 1096 225 1117 communitas
231 1095 270 1117 Tu·

86 1122 170 1143 dei-tina
187 1127 226 1148 pro
246 1123 269 1142 ti-

85 1149 156 1170 eeutia
165 1148 269 1169 recitandi

86 1175 178 1197 officium
186 1175 210 1196 Β.
222 1175 270 1196 Phi-

86 1202 100 1222 li
117 1202 138 1228 pi
150 1202 171 1222 in
182 1202 270 1223 civitate

104 1229 203 1249 uoci-una
234 1228 271 1250 ubi

86 1255 132 1276 eius
146 1260 224 1282 eorpus
238 1261 270 1276 re-

87 1282 185 1308 quiescit.

122 2028 189 2053 Quam
205 2033 279 2050 conee-

96 2054 125 2076 dit
137 2061 174 2082 pro
185 2056 281 2077 omnibu·

96 2081 230 2108 regularibus
260 2084 280 2102 ei

96 2108 236 2129 secularibus.

930 262 1048 288 PAULUS
1068 263 1086 285 V
1109 262 1155 285 1³1³.

514 310 626 337 Paulus
648 310 727 345 Papa
746 310 783 343 V,

410 353 446 380 ad
463 356 639 388 perpetuam
654 354 699 382 rei
714 354 894 382 memoriam.

326 420 341 460 g
365 416 393 448 t.
419 415 544 449 Domini
577 417 675 450 nostri
705 416 773 450 lesu
805 417 936 458 Christi,
967 416 1019 462 qui

281 479 389 502 servos
412 479 486 502 suos
503 475 648 502 aeternae
667 470 786 513 gloriae
806 470 949 513 praemio
970 470 1021 503 do-

280 528 332 555 nat
358 523 387 555 in
413 523 521 564 caelis,
549 523 631 556 vices
656 533 846 567 quamquam
871 523 1021 556 immeriti

280 581 424 619 gerentes
449 576 481 609 in
506 576 606 616 terris,
631 587 667 609 ex
689 577 828 610 iniuncto
852 576 942 610 nobis
967 587 1021 620 pa-

280 629 404 664 storalis
419 629 512 663 officii
526 629 631 664 debito
651 630 784 664 libenter
801 641 1020 674 procuramus,

280 687 314 717 ut
338 683 522 717 eorumdem
547 693 712 717 servorum
737 684 850 718 Christi
876 684 976 718 honos
993 688 1021 719 et
1037 710 1040 734 1
1055 683 1180 723 seritur,
1193 688 1383 722 asservatur,
1396 682 1534 716 officium
1549 681 1587 715 de
1603 681 1687 715 dicto
1705 681 1797 715 beato

281 737 440 771 veneratio
458 737 489 770 in
507 737 600 771 terris
625 743 869 782 promoveatui·;
888 737 1022 782 ideoque
1038 743 1040 782 ’ἰ
1056 736 1211 780 Philippo,
1225 746 1281 779 per
1304 746 1371 775 nos,
1389 739 1422 769 ut
1446 736 1668 779 praemittitur,
1686 746 1798 778 appro-

281 789 423 824 fidelium
448 791 537 830 votis,
554 801 634 834 quae
650 791 842 835 peculiarem
860 802 936 834 erga
953 791 1023 824 illos
1038 785 1040 809 ³
1056 788 1174 829 batum,
1192 789 1230 820 ab
1247 789 1394 822 omnibus
1408 794 1470 821 tam
1485 789 1678 822 secubo-ibus
1702 798 1796 832 quam

282 844 400 877 cultum
417 844 600 888 respiciunt,
617 844 828 879 favorabiliter
844 845 1022 884 annuimus,

282 903 378 941 prout
401 898 613 943 conspicimus
638 898 668 931 in
697 898 830 932 Domino
854 895 1041 932 salubriter'

283 950 439 995 expedire.

284 1057 520 1091 communitatis
548 1064 576 1091 et
606 1059 768 1092 hominum
800 1059 932 1093 civitatis
968 1053 1042 1093 nos

284 1116 367 1144 strae
395 1111 621 1153 Tuderssnae‘,
646 1122 682 1145 ac
710 1112 829 1145 Aurelii
858 1112 1043 1156 Raphaelis‘

285 1163 410 1197 Ordinis
433 1164 567 1197 fratrum
592 1165 762 1198 Servorum
783 1166 892 1198 beatae
912 1165 1025 1198 Mariae

285 1219 501 1262 procuratoris
517 1219 683 1262 generalis,
698 1220 790 1253 nobis
806 1230 909 1264 nuper
934 1230 1026 1263 expo-

286 1271 379 1305 situm
404 1272 472 1312 fuit,
497 1273 582 1316 quod
600 1267 665 1317 ipsi
690 1284 726 1307 ex
751 1273 915 1316 singulari,
931 1284 1025 1317 quem

287 1335 362 1369 erga
379 1325 504 1359 beatum
520 1326 698 1370 Philippum
716 1327 870 1360 Benitium
885 1327 1026 1360 ciusdem

287 1377 411 1412 Ordinis
441 1379 653 1423 professorem
685 1386 819 1423 gerunt,
853 1380 1027 1414 devotionis

287 1432 422 1473 affectu,
447 1444 481 1466 ac
516 1434 591 1467 alias
620 1434 658 1467 ad
688 1434 863 1477 augendam
887 1434 1026 1467 fidelium

289 1496 364 1529 erga
381 1486 469 1519 illum
484 1486 692 1528 devotionem,
709 1487 847 1521 officium
861 1488 899 1521 de
918 1488 1027 1521 eodem
1044 1486 1047 1526 ζ

289 1539 380 1572 beato
401 1539 556 1584 Philippo,
574 1540 650 1573 alias
673 1552 690 1573 a
715 1541 805 1574 nobis
830 1552 888 1585 per
905 1540 1047 1596 nostras]

1698 250 1760 282 427
1809 259 1990 287 An.c.1618

1037 314 1136 354 {taxat
1159 308 1424 352 consequendum,
1439 309 1553 341 harum
1576 307 1658 341 serie
1682 307 1789 340 absol-

1037 358 1180 408 }ventes,
1205 366 1235 396 et
1259 362 1417 395 absolutas
1442 361 1508 394 fore
1533 363 1713 399 censentes,
1738 360 1795 392 hu-

1037 435 1039 441 ·
1056 415 1190 448 iusmodi
1216 415 1500 459 supplicationibus
1525 413 1674 457 inclinati,
1689 413 1726 446 de
1744 423 1795 446 vc·-

1036 464 1243 512 Jnerabilium
1273 470 1406 503 fratrum
1435 473 1616 501 nostrorum
1645 468 1673 501 S.
1701 467 1735 500 R.
1762 467 1793 499 E.

1036 522 1261 575 lcardinalium
1287 523 1383 556 sacris
1407 521 1519 555 ritibus
1543 521 1796 566 praepositorum

1055 575 1197 615 consilio,
1223 581 1255 608 ut
1279 576 1311 608 in
1335 576 1458 609 civitate
1484 574 1644 618 praedicta
1664 579 1796 614 tantum,

1037 644 1039 650 s
1056 629 1107 662 ubi
1133 628 1273 661 ciusdem
1299 629 1381 662 beati
1399 628 1534 672 Philippi
1555 638 1681 671 corpus,
1699 632 1732 660 ut
1751 637 1797 660 as-

1039 867 1042 879 ,
1057 842 1257 886 regularibus
1273 842 1417 886 personis
1434 842 1568 886 publice,
1587 842 1796 886 privatimque

1040 897 1088 942 ¹in
1114 896 1162 929 die
1188 896 1256 929 eius
1281 895 1523 929 obdormitionis
1547 896 1579 928 in
1603 895 1736 929 Domino
1753 906 1798 928 re-

1039 949 1147 1006 3citari
1181 949 1278 983 libere
1308 955 1338 982 et
1367 949 1452 982 licite
1484 949 1600 988 valeat,
1625 948 1800 993 apostolica

328 1005 344 1048 ξ
367 1004 396 1038 2.
414 1004 509 1045 Sane,
527 1005 654 1038 nomine
679 1005 867 1039 dilectorum
885 1006 1024 1039 tiliorum
1040 1007 1042 1022 ³

1041 1025 1042 1028 =
1057 1003 1254 1043 auctoritate,
1279 1008 1387 1037 tenore
1405 1002 1628 1047 praesentium,
1642 1002 1799 1036 licentiam

1041 1078 1043 1097 Ξ
1058 1062 1087 1089 et
1105 1057 1283 1090 facultatem
1301 1061 1453 1100 perpetuo
1478 1056 1680 1090 concedimus
1698 1061 1727 1088 et
1745 1056 1800 1088 im-

1041 1100 1043 1106 ’
1057 1110 1222 1153 pertimui:

1104 1164 1118 1207 ἓ
1135 1163 1164 1197 4.
1182 1164 1250 1197 Non
1268 1163 1464 1197 obstantibus
1481 1163 1755 1197 constitutionibus
1771 1166 1802 1195 et
1863 1174 2001 1198 „mimicum-

1042 1246 1044 1253 ,
1059 1216 1310 1251 ordinationibus
1331 1216 1522 1260 apostolicis,
1539 1216 1715 1260 ceterisque
1731 1226 1802 1250 con·
1816 1201 2000 1249 ammonam.

1061 1270 1166 1303 trariis
1182 1270 1443 1314 quibuscumque.

1105 1324 1217 1357 Datum
1242 1324 1369 1363 Romae,
1395 1324 1478 1367 apud
1502 1323 1530 1357 S.
1557 1324 1686 1357 Mariam
1712 1324 1803 1356 Maio-

1044 1372 1046 1432 ’Ῐ
1062 1387 1139 1416 rem,
1157 1377 1215 1410 sub
1231 1377 1348 1410 annulo
1364 1377 1532 1411 Piscatoris
1553 1376 1602 1410 die
1628 1387 1703 1410 xxiv
1719 1382 1804 1410 octo-

1062 1431 1127 1464 bris
1145 1441 1298 1471 mmxwu,
1315 1431 1515 1474 pontificatus
1528 1431 1628 1465 nostri
1646 1441 1728 1464 anno
1738 1440 1801 1464 xiv.

1099 1495 1156 1521 Dat.
1179 1494 1221 1521 die
1242 1494 1275 1521 24
1296 1493 1415 1521 octobris
1438 1494 1517 1527 1618,
1538 1494 1634 1530 pontif.
1657 1502 1701 1521 an.
1724 1500 1778 1520 xlv.

290 1592 321 1625 in
345 1593 439 1626 simili
465 1593 565 1626 forma
590 1594 697 1628 Brevis
722 1595 780 1627 sub
804 1595 853 1628 die
878 1605 922 1628 xil
947 1601 1030 1629 octo·
1046 1609 1047 1640 i
1062 1593 1236 1627 Indullum
1258 1605 1277 1627 α
1302 1594 1405 1628 Leone
1426 1594 1522 1637 Papa
1542 1594 1571 1628 X
1593 1594 1753 1636 fratribus
1773 1604 1803 1625 e-

289 1646 354 1679 bris
367 1656 464 1681 iincvi
479 1647 638 1690 expeditas
654 1647 774 1680 litteras
788 1648 1029 1691 approbatum',
1046 1664 1049 1686 i

289 1700 320 1733 in
350 1700 513 1744 praedicta
544 1701 685 1742 civitate,
711 1706 742 1734 ut
777 1702 878 1742 infra,
905 1699 1048 1736 recitari?

289 1764 380 1798 posse
405 1765 607 1799 summopere
627 1755 815 1789 desiderant.
829 1756 925 1789 Nobis
940 1767 1032 1800 prop-

291 1812 376 1841 terea
400 1807 563 1841 humiliter
580 1808 750 1852 supplicari
776 1809 925 1849 fecerunt,
944 1815 978 1841 ut
994 1810 1049 1842 de'

291 1864 471 1906 opportuna
496 1862 556 1895 sibi
574 1862 605 1895 in
621 1862 804 1906 praemissis
819 1863 943 1897 licentia
962 1873 1033 1906 pro·
1049 1893 1051 1905 ,

293 1914 399 1949 videre
425 1915 462 1948 de
487 1914 679 1958 benignitate
699 1916 869 1959 apostoliea
889 1911 1051 1958 dignare-'3

293 1978 374 2002 mur.
1050 1960 1051 1964 ¹

340 2022 355 2065 ξ
382 2021 410 2055 3.
437 2022 500 2055 Nos
528 2022 642 2065 igitur,
663 2023 722 2066 piis
746 2023 979 2057 communitatis
1004 2029 1052 2057 et¹

295 2075 459 2108 hominum
476 2086 534 2108 nec
551 2086 614 2109 non
630 2076 748 2108 Aurelii
766 2077 933 2120 Raphaclis
950 2088 1035 2120 prae-
1051 2075 1052 2079 ’

296 2127 452 2161 dictorum
479 2128 558 2162 votis
582 2128 762 2161 huiusmodi
782 2139 930 2170 annuere,
956 2130 1053 2173 illos-3

296 2191 357 2225 que
377 2181 564 2225 specialibus
580 2181 738 2214 favoribus
755 2187 784 2214 et
801 2183 910 2225 gratiis
926 2193 1036 2227 prose·
1052 2176 1055 2219 Ῐ

296 2234 350 2278 qui
364 2235 513 2276 volentes,
530 2239 559 2269 et
576 2246 687 2269 eorum
701 2235 875 2278 singulares
889 2247 1038 2280 personas

297 2299 315 2321 a
337 2289 500 2333 quibusiis
529 2289 881 2330 excommunicationis,
907 2300 1037 2334 suspen-

297 2342 394 2376 sionis
419 2348 448 2375 et
474 2342 639 2383 interdicti,
664 2343 795 2386 aliisque
820 2343 1038 2377 ecclesiasticis

298 2396 470 2436 sententiis,
491 2396 633 2429 censuris
657 2401 687 2428 et
710 2396 832 2440 poeuis,
857 2406 874 2428 a
899 2396 966 2429 iure
991 2397 1037 2429 vel

299 2448 336 2481 ab
361 2449 505 2490 homine,
530 2449 639 2493 quavis
671 2449 836 2482 occasione
867 2449 914 2481 vet
945 2452 1039 2482 rausa

299 2501 386 2544 latis,
411 2503 437 2536 si
461 2503 575 2548 quibus
606 2503 845 2548 quomodolibet
877 2502 1040 2536 innodatae

301 2556 455 2597 existunt,
480 2557 518 2589 ad
543 2556 688 2590 effectum
713 2556 926 2600 praesentium
950 2556 1040 2589 dum-

339 2630 352 2656 1
369 2628 440 2656 Edit.
454 2627 533 2657 Μαίη.
550 2628 633 2656 habet
650 2629 808 2656 Tudertina
823 2629 864 2663 (a.
877 2632 923 2659 τ.).

339 2673 357 2700 2
370 2672 426 2703 itae
441 2673 547 2702 littei-ae
562 2674 640 2710 paulo
655 2678 716 2710 post
730 2677 880 2709 sequuntur
893 2674 931 2708 (n.
950 2679 964 2700 r
977 2674 997 2707 ).

1109 1648 1232 1682 insdem
1241 1647 1376 1683 Ordinis
1385 1658 1579 1687 concessum,
1589 1652 1626 1680 ut
1635 1658 1695 1690 pro
1706 1648 1805 1681 Beato

1110 1702 1257 1735 venerari
1271 1702 1397 1745 possint
1417 1701 1617 1745 Philippum
1635 1701 1805 1734 Benitium

1109 1755 1190 1788 dicti
1215 1755 1351 1789 Ordinis
1375 1755 1455 1788 olim
1476 1756 1706 1799 professorem;
1725 1756 1806 1788 eius-

1109 1819 1171 1852 que
1194 1810 1312 1852 festum
1335 1808 1388 1842 die
1404 1819 1482 1843 xxm
1507 1810 1640 1852 anqusti
1663 1809 1722 1841 sub
1745 1809 1806 1841 du-

1107 1863 1189 1906 plici
1212 1863 1316 1906 officio
1341 1863 1517 1907 quotannis
1542 1863 1709 1896 celebrare.

1332 1935 1388 1962 Leo
1409 1934 1488 1969 Papa
1507 1935 1540 1967 X,

1050 1977 1053 2007 ἶ
1068 1987 1191 2015 Dilectis
1211 1988 1283 2015 filiis
1298 1987 1390 2022 priori
1405 1988 1538 2023 generati
1554 1991 1585 2016 et
1599 1988 1745 2016 fratribus
1763 1988 1811 2016 Or-

1104 2033 1182 2060 dinis
1202 2033 1308 2060 heatae
1325 2032 1437 2060 Mariae
1450 2033 1620 2067 servorum,
1632 2033 1688 2060 sub
1705 2032 1811 2067 regula

1104 2076 1203 2115 saneti
1228 2077 1377 2111 Augusti,
1400 2077 1529 2104 salutem
1558 2080 1589 2104 et.
1616 2077 1811 2110 apostoticam

1105 2120 1352 2148 benedictionem.

1123 2183 1273 2227 Exposuit
1304 2183 1395 2216 nobis
1429 2194 1530 2227 nuper
1562 2184 1695 2217 dilectus
1728 2184 1811 2217 filius
1827 2198 2010 2225 mmmmm.

1827 2227 1898 2248 nitius.
1926 2226 2011 2246 Ordinis

1070 2241 1177 2268 noster
1206 2237 1359 2270 Antonius
1390 2237 1471 2270 tituli
1503 2242 1627 2270 sanctae
1663 2236 1811 2269 Praxedis
1828 2253 1942 2273 semum,
1953 2251 2011 2272 Βη-

1828 2282 1861 2299 tae
1868 2279 1955 2302 Mariae,
1962 2281 2010 2298 ante

1071 2290 1235 2334 presbyter
1259 2290 1427 2325 cardinalis
1451 2290 1576 2324 Ordinis
1605 2290 1699 2323 vestri
1731 2301 1812 2333 pro—
1828 2309 1847 2326 ει
1863 2305 2011 2334 posi-obitum

1072 2348 1190 2383 tector,
1214 2355 1249 2377 ex
1275 2350 1362 2387 parte
1388 2347 1512 2384 vestra,
1540 2344 1624 2387 quod
1649 2332 1934 2388 tempore,¹r¹=¹1'i1².⁰⁰¹¹⁵
1971 2332 2013 2351 ⁶¹⁸⁵

1071 2407 1134 2440 quo
1164 2396 1323 2431 institutus
1357 2397 1414 2431 fuit
1444 2397 1527 2430 Ordo
1551 2402 1655 2430 vester
1679 2398 1813 2430 fratrum

1072 2449 1180 2484 beatae
1205 2450 1318 2483 Mariae
1342 2450 1514 2484 Servomm
1539 2450 1596 2483 sub
1621 2451 1731 2493 regula
1748 2461 1814 2484 san-

1073 2503 1113 2536 cti
1127 2504 1304 2546 Augustini,
1320 2504 1430 2537 beatus
1448 2504 1609 2548 Philippus
1629 2504 1730 2548 patria
1748 2504 1815 2537 Flo-

1074 2557 1226 2594 seminus,
1246 2568 1283 2591 ex
1308 2562 1400 2600 gente
1425 2557 1554 2597 Benitia‚
1580 2563 1666 2591 trans
1682 2559 1813 2598 Arnum,

1073 2616 1148 2643 tunc
1171 2610 1260 2653 prior
1283 2610 1440 2653 generalis
1456 2610 1596 2644 eiusdem
1613 2611 1748 2652 Ordinis,
1766 2623 1814 2646 ve-

1057 2663 1120 2705 ilut
1143 2674 1270 2707 gemma
1292 2664 1434 2706 rutilans,
1455 2664 1609 2705 doctrina,
1629 2664 1816 2706 humilitate,
