2293 3231
282 296 329 323 Aa.
347 295 374 322 c.
400 295 461 324 1621
511 287 575 321 656

481 345 630 378 tratribus
655 350 682 376 et
708 344 873 386 religiosis,
895 354 950 376 seu
974 344 1043 376 aliis
1067 344 1221 386 personis,

483 399 511 430 in
537 407 654 440 genere
679 396 725 428 rel
752 396 781 428 in
806 397 919 439 specie,
940 396 998 428 sub
1023 395 1223 439 quibuscum-

481 461 541 493 que
567 448 728 481 tenoribus
753 454 781 480 et
808 448 927 489 formis,
944 459 979 482 ac
997 459 1068 482 cum
1093 449 1222 494 quibus-

482 504 526 535 ris
556 503 649 535 etiam
682 502 956 545 derogatoriarum
992 503 1223 546 derogatoriis,

481 556 612 600 aliisque
630 555 860 589 etlicacioribus
876 562 905 589 et
920 556 1052 589 insolitis
1066 557 1224 597 clausulis,

484 609 741 653 irritantibusque
759 614 788 641 ct
805 609 873 642 aliis
893 609 1038 651 decretis,
1057 609 1086 642 in
1105 616 1226 643 contra-

483 663 565 694 rium
585 662 689 695 forsan
715 662 953 705 quomodolibet
971 663 1137 704 concessis,
1154 673 1226 696 con-

483 715 634 754 tii-matis,
664 720 693 748 et
718 715 890 749 innovatis:
915 716 1032 760 quibus
1056 716 1225 757 omnibus,

482 769 605 802 etiamsi
630 769 668 802 de
687 769 756 809 illis,
774 780 950 814 eorumque
967 770 1040 804 totis
1064 770 1226 804 tenoribus

483 822 636 866 specialis,
655 822 811 866 specifica,
829 833 977 867 expressa
1001 828 1031 856 et
1057 823 1226 864 individua,

482 887 517 909 ac
542 875 579 908 de
605 875 700 909 verbo
725 876 764 908 ad
789 876 931 917 verbum,
955 886 1018 910 non
1042 881 1145 910 autem
1170 887 1227 920 per

483 929 639 962 clausulas
680 930 842 972 generales
879 929 962 963 idem
999 930 1226 974 importantes,

484 981 601 1015 mentio
618 992 672 1014 seu
689 982 817 1026 quaevis
836 982 896 1015 alia
909 982 1070 1027 expressio
1083 983 1226 1016 habenda

485 1036 574 1075 soret,
588 1035 649 1068 illis
662 1035 738 1068 alias
756 1035 787 1068 in
801 1046 857 1069 suo
871 1036 987 1070 robore
1000 1037 1226 1080 permansuris,

1042 296 1220 320 nrtmnltm
1246 296 1400 320 ROMANUM

1452 343 1611 379 Gregorius
1632 344 1796 379 Episcopus

1441 395 1548 416 servus
1568 395 1722 416 servorum
1742 389 1805 421 noi,

1375 433 1412 460 ad
1432 435 1611 468 perpetuam
1630 433 1677 461 rei
1696 434 1876 462 memoriam.

1302 502 1498 536 lnserutabili
1516 502 1568 536 Dei
1595 502 1791 547 providentia
1815 503 2000 537 universalis
2014 517 2200 566 coffiffiioigffu·

1259 556 1416 590 Ecclesiae
1440 556 1604 600 regimini,
1631 556 1752 591 meritis
1775 557 1848 590 licet
1872 556 1999 601 impari-

1257 608 1326 650 bus,
1348 609 1578 653 praesidentes,
1604 609 1771 654 pastoralis
1794 615 1920 643 nostrae
1944 611 2002 643 sol—

1259 662 1430 696 licitudinis
1443 668 1548 707 partes
1560 673 1628 696 esse
1641 663 1866 706 dignoscimus,
1883 663 1916 696 in
1932 673 2001 697 earn

1259 726 1369 749 curam
1394 715 1566 760 praecipue
1591 715 1786 757 incumbere,
1810 720 1881 748 uta
1900 715 2003 760 dignis

1260 774 1290 802 et
1319 768 1461 814 probatis
1494 773 1615 803 tantum
1648 768 1864 802 sacerdotibus
1898 774 2004 803 sancte

1260 822 1520 856 administrentur
1549 821 1759 855 ecelesiastica
1791 826 2004 863 sacramenta,

1260 881 1353 919 atque
1377 880 1412 908 ut
1437 875 1595 918 virginum
1612 875 1676 909 Deo
1693 885 1854 908 sacrarum
1879 885 2003 909 monas-

1261 929 1339 962 teria
1362 928 1602 972 diligentissime
1626 928 1862 969 custodiantur,
1891 933 1922 962 et
1945 928 2004 961 viri

1261 985 1460 1016 assumantur
1480 981 1588 1015 idonei
1611 981 1651 1015 ad
1674 981 1918 1026 praedicationis
1941 982 2005 1016 offi-

1261 1037 1344 1069 cium
1362 1035 1531 1069 salubriter
1548 1035 1777 1080 exequendum.

2018 296 2065 322 Αιι.
2083 295 2110 323 C.
2130 293 2197 323 1622

485 1089 541 1121 liae
566 1089 633 1122 viee
657 1088 819 1122 dumtaxat
843 1090 957 1122 harum
982 1090 1063 1123 serie
1087 1090 1228 1134 speciali-

485 1148 531 1175 ter
548 1148 578 1175 et
594 1153 727 1187 exprcse
743 1143 945 1187 derogamus,
963 1143 1140 1188 ceterisque
1157 1154 1228 1178 con-

485 1195 589 1228 trariis
605 1195 868 1240 quibuscumque.

529 1250 544 1291 ,S
573 1249 620 1282 14.
645 1250 728 1284 Nulli
753 1260 831 1293 ergo
855 1251 986 1284 omnino
1007 1251 1171 1284 hominum
1196 1250 1229 1284 li-

1306 1090 1321 1133 §
1345 1089 1374 1122 «1.
1401 1089 1481 1123 Sane
1501 1088 1702 1122 Tridentinae
1725 1088 1841 1134 Synodi
1869 1088 2004 1122 decretis
2027 1101 2204 1132 equinarum-

1261 1142 1392 1187 provide
1409 1147 1536 1176 cautum
1552 1147 1609 1184 est,
1628 1142 1751 1175 nullum
1774 1142 2004 1187 presbyterum,
2019 1131 2066 1182 22²3.
2079 1133 2204 1177 'ff'ffmuu'

1262 1196 1354 1230 etiam
1380 1197 1576 1240 regularem,
1601 1206 1695 1240 posse
1724 1195 1936 1230 consessiones
1959 1205 2005 1229 se·
2019 1182 2164 1230 ffii‘afffi'issm
2182 1187 2205 1230 ἕί

1261 1249 1427 1291 cularium,
1451 1250 1545 1283 etiam
1570 1249 1780 1291 sacerdotum,
1803 1249 1923 1291 audire,
1946 1259 2006 1282 nec
2019 1235 2198 1289 ἓῗέξῖἒιξῖἷωω

299 1263 410 1283 clausulae
420 1268 468 1289 poe-

286 1291 353 1311 nalen

486 1308 553 1336 ceat
578 1303 657 1337 hanc
683 1304 829 1347 paginam
854 1308 980 1339 nostrae
1011 1304 1228 1345 absolutionis,

485 1357 737 1400 approbationis,
766 1357 1026 1398 confirmationis,
1051 1358 1227 1391 defectuum

487 1410 708 1454 suppletionis,
738 1411 873 1451 unionis,
907 1411 1101 1453 annexionis,
1128 1412 1231 1445 incor—

488 1465 670 1508 porationis,
686 1465 803 1498 decreti
828 1471 857 1499 et
882 1465 1097 1509 derogationis
1123 1465 1230 1498 infrin-

487 1529 572 1560 gere,
590 1519 637 1551 vel
660 1519 688 1551 ei
715 1529 793 1552 ausu
819 1518 986 1552 temerario
1012 1519 1180 1552 contraire.
1198 1519 1228 1553 Si

487 1572 556 1615 quis
574 1577 678 1605 autem
702 1571 762 1605 hoc
786 1572 932 1606 attentari
957 1572 1229 1616 praesumpserit,

488 1624 734 1667 indignationem
763 1625 986 1669 omnipotentis
1007 1625 1062 1658 Dei
1091 1635 1127 1659 ac
1156 1625 1230 1658 bea-

489 1683 592 1710 torum
614 1677 696 1711 Petri
714 1682 741 1711 et
759 1678 846 1711 Pauli
863 1679 1081 1723 apostolorum
1107 1679 1173 1712 eius
1198 1689 1230 1712 se

488 1731 609 1764 noverit
635 1731 848 1764 incursurum.

532 1784 643 1817 Datum
669 1785 796 1825 Romae,
817 1784 900 1829 apud
928 1784 957 1818 S.
984 1784 1121 1826 Petrum,
1149 1795 1231 1819 anno

488 1838 712 1872 lncarnationis
752 1838 932 1872 Dominicae
962 1848 1101 1880 nncxxt,
1129 1839 1231 1883 pridie

489 1891 556 1924 idus
580 1891 740 1933 februarii,
750 1892 952 1936 pontificatus
969 1892 1070 1927 nostri
1094 1892 1230 1927 ann01¹.

525 1954 582 1982 Dat.
599 1954 643 1982 die
665 1954 696 1982 12
715 1953 845 1982 februarii
862 1954 941 1988 1621,
963 1955 1059 1991 pontif.
1082 1964 1125 1983 an.
1148 1962 1164 1983 ι.

837 2080 883 2113 Ll.

490 2162 534 2195 De
559 2165 778 2205 exemplorum
794 2160 982 2205 privileqiis
999 2162 1086 2195 circa
1102 2162 1232 2195 anima-

532 2224 608 2246 rum
621 2223 744 2254 curam,
758 2218 786 2246 et
799 2218 1079 2247 sacramentorum
1092 2214 1135 2247 ad
1139 2214 1234 2247 mini-

532 2269 735 2307 strationem,
749 2267 1056 2300 sanctimonialium
1074 2271 1233 2301 monaste-

533 2322 596 2363 ria,
614 2326 643 2356 et
658 2321 935 2366 praedicationem
953 2322 1042 2355 verbi
1058 2322 1143 2355 Dei'.

527 2395 535 2419 t
557 2392 613 2420 Huc
629 2393 657 2419 in
673 2392 738 2420 edit.
760 2391 838 2419 Main.
864 2392 990 2427 leguntur
1012 2391 1119 2420 adiecta
1143 2393 1233 2420 Const.

491 2437 566 2464 Pauli
576 2438 598 2464 V
609 2441 636 2465 et
650 2437 733 2465 Saulii
749 2437 860 2465 decreta
873 2446 943 2473 quae
958 2445 1007 2465 nos
1022 2438 1075 2464 iam
1090 2437 1235 2465 retulimus

490 2482 514 2508 in
533 2486 597 2509 tom.
613 2489 650 2517 xi,
668 2490 727 2518 pag.
746 2482 796 2509 487
812 2490 869 2518 seq·
888 2483 923 2518 (a.
940 2482 990 2517 12).

527 2528 535 2552 1
557 2526 689 2554 Nonnulla
705 2526 788 2554 dubia
802 2535 885 2563 super
904 2526 954 2554 ista
970 2526 1168 2554 Constitutione
1188 2535 1235 2554 ex-

490 2574 550 2597 orta
564 2571 652 2604 tuere,
668 2579 751 2606 super
765 2571 863 2607 quibus
878 2575 1020 2599 emanatae
1035 2575 1098 2598 sunt
1112 2571 1234 2598 declara-

492 2614 578 2641 tiones
593 2622 685 2641 sacrae
700 2614 922 2651 Congregationis
936 2615 1058 2647 Concilii,
1075 2615 1109 2642 ab
1129 2615 1237 2643 istomet

491 2657 617 2693 Gregorio
632 2663 658 2685 et
672 2659 787 2692 iUrbano
808 2659 866 2686 Vlll
891 2659 948 2686 eius
969 2667 1126 2687 successore
1142 2667 1235 2695 respe-

491 2702 559 2730 ctive
574 2702 749 2738 approbatae,
764 2712 833 2740 quae
848 2703 892 2731 hic
910 2703 1100 2732 subiiciuntur.

1262 1304 1300 1337 ad
1325 1304 1356 1337 id
1381 1303 1528 1337 idoneum
1555 1303 1713 1348 reputari,
1737 1303 1797 1336 nisi
1827 1308 1880 1336 aut
1904 1313 2002 1347 paro-

1262 1358 1361 1391 chiale
1378 1357 1567 1391 beneficium
1583 1357 1705 1398 habeat,
1722 1362 1775 1389 aut
1793 1356 1832 1390 ab
1849 1357 2006 1401 episcopis

1262 1421 1319 1456 per
1331 1421 1473 1451 examen,
1491 1410 1516 1443 si
1534 1410 1596 1443 illis
1612 1409 1769 1443 videbitur
1782 1420 1850 1443 esse
1866 1419 2007 1444 necessa-

1263 1465 1358 1506 rium,
1381 1469 1435 1497 aut
1457 1464 1533 1498 alias
1558 1463 1690 1498 idoneus
1715 1463 1882 1506 iudicetur,
1903 1468 1934 1497 et
1955 1474 2006 1508 ap·

1264 1517 1495 1562 probationem,
1512 1527 1592 1561 quae
1616 1517 1714 1560 gratis
1737 1516 1840 1558 detur,
1856 1516 2004 1551 obtineat.

1309 1572 1323 1615 g
1344 1571 1373 1604 ⁶2.
1391 1571 1530 1612 Necnon,
1547 1576 1581 1605 ut
1601 1571 1632 1604 in
1656 1570 1866 1612 monasteriis,
1883 1581 1939 1604 seu
1954 1570 2007 1604 do-

1264 1625 1368 1658 mibus
1404 1624 1547 1658 virorum
1584 1634 1640 1657 seu
1675 1624 1862 1665 mulierum,
1891 1623 2006 1668 quihus

1264 1678 1408 1711 imminet
1425 1678 1604 1711 animarum
1629 1687 1705 1711 cura
1728 1686 1937 1721 personarum
1963 1686 2008 1710 se-

1265 1731 1419 1765 cularium
1445 1736 1570 1776 praeter
1595 1741 1648 1764 cas
1676 1741 1755 1774 quae
1778 1735 1850 1764 sunt
1873 1729 1912 1763 de
1940 1729 2007 1764 illo-

1265 1795 1337 1818 rum
1358 1784 1624 1818 monasteriorum
1642 1794 1697 1817 seu
1714 1784 1857 1818 locorum
1877 1783 2007 1824 familia,

1265 1848 1428 1883 personae,
1446 1842 1510 1872 tam
1535 1838 1698 1881 regulares
1721 1847 1816 1881 quam
1840 1837 2008 1878 seculares,

1266 1891 1421 1926 eiusmodi
1435 1902 1543 1925 curam
1555 1897 1747 1932 exercentes,
1763 1891 1885 1924 subsint
1901 1891 2009 1924 imme-

1265 1946 1365 1986 diate,
1397 1945 1428 1978 in
1456 1945 1494 1978 iis
1523 1955 1603 1989 quae
1633 1944 1672 1977 ad
1705 1944 1820 1978 dictam
1845 1954 1953 1978 curam
1978 1949 2009 1978 et

1266 2004 1538 2032 sacramentorum
1570 1998 1875 2032 administrationem
1905 1998 2006 2042 perti-

1265 2058 1350 2093 nent,
1362 2051 1581 2092 iurisdictioni,
1591 2051 1760 2085 visitationi
1776 2057 1806 2085 et
1819 2051 2008 2085 correctioni

1267 2106 1417 2151 episcopi,
1434 2106 1466 2139 in
1481 2106 1571 2140 cuius
1588 2105 1724 2139 dioecesi
1745 2110 1818 2139 sunt
1833 2105 1901 2139 sita.
1919 2105 2009 2138 Item-

1266 2170 1337 2203 que,
1356 2165 1389 2193 ut
1409 2159 1549 2204 episcopi
1562 2159 1711 2199 universi,
1728 2158 1785 2192 sub
1801 2158 2008 2192 obtestatione

1267 2213 1364 2246 divini
1380 2213 1487 2246 iudicii
1504 2217 1534 2248 et
1547 2212 1801 2246 interminatione
1818 2211 2008 2245 maledictio-

1267 2266 1315 2299 nis
1334 2271 1491 2307 aeternae,
1511 2266 1543 2298 in
1562 2265 1710 2299 omnibus
1734 2264 1933 2298 monasteriis
1948 2263 2008 2297 sibi

1268 2319 1427 2361 subiectis,
1437 2318 1609 2360 ordinaria,
1619 2319 1650 2351 in
1662 2318 1731 2351 aliis
1742 2329 1826 2359 vero,
1835 2317 1923 2352 Sedis
1931 2318 2010 2361 Apo-

1269 2373 1396 2407 stolicae
1409 2372 1595 2407 auctoritate
1604 2373 1782 2406 clausuram
1793 2370 2010 2405 sanctimonia-

1268 2427 1356 2467 lium,
1372 2426 1426 2459 ubi
1442 2426 1557 2460 violata
1572 2426 1676 2466 suerit,
1695 2425 1862 2468 diligenter
1877 2424 2009 2465 restitui,

1269 2485 1309 2521 et,
1333 2479 1387 2512 ubi
1412 2479 1560 2513 inviolata
1583 2483 1645 2519 cst,
1669 2477 1848 2512 conservari
1873 2477 2009 2511 maxime

1269 2538 1461 2578 procurent3
1490 2531 1704 2566 inobedientes
1733 2535 1826 2575 atque
1850 2530 2009 2565 contradi-

1269 2592 1373 2620 ctores
1387 2596 1443 2630 per
1456 2595 1603 2619 censuras
1621 2583 1855 2625 ecclesiasticas,
1871 2584 2010 2629 aliasque

1270 2649 1402 2684 poenas,
1428 2647 1626 2683 quacumque
1654 2637 1861 2682 appellatione
1884 2642 2011 2682 postpo-

1270 2694 1340 2736 sita,
1360 2696 1606 2739 compescentes.

2047 1581 2073 1602 Et
2088 1585 2140 1602 sess.
2159 1586 2204 1606 xxv.

2021 1612 2069 1634 cap.
2093 1612 2114 1629 xi
2143 1609 2165 1629 ot
2191 1613 2203 1628 v

2020 1635 2080 1656 circa
2091 1634 2203 1656 sanctimo-

2021 1662 2089 1683 ntalon
2102 1661 2184 1683 statuit.
