2293 3231
291 290 339 316 An.
357 289 386 316 C.
406 289 473 317 1622

317 351 476 375 l'rntlrgturuui

289 379 449 403 metropolitica
456 389 471 392 —

291 414 335 428 ritui
351 406 466 427 concessio.

322 1418 442 1440 clausulae.

519 281 582 314 7517.

536 341 550 379 ,ξ
583 338 611 369 ἴι.
652 336 759 369 Eidem
792 335 1030 378 archiepiscopo
1064 334 1228 366 Parisiensi

492 392 647 435 praefatos
672 399 745 422 suos
770 388 988 430 suffraganeos
1011 386 1229 427 consecrandi,

491 454 527 476 ac
545 442 752 486 provinciales
777 440 912 485 synodos
929 439 1089 479 evocandi,
1107 450 1143 472 ac
1159 450 1229 472 cum

491 496 534 528 eis
549 494 756 528 ecelesiastica
770 493 896 535 negotia
909 492 1107 533 terminandi,
1120 502 1230 525 eorum

490 547 637 581 eeclesias
661 546 868 590 disponendi,
893 551 923 578 et
947 556 1055 578 causas
1084 555 1234 589 quarum-

491 610 625 643 cumque
642 599 897 643 appellationum,
913 598 977 631 sive
993 599 1138 642 querelas
1157 598 1233 631 alias

490 654 528 686 ad
553 664 625 685 eum
655 659 815 696 tamquam
847 652 1127 696 metropolitanum
1151 652 1234 684 iuxta

492 706 618 739 decreta
642 705 771 738 Concilii
795 704 970 737 Tridentini
995 704 1166 745 devolutas,
1183 709 1235 737 aut

491 759 566 791 alias
584 758 667 790 iuxta
685 768 848 790 sacrorum
866 767 1022 790 canonum
1040 762 1154 790 statuta
1170 767 1237 801 spe-

493 817 611 845 ctantes
625 811 847 854 cognoscendi,
865 810 1035 855 omniaque
1054 810 1115 843 alia
1131 815 1161 843 et
1177 810 1237 842 sin-

492 866 575 908 gula,
601 874 681 908 quae
705 864 743 897 de
767 864 837 897 iure
861 864 909 896 vel
926 863 1163 904 consuetudine,
1183 868 1236 896 aut

493 919 569 952 alias
593 918 842 962 quomodolibet,
866 917 905 950 ad
929 917 1188 961 archiepiscopos
1207 921 1237 950 et

492 972 776 1017 archiespiscopale
790 981 904 1005 munus
915 976 1068 1015 spectare,
1076 970 1236 1015 pertinere

495 1027 593 1060 solent
612 1030 641 1060 et
657 1026 782 1065 debent,
800 1024 940 1068 gerendi,
953 1023 1088 1057 faciendi
1104 1029 1134 1056 et
1151 1034 1237 1056 exer-

493 1080 584 1113 cendi
608 1080 732 1123 plenam
747 1084 777 1112 et
801 1077 1017 1111 omnimodam
1033 1076 1236 1110 concedimus

493 1134 681 1166 facultatem.
708 1131 889 1165 Provinciae
906 1141 1032 1175 quoque
1052 1129 1236 1163 parisiensis

495 1188 615 1220 clerum
634 1192 662 1219 et
679 1186 833 1230 populum
850 1185 1032 1218 universum
1049 1194 1160 1217 eorum
1176 1194 1236 1228 pro

494 1241 645 1275 ecclesiae
662 1246 691 1273 et
715 1240 944 1284 archiepiscopi
961 1238 1145 1272 Parisiensis
1161 1248 1236 1282 pro-

494 1294 678 1328 vincialibus
706 1294 825 1338 pariter
852 1298 1006 1337 perpetuo
1035 1292 1236 1326 concedimus

493 1354 524 1381 et
548 1348 754 1391 assignamus.

538 1403 554 1445 ξ
570 1401 599 1435 6.
618 1402 827 1434 Decernentes
847 1399 972 1433 easdem
992 1404 1173 1443 praesentes
1191 1399 1237 1433 lit-

496 1461 578 1489 teras
602 1456 660 1488 sub
686 1454 849 1499 quibusvis
873 1454 1025 1487 similium
1050 1458 1080 1486 et
1104 1453 1236 1486 dissimi-

495 1510 571 1542 lium
590 1509 763 1552 gratiarum
782 1508 1046 1548 revocationibus,
1059 1506 1237 1550 suspensio-

495 1562 598 1602 nibus,
623 1561 873 1601 limitationibus,
898 1565 950 1593 aut
973 1560 1041 1592 aliis
1070 1558 1236 1593 contrariis

495 1614 764 1659 dispositionibus,
790 1613 882 1646 etiam
908 1623 966 1656 per
989 1622 1057 1653 nOS,
1082 1622 1137 1644 seu
1159 1611 1236 1644 alios

498 1669 653 1701 ltomanos
678 1666 844 1700 Pontifices
869 1675 1069 1699 successores
1092 1669 1235 1705 nostros,

496 1721 553 1753 sub
573 1721 825 1765 quibuscumque
841 1719 1013 1753 verborum
1029 1718 1238 1763 expressioni-

495 1775 554 1808 bus
571 1780 600 1807 et
619 1774 739 1814 formis,
756 1784 792 1807 ac
810 1784 881 1806 cum
899 1772 1063 1817 quibusvis
1088 1771 1236 1805 clausulis

494 1833 525 1861 et
549 1828 703 1870 decretis,
729 1827 822 1860 etiam
848 1832 935 1860 motu
950 1853 957 1867 ,
982 1825 1129 1866 scientia,
1153 1829 1238 1869 pote-

495 1881 581 1913 statis
609 1880 803 1925 plenitudine
831 1879 987 1912 similibus
1011 1889 1070 1922 pro
1093 1883 1237 1922 tempore

495 1935 731 1979 quomodolibet
747 1934 836 1967 sactis
853 1933 981 1966 minime
999 1931 1236 1976 comprehendi,

495 1988 548 2020 sed
574 1997 699 2031 semper
723 1987 762 2020 ab
787 1987 849 2019 illis
873 1986 985 2030 excipi,
1010 1991 1040 2018 et
1059 1985 1183 2029 quoties
1199 1985 1237 2017 il-

496 2041 543 2073 lae
567 2040 767 2080 emanabunt,
793 2040 883 2072 toties
908 2039 940 2071 in
960 2038 1129 2082 pristinum
1146 2043 1177 2071 et
1190 2048 1238 2070 va-

497 2093 695 2134 lidissimum,
720 2104 755 2126 ac
775 2104 858 2133 eum,
876 2092 907 2124 in
925 2102 987 2135 quo
1004 2096 1093 2124 antea
1110 2101 1238 2134 quomo-

496 2147 614 2181 dolibet
638 2150 727 2180 erant
750 2151 877 2186 statum,
897 2145 1067 2185 restitutas,
1085 2145 1238 2188 repositas

496 2205 525 2235 et
544 2200 684 2244 plenarie
704 2200 923 2243 reintegratas,
941 2210 977 2232 ac
994 2199 1032 2231 de
1045 2209 1126 2232 novo
1144 2199 1237 2232 etiam

497 2254 553 2286 sub
578 2263 777 2297 quacumque
801 2252 969 2296 posteriori
998 2251 1086 2292 data,
1110 2262 1168 2295 per
1191 2262 1239 2284 ar-

497 2306 734 2350 ehiepiscopum
767 2305 974 2338 Parisiensem
1006 2315 1064 2347 pro
1096 2309 1238 2348 tempore

498 2360 682 2393 existentem
708 2359 972 2402 quandocumque
996 2357 1150 2399 eligenda,
1168 2367 1240 2390 con-

499 2423 609 2453 cessas,
634 2424 670 2445 ac
694 2422 820 2456 semper
844 2416 998 2455 perpetuo
1016 2410 1132 2443 validas
1153 2415 1183 2443 et
1200 2410 1239 2443 es-

501 2466 611 2499 licaces
635 2476 702 2499 esse
726 2471 756 2498 et
780 2466 857 2505 sore,
883 2475 1018 2508 suosque
1035 2464 1192 2508 plenarios
1209 2469 1239 2496 ct

501 2518 638 2561 integros
669 2518 797 2551 etl'ectus
828 2518 934 2551 sortiri
959 2522 989 2550 et
1013 2517 1176 2557 obtinere,
1204 2527 1240 2549 ac

500 2571 538 2602 ab
562 2571 717 2611 omnibus,
741 2571 778 2603 ad
804 2582 883 2614 quos
900 2581 982 2603 nunc
1003 2569 1239 2614 quomodolibet

499 2627 617 2666 spectat
640 2629 669 2656 et
693 2629 836 2667 spectare
864 2624 979 2667 poterit
1010 2623 1041 2655 in
1073 2623 1236 2664 futurum,

498 2681 650 2720 perpetuo
676 2677 809 2710 firmiter
833 2682 863 2710 et
887 2676 1109 2710 inviolabiliter
1134 2677 1240 2710 obser-

1057 286 1237 312 BULLARIUM
1262 285 1417 310 nouatum

1264 333 1331 366 vari
1347 339 1377 365 et
1394 332 1572 376 adimpleri;
1595 331 1703 375 sicque
1721 341 1778 376 per
1789 340 2006 376 quoscumque

1264 385 1384 418 iudices
1407 385 1586 418 ordinarios
1603 390 1633 418 et
1649 384 1819 427 delegatos,
1832 384 1941 428 quavis
1956 395 2007 416 au-

1264 438 1409 471 ctoritate
1433 438 1616 481 fungentes,
1641 437 1734 470 etiam
1760 447 1927 470 causarum
1950 447 2007 480 pa-

1264 492 1330 524 latii
1354 491 1520 535 apostolici
1544 490 1714 531 auditores,
1739 500 1775 523 ac
1791 489 1820 523 S.
1839 489 1873 522 R.
1895 489 1928 521 E.
1945 499 2009 522 car-

1266 545 1396 585 dinales,
1421 544 1514 577 etiam
1540 544 1579 577 de
1603 544 1700 576 latere
1731 543 1852 586 legatos
1876 547 1906 574 et
1930 541 2010 575 vice-

1266 598 1396 641 legatos,
1410 597 1574 641 dictaeque
1591 597 1679 631 Sedis
1695 596 1838 637 nuncios,
1855 595 1985 628 iudicari
1999 594 2009 612 ¹

1267 656 1297 683 et
1321 650 1445 683 definiri
1462 650 1588 691 debere,
1612 660 1648 683 ac
1672 660 1708 683 ex
1734 658 1817 682 nunc
1833 648 1958 681 irritum
1976 652 2007 680 et

1268 703 1359 737 inane
1376 704 1401 736 si
1419 714 1509 737 secus
1533 713 1629 747 super
1648 703 1698 736 his
1714 713 1732 735 a
1748 711 1918 746 quoquam,
1935 711 2010 744 qua-

1269 757 1314 790 vis
1342 756 1548 797 auctoritate,
1569 756 1703 789 scienter
1731 755 1780 788 vel
1807 755 2009 798 ignoranter,

1269 809 1437 853 contigerit
1455 809 1609 844 attentari.

1313 863 1329 906 ἐ
1353 862 1382 895 7.
1406 862 1476 896 Non
1500 861 1696 896 obstantibus
1720 861 1830 904 regula
1847 861 1955 894 nostra
1971 859 2010 893 de
2032 835 2036 838 Δ

1986 913 1992 918 -
2023 898 2144 925 derogatio.

1269 915 1338 948 iure
1361 915 1505 959 quaesito
1527 925 1592 948 non
1615 914 1763 955 tollendo,
1788 924 1824 947 ac
1847 912 2010 957 quibusvis

1269 968 1338 1001 aliis
1362 968 1552 1012 apostolicis,
1566 977 1690 1001 necnon
1705 967 1737 1000 in
1752 966 2010 1011 provincialibus,

1269 1022 1482 1066 synodalibus,
1506 1021 1738 1055 universalibus
1761 1019 1903 1054 conciliis
1919 1018 2011 1052 editis

1269 1081 1299 1109 et
1312 1075 1441 1109 edendis
1457 1075 1646 1119 specialibus
1662 1075 1711 1108 vel
1728 1073 1928 1117 generalibus
1940 1083 2012 1107 con-

1269 1129 1484 1162 stitutionibus
1515 1134 1545 1162 et
1575 1127 1843 1168 ordinationibus,
1866 1136 1925 1159 nec
1947 1135 2011 1160 non

1269 1181 1467 1215 Cal-notensis
1491 1186 1522 1215 et
1541 1181 1707 1214 Meldensis
1725 1190 1761 1213 ac
1778 1179 2012 1213 Aurelianensis

1270 1234 1474 1267 ecclesiarum
1484 1233 1718 1278 praedictarum
1729 1233 1930 1276 (iuramento,
1941 1242 2012 1266 con-

1270 1288 1448 1322 firmatione
1465 1287 1649 1332 apostoliea,
1666 1287 1715 1320 vel
1735 1286 1845 1331 quavis
1864 1286 2012 1319 firmitate

1270 1342 1331 1375 alia
1343 1341 1515 1384 roboratis)
1533 1340 1654 1374 statutis
1671 1345 1702 1373 et
1717 1339 2010 1380 consuetudinibus,

1269 1395 1443 1440 privilegiis
1460 1405 1596 1438 quoque,
1615 1394 1742 1427 indultis
1758 1398 1789 1427 et
1809 1393 1922 1426 litteris
1938 1403 2012 1438 apo-

1270 1448 1398 1488 stolicis,
1422 1447 1541 1481 eisdem
1565 1447 1705 1481 ecclesiis
1728 1450 1759 1481 et
1781 1446 2013 1480 venerabilibus

1270 1501 1419 1535 fratribus
1443 1501 1560 1534 nostris
1584 1500 1745 1534 modernis
1769 1510 1878 1533 earum
1895 1500 2013 1544 episco-

1271 1555 1329 1599 pis,
1354 1564 1476 1588 necnon
1500 1554 1622 1587 dilectis
1639 1553 1712 1586 filiis
1729 1563 1838 1586 earum
1857 1553 2012 1596 capitulis,

1270 1615 1301 1643 et
1323 1609 1487 1654 quibusvis
1509 1608 1579 1641 aliis
1604 1607 1766 1652 personis,
1791 1606 1849 1640 sub
1882 1606 2013 1649 quibus-

1270 1674 1406 1707 cumque
1426 1663 1590 1696 tenoribus
1613 1666 1643 1694 et
1666 1660 1787 1701 formis,
1804 1670 1840 1693 ac
1857 1670 1930 1693 cum
1947 1660 2014 1703 qui-

1270 1716 1377 1749 busvis
1393 1715 1488 1748 etiam
1505 1713 1779 1757 derogatoriarum
1792 1712 2013 1756 derogatoriis,

1270 1769 1401 1812 aliisque
1413 1767 1642 1801 efficacioribus
1655 1772 1686 1799 et
1701 1766 1835 1799 insolitis
1854 1765 2012 1808 clausulis,

1271 1821 1532 1865 irritantibusque
1552 1825 1582 1853 et
1599 1820 1668 1853 aliis
1684 1819 1830 1860 decretis,
1847 1819 1880 1851 in
1897 1829 2014 1862 genere

1270 1877 1318 1909 vel
1343 1876 1375 1908 in
1399 1874 1513 1919 specie,
1538 1874 1633 1907 etiam
1658 1878 1745 1906 motu
1765 1877 1796 1906 et
1817 1872 1947 1906 scientia
1963 1882 2014 1916 pa-

1271 1929 1358 1962 ribus
1382 1939 1418 1962 ac
1443 1926 1713 1962 consistorialibus
1728 1936 1764 1959 ae
1780 1925 1868 1959 aliis²
1884 1936 2014 1970 quomo-

1271 1982 1389 2016 dolibet
1406 1981 1499 2014 etiam
1516 1980 1636 2025 pluries
1648 1979 1816 2019 concessis,
1830 1978 2014 2023 approbatis

1271 2039 1300 2069 et
1316 2034 1487 2068 innovatis:
1505 2033 1619 2077 quibus
1637 2032 1794 2073 omnibus,
1808 2031 1940 2072 etiamsi,
1954 2042 2013 2076 pro

1271 2089 1397 2122 illorum
1420 2086 1586 2120 sufficienti
1603 2086 1818 2128 derogatione,
1831 2084 1870 2118 de
1887 2085 1948 2118 illis
1964 2095 2014 2118 eo-

1271 2151 1406 2185 rumque
1419 2139 1492 2174 totis
1506 2139 1678 2179 tenoribus,
1691 2138 1846 2182 specialis,
1863 2137 2011 2182 specifica

1270 2199 1301 2227 et
1325 2203 1472 2237 expressa
1496 2192 1612 2225 mentio
1638 2191 1791 2231 habenda,
1813 2195 1866 2225 aut
1885 2191 1945 2223 alia
1959 2190 2012 2224 ali-

1270 2258 1331 2291 qua
1355 2246 1509 2290 exquisita
1534 2246 1634 2279 forma
1657 2245 1695 2277 ad
1720 2245 1780 2277 hoe
1802 2243 1955 2277 servanda
1970 2244 2013 2276 so-

1272 2305 1338 2342 ret,
1363 2306 1488 2334 tenores
1518 2298 1718 2339 huiusmodi,
1743 2308 1779 2331 ae
1803 2298 1828 2330 si
1852 2297 1890 2331 de
1916 2297 2012 2330 verbo

1271 2355 1310 2388 ad
1329 2355 1460 2388 verbum
1477 2354 1700 2394 insererentur,
1718 2351 1937 2396 praesentibus
1953 2361 2012 2394 pro

1272 2408 1463 2441 sufficienter
1479 2406 1637 2451 expressis
1656 2411 1686 2439 et
1710 2405 1834 2438 insertis
1850 2405 2011 2444 habentes,

1272 2461 1333 2494 illis
1356 2461 1432 2494 alias
1449 2463 1479 2494 in
1495 2470 1552 2493 suo
1569 2460 1686 2493 robore
1710 2456 1934 2502 permansuris,
1953 2456 2011 2489 hac

1272 2515 1338 2547 vice
1362 2514 1524 2547 dumtaxat
1549 2514 1662 2546 harum
1686 2511 1767 2545 serie
1784 2510 1963 2554 specialiter
1981 2514 2011 2542 et

1273 2577 1440 2612 expresse,
1472 2572 1580 2608 motu,
1605 2564 1755 2607 scientia,
1780 2574 1816 2596 ac
1847 2562 2011 2607 potestatis

1309 2641 1318 2666 t
1343 2637 1412 2665 Edit.
1433 2636 1511 2664 Main.
1532 2636 1597 2671 legit
1614 2635 1748 2663 iudicare
1767 2634 1808 2668 (n.
1825 2634 1874 2667 T.).

1306 2684 1323 2711 2
1335 2684 1432 2712 Potius
1447 2679 1689 2709 concistorialiaeer
1703 2687 1736 2705 ac
1751 2678 1826 2706 alitis
1840 2678 1876 2715 (n.
1893 2680 1941 2714 r.).

2020 281 2069 309 An.
2085 280 2117 308 C.
2135 280 2202 309 1622

2075 871 2208 894 obstantium
