2293 3231
84 246 137 275 An.
154 247 184 274 C.
201 246 269 274 1623

887 247 1062 270 niittcnmus·
1090 248 1104 269 ¹<
1114 247 1127 269 Υ
1156 247 1200 269 ΡΡ.

279 294 373 328 tentia
387 322 394 335 ,
419 294 628 328 satisfactione
653 295 778 337 praevia
810 301 836 327 et
872 294 1017 327 iniunctis
1051 294 1239 338 ubicumque
1257 293 1417 332 residebis,
1435 292 1581 325 continue
1598 292 1644 324 vel
1663 291 1700 323 ad
1714 296 1788 324 tern-

279 346 488 389 iniungcndis,
505 347 677 387 absolvere,
690 353 719 379 ct
737 358 807 379 cum
829 347 903 390 ipsis
924 357 1018 390 super

281 399 523 442 irregularitate,
543 399 568 431 si
586 410 680 443 quam
702 399 880 432 huiusmodi
899 404 1018 432 senten-

281 451 332 485 tiis
356 452 461 495 ligati,
487 451 614 492 missas,
640 457 669 484 et
693 452 753 484 alia
777 452 881 485 divina
905 452 1017 492 otticia,

283 516 345 538 non
370 510 473 538 tamen
498 505 528 538 in
546 510 761 548 contemptum
779 505 923 545 clavim'n,
941 505 1018 538 cele-

283 557 412 597 brando,
429 561 481 589 aut
505 556 565 589 illis
590 567 622 589 se
639 556 844 589 immiscendo
860 562 1020 589 contraxe-

283 609 355 651 rint,
379 609 577 653 dispensare,
603 620 792 654 omnemque
816 609 1019 642 inhabilitatis

284 666 313 696 ct
337 663 482 695 infamiae
499 663 652 695 maculam
678 663 742 695 sive
766 668 870 696 notam
889 673 946 706 per
966 673 1018 695 eos

284 721 450 760 propterea
468 720 658 749 contractam
675 716 815 756 abolere,
830 721 859 749 et
877 716 1017 756 infantes,

284 773 314 803 et
326 770 452 810 Turcas,
466 775 496 802 et
515 769 696 810 Saracenos,
714 769 766 813 qui
787 770 818 802 iu
844 769 1020 813 praesentia

286 825 337 856 tua
361 834 397 856 cx
423 823 531 867 quavis
556 826 648 856 causa
671 834 730 867 pro
755 829 896 867 tempore
921 823 1020 866 bapti-

285 876 448 917 zabuntur,
472 876 640 920 baptizare,
665 887 700 909 ac
724 877 790 917 tibi,
808 882 835 910 et
858 876 918 909 tuis
938 875 1020 915 tiliis,

285 929 478 974 reliquisque
509 930 540 962 in
576 930 669 964 domo
701 933 753 963 tua
786 941 844 974 pro
880 935 1021 973 tempore

286 983 493 1017 servientibus
517 988 544 1016 et
570 983 798 1023 residentibus,
823 983 955 1026 aliisque
975 983 1018 1015 di-

286 1041 354 1070 ctae
389 1036 494 1070 curiae
529 1036 720 1076 curialibus,
751 1036 958 1080 poenitentiae
993 1041 1023 1067 et

286 1089 512 1130 eucharistiae,
541 1094 572 1122 et
599 1090 658 1122 alia
682 1094 897 1129 sacramenta,
930 1088 1022 1121 etiam

286 1141 318 1174 in
333 1142 412 1174 sesto
428 1141 679 1183 Resurrectionis
694 1142 818 1175 Domini
841 1142 940 1174 nostri
956 1141 1023 1173 lesu

286 1194 409 1235 Christi,
423 1195 541 1238 absque
565 1195 697 1228 alicuius
720 1195 856 1235 licentia,
871 1195 1023 1227 ministra-

285 1258 330 1288 re,
356 1258 410 1280 seu
435 1248 607 1280 ministrari
632 1249 748 1288 facere,
774 1258 831 1281 nec
854 1258 918 1281 nou
941 1248 1023 1281 idem

287 1302 487 1350 cappellanus
511 1302 611 1335 maior
638 1307 668 1334 te
695 1307 726 1334 et
749 1312 858 1335 omnes
882 1301 1024 1342 curiales,

287 1359 317 1387 et
349 1365 565 1398 quoscumque
596 1355 673 1388 alios
705 1355 824 1388 curiam
861 1359 1026 1398 sequentes

287 1412 381 1449 tuam,
390 1408 428 1441 ab
439 1408 585 1441 omnibus
598 1413 627 1441 et
640 1408 770 1452 singulis
783 1408 915 1449 delictis,
925 1418 1026 1441 exces-

287 1462 375 1495 sibus
391 1467 421 1495 et
437 1462 631 1502 criminibus,
649 1462 742 1495 etiam
760 1462 882 1495 casibus
905 1462 1025 1505 episco-

287 1515 420 1560 palibus,
445 1515 591 1548 iniunctis
620 1515 829 1558 iniungendis,
853 1515 1024 1555 absolvere,

288 1573 318 1601 et
341 1568 498 1601 interdicti
522 1574 665 1612 tempore
681 1568 908 1602 ecclesiasticae
927 1569 1026 1612 sepul-

288 1627 377 1656 turae
408 1622 553 1662 tradere3
577 1621 725 1666 quodque
749 1632 807 1665 pro
839 1632 870 1654 se
903 1626 933 1654 et
956 1622 1026 1654 aliis

288 1675 477 1720 cappellanis
493 1675 660 1719 praedietis
673 1675 703 1707 in
717 1685 914 1718 quacumque
931 1675 1027 1708 eccle-

288 1729 343 1770 sia,
359 1729 454 1763 etiam
472 1729 622 1763 Ordinum
646 1729 778 1761 fratrum
799 1728 963 1768 Minorum,
989 1728 1025 1760 ad

288 1793 382 1828 quam
400 1787 428 1817 te
445 1793 504 1827 pro
520 1788 663 1826 tempore
675 1782 832 1815 declinare
850 1782 1026 1825 contigerit,

288 1835 459 1870 dummodo
476 1836 507 1869 in
525 1838 560 1869 ea
577 1836 636 1880 ipsi
652 1835 824 1879 cappellani
838 1841 867 1868 et
884 1841 1027 1869 cantores

289 1890 393 1924 divina
418 1890 520 1924 officia
544 1889 703 1924 celebrent
722 1895 752 1922 et
775 1893 920 1931 cantent,
945 1889 1028 1922 obla-

290 1944 400 1985 tiones,
425 1944 545 1977 etiamsi
567 1944 604 1977 de
630 1953 724 1977 manu
748 1945 811 1983 tua,
837 1948 1027 1987 tuorumque

290 1996 428 2030 filiorum
453 2008 506 2030 seu
526 1997 662 2030 siliarum
683 1996 862 2041 procedant,
883 2002 976 2040 prout
997 1997 1025 2029 in

292 2050 372 2085 dicta
402 2051 489 2094 regia
520 2051 661 2095 cappella
692 2051 850 2094 recipere,
875 2060 932 2083 nec
965 2060 1027 2083 non

291 2113 506 2148 quaecumque
522 2104 731 2144 matrimonia,
746 2113 825 2147 quae
839 2103 867 2135 in
886 2113 1028 2147 praesen-

292 2157 334 2190 tia
346 2159 399 2189 tua
412 2156 647 2197 contrahentur,
665 2156 879 2195 solemnizare,
893 2166 928 2188 ac
943 2166 1029 2199 prae-

292 2210 393 2244 dictus
421 2210 623 2254 cappellanus
657 2211 757 2244 maior
795 2210 826 2242 in
858 2209 1027 2253 episcopali

292 2263 442 2306 dignitate
466 2263 650 2297 constitutus
678 2268 797 2296 tantum
830 2263 977 2295 omnihus
1001 2267 1030 2295 et

292 2316 424 2360 singulis
447 2316 705 2350 interessentibus
730 2316 894 2349 missarum
920 2316 1031 2349 solem-

292 2370 352 2403 niis
387 2374 417 2402 et
449 2369 536 2402 verbi
566 2369 620 2402 Dei
651 2369 874 2413 praedicationi
911 2369 941 2401 in
977 2372 1029 2401 tua

292 2423 480 2468 praesentia,
494 2433 566 2456 vere
581 2422 811 2466 poenitentibus
825 2427 854 2455 et
871 2422 1029 2462 confessis,

293 2475 444 2509 ducentos
460 2475 526 2508 dies
547 2476 584 2509 de
598 2476 745 2508 iniunctis
764 2475 808 2508 eis
831 2475 1031 2518 poenitentiis

295 2528 542 2562 misericorditer
559 2529 589 2561 iii
614 2529 746 2562 Domino
763 2529 794 2560 in
812 2528 913 2561 forma
931 2528 1031 2560 Eccle-

295 2580 359 2614 siae
379 2584 527 2615 consueta
550 2583 699 2621 relaxare
724 2587 820 2625 utque
844 2581 984 2614 omnium
1002 2586 1031 2613 et

296 2637 494 2681 singulorum
518 2637 768 2672 christifidelium
792 2637 824 2670 in
849 2636 936 2671 curia
960 2638 1029 2677 tua,

1051 358 1118 390 pus.
1136 359 1193 390 pro
1215 352 1356 389 tempore
1381 345 1654 383 commorantium,
1672 355 1728 387 pei·
1745 354 1787 379 sc,

1052 401 1098 432 vel
1122 400 1228 439 alium,
1254 410 1307 431 scu
1333 399 1423 438 alios,
1449 409 1505 441 pei·
1530 408 1600 430 eum
1622 397 1660 429 ad
1685 397 1715 429 id
1739 397 1789 429 de-

1052 453 1216 496 putandos,
1241 463 1257 484 a
1282 463 1348 491 suo,
1375 452 1398 483 si
1424 451 1556 484 curiales
1581 460 1642 483 non
1662 449 1788 490 suerint,

1051 505 1216 539 tlt-(linario
1230 505 1430 549 approbatos,
1448 504 1657 537 consessiones
1671 503 1789 544 audire,

1052 569 1168 602 eosque
1192 570 1208 591 a
1232 558 1367 602 pcccatis·
1384 558 1555 597 absolvere,
1576 557 1720 590 iniunctis
1737 557 1789 589 iis-

1052 612 1122 645 dem
1148 623 1205 656 pro
1235 612 1411 645 ‹zoiiimissis
1437 611 1626 655 poenitentia
1652 611 1789 650 salutari,

1053 671 1079 698 ct
1098 665 1165 698 aliis
1180 665 1387 708 iniungendis3
1401 675 1523 697 necnon
1537 668 1597 698 tam
1611 664 1788 707 ipsc‚quan1

1053 719 1090 752 ah
1116 730 1153 752 eo
1177 719 1342 762 deputatus
1366 719 1529 762 presbyter
1552 718 1717 758 secularis,
1743 718 1789 751 vel

1053 772 1190 806 cuiusvis
1215 771 1338 805 Ordinis
1362 771 1400 804 de
1432 782 1559 804 suorum
1591 771 1788 814 superiorum

1054 825 1178 859 licentia
1203 824 1372 868 regularis,
1397 825 1514 868 pariter
1539 834 1555 856 a
1580 834 1653 863 suo,
1679 824 1703 856 si
1728 833 1789 857 non

1053 879 1147 911 suerit
1172 878 1308 917 curialis,
1325 877 1489 911 Ordinario
1509 877 1708 920 approbatus,
1727 887 1791 909 om-

1054 932 1140 964 niuin
1163 936 1193 964 et
1213 931 1408 973 singulorum
1430 930 1461 962 in
1482 929 1629 973 hospitali
1654 935 1723 962 tuae
1741 941 1792 962 cu-

1056 985 1120 1017 riae
1163 984 1361 1017 existentium
1399 984 1608 1017 confessiones
1647 983 1792 1016 similiter

1056 1038 1174 1078 audire,
1189 1038 1295 1081 eisque
1309 1043 1503 1070 sacramenta
1516 1036 1723 1070 ecclesiastica
1739 1036 1793 1069 mi-

1057 1090 1209 1131 nistrare,
1233 1096 1264 1123 et
1288 1090 1318 1122 in
1350 1090 1460 1123 mortis
1489 1090 1621 1122 articulo
1653 1089 1792 1122 omnium

1057 1149 1257 1186 peccatorum
1282 1154 1412 1176 suorum
1437 1143 1675 1182 ahsolutionem,
1693 1143 1793 1176 iniun-

1059 1196 1115 1228 ctis
1146 1196 1264 1239 pariter
1295 1195 1511 1237 iniungendis,
1537 1195 1734 1238 inqwndere,
1759 1206 1795 1229 ac

1058 1249 1270 1292 parochialem
1288 1248 1451 1281 ecclesiam
1469 1248 1651 1281 viciniorem
1670 1249 1795 1292 palatio,

1059 1302 1110 1334 ubi
1136 1306 1165 1335 te
1190 1312 1248 1345 pro
1272 1306 1417 1345 tempore
1442 1301 1559 1334 morari
1576 1302 1750 1344 contigerit,
1768 1308 1797 1335 et

1059 1355 1084 1388 si
1109 1355 1225 1388 fuerint
1249 1355 1329 1388 duae
1354 1354 1548 1397 parochiales
1573 1354 1722 1387 ecelesiae
1746 1365 1796 1388 ac—

1059 1419 1119 1452 que
1143 1408 1262 1441 vicinae
1286 1407 1369 1440 dicto
1394 1407 1518 1451 palatio,
1543 1408 1684 1447 alteram,
1704 1418 1797 1451 quam

1060 1462 1204 1495 maluerit
1227 1462 1354 1504 eligere,
1379 1461 1409 1493 in
1434 1463 1533 1504 eaque
1558 1466 1620 1493 tam
1647 1462 1799 1505 cappella-

1059 1525 1117 1548 nus
1143 1515 1253 1555 maior,
1278 1526 1372 1558 quam
1397 1524 1531 1558 persona
1551 1514 1588 1546 ab
1614 1525 1650 1548 eo
1670 1515 1708 1547 ad
1733 1515 1798 1547 ani-

1060 1578 1182 1600 marum
1209 1578 1317 1600 curam
1342 1567 1529 1610 deputanda,
1548 1567 1645 1600 libere
1666 1568 1797 1610 ingredi,

1060 1626 1089 1653 et
1113 1620 1222 1653 exinde
1246 1625 1440 1653 sacramenta
1465 1619 1623 1664 praedicta
1647 1621 1798 1664 acen-iere,

1061 1680 1090 1707 et
1114 1674 1171 1706 sibi
1198 1673 1328 1706 subditis
1347 1673 1535 1712 ministrare,
1550 1684 1584 1706 ac
1601 1673 1637 1706 ad
1657 1673 1800 1707 infirmos

1061 1733 1131 1760 tuae
1156 1727 1261 1759 curiae
1285 1726 1418 1766 deferre,
1434 1732 1463 1759 et
1490 1726 1676 1759 monitiones
1697 1727 1800 1760 matri-

1062 1781 1212 1813 moniales
1242 1791 1370 1813 suorum
1403 1779 1601 1812 subditorum
1637 1779 1721 1813 iuxta
1746 1780 1799 1814 de-

1062 1841 1146 1868 creta
1159 1834 1231 1867 dicti
1246 1834 1368 1867 concilii
1383 1834 1535 1877 publicari
1556 1834 1666 1873 tacere,
1684 1844 1801 1877 eosque

1063 1887 1273 1928 matrimonio,
1289 1888 1354 1920 sssne
1366 1892 1467 1919 tamen
1479 1886 1671 1930 praeiudicio
1683 1887 1799 1920 iurium

1062 1941 1206 1984 parochi,
1231 1940 1437 1983 coniungere3
1463 1946 1636 1983 praeterea,
1654 1940 1677 1972 si
1699 1940 1799 1972 eidem

1063 1994 1245 2038 cappellano
1271 1993 1381 2026 maiori
1407 1993 1582 2033 videbitur,
1604 1993 1800 2026 considerata

1063 2048 1205 2081 decentia
1225 2053 1254 2080 et
1278 2047 1472 2086 necessitate,
1491 2046 1720 2079 sanctissinum]
1744 2047 1801 2079 Eu-

1063 2101 1229 2134 charistiae
1253 2106 1483 2134 sacramentum
1508 2105 1537 2133 et
1561 2100 1726 2132 Extremae
1745 2100 1801 2134 Un-

1063 2155 1174 2188 ctionis
1198 2155 1228 2187 in
1253 2154 1396 2198 cappella
1420 2153 1516 2196 regia,
1542 2157 1573 2186 ut
1597 2153 1635 2185 ad
1660 2154 1801 2186 intirmos

1063 2213 1092 2240 et
1106 2208 1245 2240 infirmas
1264 2208 1292 2240 in
1311 2207 1393 2240 dicto
1408 2207 1521 2250 palatio
1539 2207 1705 2238 existentes
1718 2216 1802 2239 com-

1065 2261 1187 2294 modius
1212 2260 1380 2300 deseratur,
1398 2266 1427 2293 et
1453 2260 1558 2292 multis
1583 2260 1800 2299 incommodis,

1064 2326 1143 2359 quae
1168 2315 1243 2347 alias
1268 2315 1351 2346 nasci
1378 2319 1514 2357 possent,
1535 2313 1687 2353 obvietur,
1712 2323 1802 2356 repo-

1065 2379 1149 2408 nere,
1174 2368 1271 2401 libere
1297 2373 1326 2400 et
1352 2367 1433 2400 licite
1451 2371 1479 2400 et
1504 2367 1623 2409 absque
1643 2366 1706 2398 ullo
1731 2376 1802 2399 con-

1065 2422 1211 2455 scientiae
1236 2421 1383 2464 scrupulo
1404 2426 1455 2453 aut
1477 2430 1680 2452 censurarum
1707 2420 1802 2452 ecclc-

1065 2475 1260 2507 siastiearum
1291 2474 1417 2506 incursu
1445 2474 1564 2512 valcat,
1591 2472 1747 2504 licentiam
1772 2476 1802 2504 et

1064 2529 1251 2568 facultatem,
1276 2527 1459 2560 auctoritate
1484 2526 1668 2570 apostolica,
1695 2531 1802 2558 tenore

1063 2582 1285 2626 praesentium,
1304 2580 1506 2614 concedimus
1523 2585 1551 2612 ct
1571 2579 1778 2622 indulgemus.

1107 2636 1122 2679 g
1146 2636 1174 2669 6.
1200 2635 1246 2668 Ad
1271 2636 1363 2675 hacc,
1389 2640 1421 2668 ut
1444 2634 1634 2678 quicumque
1658 2634 1801 2667 locorum

1695 233 1758 267 815
1803 242 1852 268 An.
1873 243 1900 268 (1,
1920 242 1984 269 1023

1865 2636 1987 2664 Cappellaui
1994 2653 1999 2661 ,
