2293 3231
5 1075 7 1078 .
4 1047 10 1053 ,,
3 961 19 1034 ,wa

0 1202 26 1390 ⁴:51-4-7'213„
4 1157 16 1171 s:
10 1120 14 1125 ,

0 2546 26 2610 dih-r

150 336 240 365 AmC.
263 339 329 366 16¹4

162 1670 245 1691 Vicat-io
264 1677 304 1698 op-

119 1699 220 1722 portunas
228 1703 304 1720 conce-

119 1724 149 1744 dit
160 1724 280 1746 facultates.

991 356 1108 382 mrtLt's
1134 359 1153 381 V
1178 361 1224 384 ΓΡ.

345 389 425 430 sicia,
451 401 530 434 quae
557 398 645 428 antea
671 396 707 429 ad
735 398 833 441 ipsius
865 401 1084 445 collationem,

343 443 567 486 provisionem,
594 447 830 493 institutionem,
849 455 894 486 vel
912 458 1082 500 quamlibet

342 494 434 528 aliam
449 496 686 541 dispositionem
705 505 911 546 pertinebant,
930 510 1082 548 conferre,

341 557 395 581 seu
421 549 458 581 de
479 550 542 583 illis
558 553 650 586 etiam
672 557 848 599 providero,
866 566 916 592 aut
934 561 1009 594 alias
1024 563 1083 595 dis—

340 611 466 643 ponere,
493 605 539 637 vel
569 606 700 649 fruetus,
727 610 875 649 redditus,
900 620 1080 656 proventus,

339 654 417 695 iura,
435 657 639 693 obventiones
661 667 688 694 et
706 665 916 698 emolumenta
933 678 990 710 per
1008 679 1078 701 eum

338 706 369 739 in
385 710 555 751 provinciis
571 713 609 745 de
623 714 762 757 Peraiba,
776 718 945 753 ltamaraca
965 727 992 753 et
1012 722 1080 755 Rio-
1095 733 1096 747 ¹

337 762 467 803 grande,
489 770 517 797 et
543 765 581 798 de
606 767 797 811 Maranliam,
816 771 1004 817 illarumque
1021 781 1078 808 ter-

337 813 439 855 minis,
465 818 598 861 oppidis,
624 822 810 862 territoriis,
835 825 915 857 villis
946 832 972 858 et
1001 828 1076 861 loeis

334 868 503 909 praedietis
529 872 650 906 ratione
685 875 884 915 visitationis,
917 885 966 911 ant
999 881 1092 924 legis¹

334 920 495 961 dioecesis,
507 926 668 970 percipere.
679 930 855 963 nullatenus
867 933 977 976 possit)
991 934 1071 969 dieta

333 976 517 1010 auctoritate
537 986 689 1023 perpetuo
707 983 873 1017 eximimus
890 990 917 1020 et
937 988 1072 1021 totaliter
1089 992 1091 997 ’

332 1026 513 1069 liberamus,
527 1031 673 1077 ipsasque
686 1036 865 1078 provincias
878 1038 915 1070 de
930 1039 1070 1081 Peraiba,

331 1080 512 1123 Itamaraea,
533 1090 560 1117 et
587 1086 774 1130 Riogrande,
793 1096 819 1123 et
839 1091 876 1124 de
902 1093 1069 1127 Maranhan

329 1132 374 1165 sie
390 1133 631 1171 dismembratas
655 1145 684 1173 et
705 1148 865 1185 separatas
882 1144 982 1179 dietae
998 1158 1069 1190 pro—

329 1186 447 1221 vinciae
471 1190 509 1222 de
527 1191 743 1228 Pernambueo
766 1207 824 1239 per
841 1198 979 1233 eiusdem
997 1212 1068 1245 pro-

328 1240 447 1275 vinciae
472 1244 510 1277 de
535 1246 752 1283 Pernamburo
777 1251 927 1285 vicarium
945 1265 998 1286 sen
1016 1255 1066 1287 ad-

326 1294 570 1331 ministratorem
597 1301 627 1333 in
653 1303 868 1345 spiritualibus
899 1307 936 1339 ad
970 1307 1065 1341 instar

325 1346 425 1381 dietae
448 1352 628 1393 provinciae
652 1355 690 1387 de
716 1356 930 1392 Pernambueo
953 1360 983 1393 in
1000 1372 1065 1394 om-

324 1400 415 1434 nibus
440 1408 467 1435 et
493 1415 551 1447 per
575 1407 695 1448 onmia,
724 1420 758 1443 ae
792 1411 874 1443 iuxta
901 1414 1062 1448 l'aenltates

324 1453 406 1487 dieto
431 1457 558 1499 vicario,
576 1471 630 1493 seu
647 1462 892 1499 administratori
913 1478 970 1510 per
994 1479 1060 1510 neS,

324 1512 355 1538 ut
381 1519 486 1552 supra,
513 1522 687 1555 concessas,
714 1519 866 1559 regendas
891 1526 918 1552 et
944 1522 1060 1563 guber-

322 1561 449 1603 nandas,
480 1567 664 1601 auctoritate
696 1575 723 1601 et
756 1574 862 1605 tenore
891 1575 1059 1617 praedietis

320 1614 446 1649 unimus
470 1623 499 1650 et
523 1619 740 1664 adiungimus:

363 1668 378 1711 ἕ
402 1668 430 1701 5.
457 1670 500 1704 lla
524 1676 555 1705 ut
575 1673 717 1715 vicarius,
744 1688 796 1709 seu
821 1679 1057 1716 administrator

317 1719 509 1765 huiusmodi,
523 1725 616 1758 etiam
630 1738 749 1769 euram,
763 1732 904 1773 regimen
920 1739 946 1766 et
962 1736 1057 1768 admi-

316 1773 533 1809 nistrationem
562 1780 797 1822 provinciarum
829 1785 866 1817 di·
902 1787 1072 1829 Peraiba,-

316 1826 485 1862 Itamaraea
498 1836 526 1863 et
541 1831 716 1875 Riogrande
731 1836 919 1879 huiusmodi,
932 1851 966 1873 ae
978 1842 1053 1875 eleri

314 1884 343 1911 et
367 1883 478 1925 populi
514 1888 575 1917 tam
601 1886 761 1922 christiani
792 1902 885 1934 quam
909 1894 1051 1936 gentilis,

312 1942 434 1968 necnon
458 1937 661 1981 oppidorum,
680 1946 834 1976 terrarmn
855 1950 883 1980 et
907 1947 1050 1982 locorum

310 1985 342 2018 in
367 1987 492 2022 illarum
509 1991 664 2033 districtu,
681 1995 843 2038 limitibus,
862 2002 1004 2035 terminis
1020 2009 1048 2036 et

310 2038 387 2072 loeis
411 2043 581 2084 praedietis
605 2047 841 2083 consistentium
867 2053 994 2095 habere,
1019 2062 1046 2089 et

307 2091 384 2124 inibi
406 2095 581 2138 praedicari
608 2099 719 2141 faeere,
741 2105 935 2149 gentilesque
959 2120 1047 2152 prae-

306 2145 405 2180 dictos
421 2148 460 2180 ad
484 2150 675 2185 orthodoxae
693 2154 765 2188 fidei
783 2158 899 2191 cultum
918 2171 1047 2196 eonver-

306 2204 370 2232 tere
395 2211 589 2243 procurare,
615 2216 844 2253 conversosque
873 2213 904 2245 in
933 2216 1043 2249 eadem

303 2251 364 2284 side
391 2253 546 2288 instruere
579 2263 607 2290 et
633 2261 837 2304 confirmare,
863 2265 969 2310 eisque
993 2269 1044 2302 ba-

302 2305 408 2348 ptismi
433 2309 588 2350 gratiani,
613 2318 641 2344 et
667 2314 914 2351 confirmationis
937 2331 1041 2355 saera-

301 2365 440 2393 mentum
466 2363 659 2407 impendere,
677 2378 712 2401 ae
733 2374 794 2402 tam
813 2371 872 2404 illis
897 2374 939 2406 sis·
965 2386 1039 2408 eon-

301 2413 415 2453 versis,
440 2426 533 2459 quani
558 2418 626 2451 aliis
651 2422 796 2455 omnibns
820 2424 982 2465 fidelibus,
1007 2429 1037 2462 in

298 2466 470 2508 provinciis
494 2470 531 2502 de
557 2471 695 2514 Peraiba,
721 2476 890 2510 ltamarara
914 2485 942 2512 et
969 2481 1038 2515 nio-

297 2520 427 2561 gmnde,
452 2533 486 2555 ae
511 2524 636 2559 illarum
661 2529 797 2572 oppidis,
824 2533 923 2569 terris,
945 2535 1034 2577 villis,

297 2572 384 2614 locis,
395 2576 572 2619 territoriis,
584 2579 745 2619 limitibus,
757 2594 838 2617 nuns-
852 2591 879 2617 et
894 2598 951 2629 pro
962 2591 1035 2622 tem-

296 2634 373 2668 pore
394 2627 588 2673 degentibus,
614 2639 644 2666 et
669 2635 705 2667 ad
735 2648 769 2669 ea
796 2638 1032 2683 declinantibus,

294 2687 488 2715 sacramenta
504 2686 723 2728 ecclesiastiea,
738 2694 766 2723 et
783 2691 842 2723 alia
856 2693 1031 2736 spiritualia

294 2743 434 2775 munera,
453 2746 513 2769 non
532 2742 634 2772 tamen
652 2752 698 2781 ea,
717 2754 796 2786 qnae
814 2751 881 2778 snnt
901 2748 1029 2784 ordinis,

1759 362 1823 397 ⁶275

1120 407 1296 441 ministrare
1321 415 1350 442 et
1371 411 1581 448 adn‘iinistrari
1599 416 1692 450 etiam
1710 417 1811 453 facere
1829 428 1856 454 et

1119 470 1299 501 provin-are,
1327 474 1361 495 ae
1390 476 1604 511 quaecumque
1630 470 1782 505 beneficia
1806 484 1857 507 ec-

1117 513 1289 547 elesias-tiva
1316 517 1373 549 snb
1391 521 1588 563 separatione
1604 529 1631 556 et
1651 524 1856 561 dismembra-

1117 565 1199 598 tione
1233 568 1410 604 lmiusmodi
1447 576 1696 618 comprehensa,
1722 583 1751 613 et
1775 591 1855 624 quae

1115 624 1204 652 antea
1223 621 1261 653 ad
1286 622 1382 666 ipsius
1407 626 1546 672 episcopi
1565 630 1668 664 Sancti
1685 632 1854 668 salvatoris

1114 672 1323 715 collationem,
1352 679 1574 722 provisionem,
1604 683 1852 728 institutionem,

1112 735 1167 758 sen
1191 729 1334 770 quamvis
1350 732 1442 765 aliam
1464 734 1698 778 dispositionem
1719 741 1853 783 pertine-

1111 778 1194 820 bant,
1221 784 1385 826 ronserre,
1410 792 1437 819 et
1464 788 1501 821 de
1527 789 1587 823 illis
1612 792 1790 836 disponere,
1815 806 1850 830 ac

1111 831 1139 863 in
1167 833 1210 866 eis
1236 835 1407 879 instituere,
1434 841 1545 875 calices
1569 855 1703 889 quoqne,
1728 858 1850 892 campa-

1109 895 1174 923 nas,
1200 889 1394 929 vestimenta,
1419 896 1593 937 corporalia
1619 904 1649 931 et
1671 900 1731 933 alia
1756 912 1848 945 para-

1108 944 1210 973 menta
1237 946 1265 975 et
1290 953 1475 980 ornamenta
1499 959 1683 985 consecrare
1709 960 1739 987 et
1756 956 1848 990 bene-

1106 991 1221 1034 dicere,
1246 998 1410 1039 ecelesias,
1436 1005 1624 1037 coemeteria
1650 1010 1679 1039 et
1703 1007 1771 1041 loca
1795 1020 1846 1043 ee-

1105 1046 1288 1090 clesiastiea,
1307 1053 1468 1095 sanguinis
1481 1061 1530 1088 aut
1550 1058 1678 1092 seminis
1691 1060 1844 1096 effusione

1104 1098 1168 1132 sive
1192 1101 1268 1135 alias
1293 1107 1531 1147 quomodolibet.
1555 1111 1674 1153 polluta
1691 1119 1719 1146 et
1744 1117 1844 1158 prosa-

1103 1158 1183 1193 nata,
1203 1157 1282 1197 aqua
1303 1167 1360 1200 per
1378 1169 1410 1191 se
1428 1160 1529 1203 ipsum
1554 1163 1718 1198 benedicta
1736 1178 1843 1202 recon-

1101 1204 1207 1239 ciliare
1223 1235 1230 1247 ,
1255 1209 1401 1254 ipsasque
1433 1215 1602 1256 eeclesias,
1631 1222 1659 1252 et
1693 1220 1759 1253 loca
1784 1223 1841 1254 snb

1100 1260 1270 1301 provinciis
1294 1263 1332 1295 de
1358 1264 1684 1307 Pe1·aiba,ltainaraea
1713 1279 1743 1306 et
1768 1275 1840 1309 Rio-

1099 1314 1216 1354 grande
1245 1321 1273 1350 et
1299 1318 1336 1350 de
1360 1319 1540 1354 Maranliam
1566 1326 1733 1367 praedietis
1757 1340 1840 1362 eom-

1096 1367 1264 1410 prehensa,
1281 1375 1307 1403 et
1328 1371 1453 1406 illorum
1478 1386 1628 1418 personas
1645 1379 1786 1422 visitare,
1803 1394 1838 1416 ae

1097 1419 1127 1452 in
1150 1420 1274 1455 illorum
1301 1430 1426 1467 statum,
1445 1429 1596 1472 regimen,
1618 1438 1741 1474 statuta,
1767 1446 1838 1469 eon-

1096 1476 1286 1518 suetudines,
1305 1479 1409 1520 vitam,
1435 1481 1522 1523 ritus,
1542 1494 1656 1526 mores,
1677 1487 1788 1521 delicta
1807 1495 1835 1523 et

1094 1526 1301 1571 disciplinam,
1321 1536 1382 1565 tam
1408 1533 1438 1566 in
1460 1536 1560 1579 eapite
1577 1549 1670 1581 qnam
1692 1540 1722 1573 in
1740 1553 1835 1576 mem-

1092 1580 1167 1621 bris,
1188 1582 1357 1627 inquirere,
1372 1589 1570 1631 evangelicae
1588 1597 1617 1624 et
1642 1595 1833 1636 apostolieae

1091 1633 1252 1669 doetrinae
1267 1665 1274 1678 ,
1299 1650 1524 1686 sacrorumque
1549 1656 1704 1680 canonum
1729 1655 1758 1681 et
1782 1661 1832 1693 ge<

1090 1689 1243 1722 neralium
1261 1692 1467 1727 conciliorum
1485 1696 1619 1730 deeretis
1636 1705 1663 1732 et
1683 1701 1831 1736 institutis

1091 1741 1291 1785 inhaerendo,
1316 1758 1532 1793 quaecumque
1558 1754 1738 1795 mutatione,
1763 1767 1830 1790 eor-

1090 1796 1236 1838 reetione,
1262 1801 1488 1843 emendatione,
1514 1805 1686 1848 punitione,
1704 1820 1828 1843 revoca-

1088 1847 1170 1881 tione
1195 1856 1223 1883 et
1249 1862 1283 1884 ex
1308 1852 1432 1896 integro
1456 1856 1592 1891 editione
1609 1859 1750 1903 indigere
1773 1874 1826 1897 eo-

1085 1904 1240 1944 gnoverit,
1265 1906 1459 1949 reformare,
1485 1915 1627 1952 mutare,
1653 1915 1824 1958 corrigere,

1084 1955 1205 1997 punire,
1224 1963 1251 1990 et
1270 1958 1307 1991 de
1325 1970 1406 1994 novo
1423 1963 1568 2004 condere,
1586 1976 1709 2000 necnon
1733 1968 1825 2002 bene-

1083 2008 1220 2051 ficiales,
1250 2014 1517 2056 matrimoniales,
1546 2023 1576 2050 et
1608 2030 1822 2066 quascumque

1081 2061 1157 2094 alias
1175 2074 1284 2098 causas
1300 2067 1526 2103 ecclesiasticas
1551 2077 1580 2103 et
1597 2072 1714 2114 civiles,
1731 2085 1765 2108 ae
1782 2076 1821 2109 ad

1081 2115 1183 2148 forum
1208 2118 1454 2154 ecclesiasticum
1475 2125 1709 2165 quomodolibet
1728 2129 1821 2171 perti<

1079 2174 1197 2210 nentes,
1215 2176 1314 2205 motas
1330 2178 1360 2205 et
1376 2174 1548 2217 inchoatas,
1561 2188 1597 2210 ae
1614 2178 1738 2213 interim
1755 2192 1820 2215 mo-

1078 2222 1202 2263 vendas,
1217 2235 1287 2256 eum
1305 2227 1451 2260 omnibus
1471 2239 1580 2262 earum
1597 2231 1815 2275 incidentibus,

1076 2273 1325 2317 dependentibus
1354 2282 1604 2324 emergentibus,
1633 2287 1762 2319 annexis
1787 2293 1814 2320 et

1075 2330 1233 2368 connexis,
1258 2331 1376 2373 andire,
1401 2333 1546 2367 decidere
1571 2342 1597 2369 et
1623 2338 1684 2371 tine
1709 2339 1814 2374 debito

1075 2381 1254 2422 terminare,
1269 2391 1360 2427 prout
1389 2386 1466 2420 iuris
1493 2389 1595 2427 suerit,
1621 2402 1675 2424 seu
1704 2403 1813 2426 causas

1072 2432 1139 2475 ipas
1158 2436 1217 2467 'alii
1237 2438 1281 2469 vel
1300 2438 1369 2471 aliis
1395 2439 1524 2481 idoneis,
1549 2444 1643 2477 modo
1660 2450 1686 2477 et
1708 2446 1811 2480 forma

1069 2488 1248 2529 praedietis,
1262 2502 1332 2523 enm
1345 2492 1437 2525 simili
1453 2495 1499 2526 vel
1514 2495 1643 2530 limitata
1658 2504 1811 2541 potestate

1068 2539 1187 2581 pariter
1200 2542 1379 2583 audiendas,
1397 2546 1584 2581 decidendas
1599 2555 1630 2583 et
1644 2553 1810 2587 terminan-

1068 2591 1122 2624 das
1146 2593 1302 2637 delegare,
1321 2608 1355 2629 ae
1381 2598 1515 2643 denique
1540 2602 1673 2646 plenam,
1689 2617 1806 2641 meram

1066 2649 1096 2677 et
1121 2647 1333 2682 omnimodam
1371 2653 1565 2695 spiritualem
1590 2663 1620 2689 et
1644 2660 1809 2695 eeclesias-

1066 2698 1158 2731 ticam
1182 2710 1217 2733 ae
1243 2702 1433 2738 ordinariam
1459 2707 1717 2754 iurisdietionem,
1741 2720 1804 2747 tani

1065 2751 1094 2783 in
1120 2754 1189 2785 soro
1215 2755 1356 2789 interiori
1375 2770 1468 2802 qnam
1490 2764 1650 2807 exteriori,
1676 2766 1802 2805 babere,

1870 374 1918 401 An.
1938 377 1965 402 C,
1988 378 2055 406 lsstei
