2293 3231
272 273 321 299 An.
338 272 366 299 C.
385 272 452 299 ¹622

306 813 454 838 Quaerummw

273 843 380 861 contraria
395 842 454 861 toltit.

288 2110 400 2133 Exordium
411 2117 458 2133 cum

275 2145 332 2160 enar·
339 2140 408 2159 :itione
417 2146 458 2159 me-

275 2169 361 2186 rttornm
386 2168 407 2186 et
425 2172 458 2185 re-

275 2193 391 2213 nen-ationis
412 2198 459 2212 sau-

276 2221 323 2239 ctae
334 2219 406 2240 Annae
417 2225 459 2239 ina-

499 264 562 296 ssssu

471 374 568 407 sancti
595 373 739 416 loseplii,
765 373 853 405 cuius
886 377 995 406 auctor
1027 374 1149 410 extitit,
1174 374 1212 406 ab

472 427 547 471 ipsis
572 426 644 458 dicti
670 426 793 458 Ordinis
819 425 1081 458 [tiscalceatorum
1107 427 1212 459 fratri-

471 481 539 516 bus,
565 480 656 511 ctiam
675 490 746 512 cum
764 482 882 516 octavii,
901 480 994 512 veluti
1013 479 1050 512 de
1068 485 1212 523 patrono,

471 534 608 566 ollis-ium
635 533 752 577 pariter
777 544 811 566 ac
839 534 932 566 missa
962 534 1044 566 iuxta
1063 534 1210 566 Breviarii

471 598 505 619 ac
523 587 652 619 itis-satis
667 587 795 620 Romani
811 587 954 620 rubricas
969 588 1122 621 celebrari
1141 599 1211 632 pos-

471 641 541 679 sint,
566 641 737 684 apostolica
759 641 956 682 auctoritate,
987 647 1095 675 tenore
1124 652 1214 685 prac-

471 694 623 734 seutium,
648 701 803 739 perpetuo
828 696 1031 729 concedimus
1056 700 1084 730 et
1109 696 1213 729 indul-

471 759 591 791 gemus.

516 803 530 845 ξ
555 802 583 834 6.
618 803 685 835 Non
709 802 906 836 obstantibus
937 802 1214 836 constitutionibus

471 860 497 888 et
525 856 776 889 ordinationibus
807 857 1006 900 apostolicis,
1038 856 1213 900 ceterisque

471 909 638 942 contrariis
663 910 924 954 quibuscumque.

515 963 530 1006 ξ
555 962 582 995 7.
616 963 766 996 Volumus
791 969 894 996 autem
910 991 917 1005 ,
942 968 975 996 ut
1000 963 1213 1007 praesentium

472 1016 686 1060 transumptis,
694 1016 787 1049 etiam
801 1017 974 1060 impressis,
982 1027 1075 1049 manu
1083 1016 1214 1049 alicuius

470 1071 584 1103 notarii
609 1071 727 1115 publici
752 1071 948 1116 subscriptis,
967 1077 996 1104 et
1021 1071 1124 1114 sigillo
1141 1081 1214 1114 per-

471 1134 564 1157 sonae
582 1124 613 1157 in
630 1124 780 1167 dignitate
798 1125 1009 1158 ecclesiastica
1027 1125 1213 1158 constitutae

471 1178 608 1220 munitis,
625 1179 734 1212 eadem
754 1190 887 1223 prorsus
903 1180 981 1213 fides
997 1179 1114 1223 ubique
1131 1178 1215 1212 adbi-

470 1231 592 1273 beatur,
615 1243 695 1277 quae
719 1233 938 1277 praesentibus
955 1233 1171 1274 adhiberetur,
1189 1233 1212 1266 si

471 1286 573 1319 forent
597 1287 754 1320 exhibitae
771 1288 820 1320 vel
839 1293 990 1321 ostensae.

515 1340 626 1374 Datum
651 1341 782 1382 Romae,
807 1341 888 1385 apud
914 1346 1055 1374 sanctum
1074 1341 1213 1381 Petrum,

471 1394 529 1426 sub
562 1395 678 1428 annulo
710 1395 896 1436 PiscatoriS,
921 1395 971 1428 die
996 1405 1074 1428 xvnl
1107 1395 1215 1439 aprilis

472 1456 616 1489 uncxxu,
633 1448 834 1492 pontificatus
849 1448 947 1482 nostri
965 1459 1046 1482 anno
1070 1458 1102 1481 11.

511 1510 566 1536 nat.
588 1510 631 1538 die
653 1510 686 1538 18
704 1510 798 1546 aprilis
819 1510 897 1545 16:22,
918 1510 1012 1546 pontif.
1035 1519 1078 1537 an.
1101 1517 1127 1537 u.

801 1679 886 1712 LVII.

474 1769 566 1811 Quod
589 1771 706 1814 festum
730 1777 860 1803 sanetae
875 1770 993 1803 Annae
1010 1770 1128 1803 matris
1144 1769 1214 1803 Ma-

516 1825 585 1857 riae
615 1824 760 1868 Virqinis
780 1824 818 1857 de
836 1829 1005 1868 praecepto
1021 1823 1144 1868 ubique
1163 1823 1214 1857 ob-

516 1876 686 1912 servetur-¹.

675 1966 833 2001 Gregorius
854 1965 934 2001 Papa
952 1966 1009 2000 XV,

597 2021 633 2048 ad
653 2024 830 2055 perpetuam
849 2021 894 2048 rei
914 2020 1093 2048 memoriam.

519 2102 626 2135 Honor
658 2101 768 2141 laudis,
794 2106 821 2133 et
849 2101 950 2134 cultus
982 2101 1214 2141 venerationis,

474 2167 567 2200 quem
582 2161 706 2188 sanctae
720 2155 773 2188 Dei
788 2155 954 2189 Genitricis
970 2157 1093 2199 parenti
1106 2155 1215 2188 beatae

475 2211 580 2243 Annae
604 2209 634 2242 in
659 2211 765 2243 sancta
789 2209 938 2243 tribuitur
954 2209 1104 2249 Ecclesia,
1121 2219 1214 2253 quam

512 2298 521 2324 1
541 2296 596 2324 lloc
621 2295 719 2323 festum
745 2295 796 2323 suh
819 2295 919 2331 duplici
939 2295 1028 2323 officio
1043 2299 1070 2322 et
1091 2295 1136 2323 die
1155 2303 1216 2323 xxvi

475 2341 532 2368 iulii
548 2341 680 2368 celebrari
696 2340 855 2367 decreverat
875 2340 1024 2375 Gregorius
1043 2340 1103 2367 xttl
1123 2340 1149 2367 iu
1169 2349 1217 2367 sua

475 2385 585 2412 Constit.
601 2391 660 2412 ccxi
677 2385 785 2413 Sancta
801 2385 903 2418 Mater,
920 2388 984 2411 tom.
1000 2391 1055 2415 vui,
1077 2392 1137 2419 pag.
1155 2385 1215 2411 455.

474 2429 596 2460 Quinimo
623 2430 674 2456 iste
700 2429 820 2457 Pontifex
848 2430 945 2456 festum
972 2429 1056 2456 sancti
1085 2429 1216 2463 loacbim,

475 2474 558 2510 patris
577 2474 698 2502 eiusdem
720 2474 815 2502 beatae
831 2474 929 2502 Mariae
944 2474 1078 2510 Virginis,
1095 2474 1145 2501 sub
1165 2475 1216 2501 du-

476 2519 536 2554 pliri
557 2520 646 2547 officio
665 2521 742 2546 iussit
761 2520 921 2554 observari,
942 2523 972 2546 ut
996 2519 1076 2546 iufra.
1107 2519 1139 2547 Et
1159 2528 1218 2547 mox

474 2562 568 2590 suu.
577 2564 734 2591 Cardinales
744 2564 963 2600 Congregationis
972 2572 1111 2591 sacrorum
1120 2563 1218 2591 rituum

476 2607 519 2634 die
534 2614 579 2634 viu
600 2609 662 2635 maii
687 2616 782 2636 uncxxi
802 2609 995 2641 decreverunt,
1020 2609 1101 2636 etiam
1121 2609 1219 2636 festum

476 2653 561 2679 sancti
585 2654 688 2689 losepbi
713 2654 803 2689 spousi
829 2654 952 2681 eiusdem
980 2654 1076 2682 beatae
1102 2654 1220 2689 Virginis

477 2695 511 2724 de
527 2701 668 2733 praecepto
684 2697 812 2734 deinceps
828 2698 970 2726 celebrari.

1057 274 1235 298 acmantum
1260 274 1415 298 ROMANUM

515 322 530 363 ξ
554 321 582 353 Γ).
608 321 649 353 ‚ic
674 320 800 351 ‹lvmuui
820 320 849 351 iu
867 320 1029 363 provincia
1051 320 1230 363 praedicta»

1247 322 1359 354 merito
1384 321 1477 354 l'ucrit
1507 321 1621 364 spiritu
1644 322 1698 355 Dei
1723 322 1870 362 dictante,
1896 322 1986 356 cuius

1246 374 1442 418 providentia
1456 374 1593 407 Ecclesia
1608 375 1729 418 regitur
1741 382 1771 409 et
1783 376 1987 419 gubernatur,

1247 427 1340 460 variis
1373 428 1570 472 temporibus
1604 433 1736 468 auctus,
1769 428 1988 463 inenarrabilis

1246 481 1460 514 sanctissimae
1484 481 1551 514 eius
1575 481 1671 515 Filiae
1696 481 1831 525 dignitas
1848 488 1879 516 et
1898 483 1989 516 celsi-

1247 534 1320 568 tudo
1346 535 1419 567 satis
1437 546 1594 580 superque
1611 535 1786 569 declarant:
1813 547 1886 570 cum
1904 536 1987 570 enim

1247 594 1374 622 coronet
1393 595 1540 632 parentes
1567 589 1668 632 gloria
1696 590 1885 631 liberorum,
1914 590 1988 624 tanti

1246 642 1328 675 douo
1346 648 1454 686 partus
1471 653 1487 674 a
1508 642 1641 676 Domino
1657 643 1818 686 dignatam
1844 649 1989 685 matrem,

1247 701 1405 739 tamquam
1432 696 1562 729 honoris
1587 702 1617 729 et
1640 697 1758 740 gratiae
1783 697 1926 731 caelestis
1953 707 1987 730 a-

1247 749 1417 782 bundantia
1447 750 1592 783 similiter
1621 750 1819 791 decoratam,
1846 751 1991 785 universa

1248 803 1395 843 Ecclesia,
1411 807 1471 837 tam
1486 804 1516 836 in
1531 804 1693 838 occidente
1705 815 1798 849 quam
1813 805 1844 837 in
1857 805 1989 846 oriente,

1248 857 1419 901 praecipuo
1445 859 1528 892 culto
1553 863 1583 891 et
1614 858 1767 902 religione
1793 863 1987 903 prosequuta

1247 916 1303 951 est;
1329 922 1387 945 nec
1411 912 1477 945 sinc
1502 922 1618 955 magno
1644 912 1840 946 credentium
1869 913 1990 954 fructu,

1248 970 1278 997 ct
1302 965 1464 1009 religionis
1494 965 1709 1007 incremento,
1735 971 1769 999 ut
1800 966 1832 999 in
1855 965 1990 1000 Domino

1247 1029 1375 1063 sperare
1387 1019 1549 1061 debemus,
1563 1020 1720 1053 exhibitus
1735 1025 1765 1053 et
1781 1019 1990 1065 amplificatus

1248 1079 1293 1107 est
1318 1074 1369 1107 hic
1398 1074 1517 1115 honor;
1549 1078 1709 1109 crescente
1741 1075 1824 1108 enim
1857 1074 1889 1107 in
1921 1084 1989 1108 eam

1247 1129 1388 1162 fidelium
1419 1129 1606 1171 devotione,
1635 1130 1728 1163 etiam
1761 1128 1990 1174 patrocinium,

1249 1183 1333 1226 quod
1350 1183 1433 1227 apud
1446 1183 1544 1217 Deum
1558 1194 1616 1228 per
1629 1183 1775 1228 seipsam,
1793 1188 1823 1216 et
1839 1193 1896 1227 per
1912 1182 1990 1216 caeli

1248 1236 1391 1280 reginam
1412 1237 1480 1270 eius
1500 1236 1596 1270 filiam
1614 1237 1716 1280 gerit,
1737 1236 1921 1271 eorumdem
1939 1246 1991 1270 au·

1248 1289 1315 1332 geri
1341 1290 1453 1324 merito
1477 1290 1653 1330 credimus;
1673 1290 1753 1323 sicut
1777 1290 1809 1322 in
1833 1289 1991 1333 gloriosae

1249 1343 1388 1387 parentis
1412 1344 1614 1377 veneratione
1637 1344 1899 1387 gloriosissimam
1923 1343 1991 1377 eius

1247 1398 1344 1430 filiam
1370 1398 1521 1431 honorari
1545 1408 1609 1431 non
1633 1397 1824 1439 dubitamus,
1841 1394 2007 1442 tantoque*

1248 1451 1348 1494 magis
1365 1451 1432 1484 eius
1444 1452 1573 1485 tutelam
1588 1456 1625 1494 ‘et
1638 1451 1896 1485 intercessionem
1908 1451 1991 1496 apud

1248 1505 1444 1548 unigenitum
1464 1505 1578 1539 Filium
1595 1506 1764 1540 Dominum
1787 1510 1932 1540 nostrum
1949 1505 1992 1540 Ie-

1248 1570 1316 1592 sum
1334 1560 1493 1593 Christum
1510 1570 1569 1594 nos
1589 1560 1777 1604 promereri,
1794 1565 1910 1605 quanto
1927 1569 1991 1593 ma-

1247 1613 1367 1647 ioribus
1388 1614 1574 1655 honoribus,
1587 1625 1646 1659 per
1669 1619 1811 1649 nostram
1828 1625 1905 1658 erga
1921 1614 1990 1648 eius
2016 1650 2028 1659 ,

1246 1673 1408 1712 parentem
1432 1668 1653 1710 reverentiam,
1669 1679 1740 1702 eam
1755 1678 1945 1702 veneramur
1961 1672 1991 1702 et

1247 1723 1390 1755 colimus.

1292 1776 1307 1819 g
1332 1776 1360 1808 1.
1387 1776 1470 1809 llaec
1493 1786 1551 1809 nos
1573 1776 1740 1810 nobiseum
1757 1776 1944 1819 cogitantes,
1961 1779 1992 1809 et

1247 1829 1401 1873 peculiari
1426 1829 1520 1863 etiam
1546 1829 1578 1862 in
1602 1830 1726 1863 beatam
1749 1831 1871 1863 Annam
1888 1829 1987 1864 devo-

1249 1883 1333 1917 tione
1358 1883 1486 1923 incitati‚
1507 1882 1787 1927 praedecessorum
1807 1888 1990 1917 nostrorum

1248 1947 1376 1982 quoque
1401 1936 1431 1969 in
1456 1936 1523 1969 eius
1539 1936 1684 1980 augendo
1701 1937 1786 1970 cultu
1803 1936 1991 1980 religionem

1249 1991 1278 2023 in
1304 1990 1436 2024 Domino
1461 1990 1664 2030 aemulantes,
1685 1996 1715 2023 et
1734 1990 1841 2034 gregis
1859 1990 1950 2024 nobis
1975 2000 1993 2022 a

1249 2043 1382 2076 Domino
1413 2043 1523 2076 crediti
1553 2043 1724 2087 spiritualis
1748 2043 1890 2077 utilitatis
1913 2053 1992 2086 aug-

1251 2103 1356 2131 mento
1380 2097 1546 2130 consulere
1564 2108 1622 2141 pro
1643 2102 1752 2131 nostro
1769 2096 1935 2141 pastoralis
1951 2095 1994 2130 of-

1250 2151 1311 2183 licii
1325 2150 1430 2183 debito
1445 2150 1617 2194 cupientes,
1631 2151 1739 2184 beatae
1753 2151 1860 2184 Annae
1877 2151 1992 2184 festum

1250 2205 1281 2237 in
1306 2205 1474 2238 universali
1499 2205 1638 2238 Ecclesia
1664 2205 1717 2238 Dei
1742 2205 1877 2250 amplius
1892 2204 1992 2238 hono-

1250 2259 1383 2291 randum
1402 2259 1592 2292 censuimus.

1295 2314 1310 2357 ἓ
1333 2314 1362 2347 9..
1389 2314 1506 2358 ltaque,
1527 2314 1585 2347 hac
1607 2314 1715 2347 nostra
1735 2317 1890 2357 perpetuo
1910 2311 1990 2346 vali-

1252 2368 1321 2399 tura
1345 2367 1582 2407 Constitutione,
1603 2367 1714 2400 festum
1739 2372 1864 2400 sanctae
1886 2367 1993 2400 Annae

1251 2421 1290 2453 ab
1305 2421 1450 2454 omnibus
1463 2420 1722 2454 christifidelibus
1742 2421 1822 2454 sicut
1841 2420 1900 2453 alia
1916 2420 1993 2454 festa

1251 2474 1289 2507 de
1314 2480 1483 2519 praecepto
1513 2475 1668 2509 celebrari
1692 2479 1722 2508 et
1746 2474 1927 2516 observari,
1951 2474 1991 2508 ab

1252 2528 1400 2572 omnique
1426 2528 1534 2563 illicito
1564 2539 1661 2573 opere
1684 2528 1856 2570 abstineri,
1880 2533 1910 2562 et
1934 2528 1992 2562 sub

1251 2587 1420 2627 praecepto
1455 2582 1682 2617 observationis
1713 2582 1866 2616 festorum
1899 2593 1989 2617 com-

1251 2636 1403 2680 prehendi
1428 2636 1583 2677 volumus,
1607 2635 1819 2681 praecipimus
1843 2641 1873 2670 et
1897 2645 1988 2670 man-

1253 2690 1372 2724 damus.

2001 274 2050 303 An.
2067 274 2096 302 C.
2117 275 2186 304 16²2

2003 337 2028 357 tri
2049 336 2187 358 beatissimae

2003 363 2096 389 virg-nis
2105 363 2187 385 Maria·
2214 369 2220 375 ⁸

2003 390 2098 411 debitae.

2024 1786 2190 1816 Propter-quae,

2006 1815 2027 1834 et
2052 1818 2124 1839 praeci
2141 1817 2190 1834 uam

2006 1845 2068 1888 auam
2075 1839 2110 1861 hic
2135 1838 2192 1860 onti-

2021 1872 2066 1888 cem
2081 1871 2133 1892 erg:
2141 1871 2190 1887 enm

2006 1893 2141 1914 iterationem
2155 1897 2190 1919 ge·

2006 1922 2041 1944 rit.

2039 2318 2126 2343 Festum
2144 2320 2191 2342 cius
2218 2322 2226 2341 “.

2008 2348 2034 2368 de
2074 2349 2191 2374 praecepto
2215 2364 2222 2375 .—

2008 2375 2106 2405 ‹tecpruit
2119 2373 2191 2396 obsur-

2008 2407 2060 2422 vari.
2214 2414 2219 2423 .
