2293 3231
280 308 327 333 An.
345 308 373 334 C.
396 306 462 335 1622
509 297 571 332 706

309 899 419 919 clausula-³
439 898 465 917 ad

283 926 425 955 praesentium
435 926 466 945 lit·

283 955 374 973 tui-arum
383 954 466 972 tirmita-

283 982 331 999 itm.

356 1591 471 1616 [Ji-rogatio

287 1624 303 1638 c<
314 1620 449 1639 nli-arturum.

477 356 536 388 bus
559 360 588 388 et
613 365 670 398 per
684 354 798 392 omnia,
810 352 941 396 perinde
954 362 989 385 ac
1014 352 1039 384 si
1056 361 1216 394 nunquam

479 406 553 440 dicti
573 405 810 449 eleemosynarii
835 404 1042 437 iurisdictioni
1059 403 1220 447 supposita

480 460 619 498 fuissent,
636 462 665 492 et
682 458 720 490 ab
737 468 848 491 eorum
869 457 1073 491 institutionis
1090 456 1219 489 exordio

481 513 741 545 Dioecesanoium
768 511 910 544 locorum
935 510 1161 554 superioritati‚
1180 509 1222 542 vi-

480 565 617 598 sitationi
635 570 663 597 et
686 564 892 605 obedientiae,
910 563 1013 607 quoad
1033 556 1220 607 spiritufflia,

481 619 621 652 subiecta
646 618 833 661 extitissent)
849 617 1034 651 auctoritate
1059 622 1089 650 et
1113 621 1221 649 tenore

482 671 661 715 praemissis
685 676 839 715 perpetuo
864 670 1070 710 subiicimus,
1095 669 1224 702 submit-

481 726 576 758 timus
593 729 622 758 et
639 724 862 768 supponimus:
881 735 916 757 ae
933 735 971 757 ex
994 734 1077 757 nunc
1102 723 1133 756 in
1150 734 1222 767 pei·-

480 783 610 822 petuum
634 776 795 818 subiecta,
820 777 976 811 submissa
1005 782 1035 810 et
1060 776 1223 820 supposita

481 842 548 865 esse
565 836 596 864 et
613 831 696 870 sore;

527 887 541 930 ς
565 885 594 918 3.
614 885 797 919 Praesentes
817 894 942 928 quoque
963 883 1083 916 litteras
1100 891 1224 926 semper

483 939 598 972 validas
623 944 653 972 et
677 938 819 972 efficaces
843 947 911 970 esse
936 942 965 970 et
985 936 1063 978 sore,
1089 946 1225 979 suosque

482 992 640 1037 plenarios
671 998 699 1024 et
733 991 874 1034 integros
906 989 1035 1023 effeetus
1064 989 1170 1022 sortiri
1196 994 1226 1021 et

483 1046 636 1086 obtinere,
650 1056 685 1078 ac
699 1045 832 1088 singulis
845 1043 1044 1078 Dioeeesanis
1057 1042 1226 1087 praedictis

484 1098 669 1142 suffragari3
695 1099 802 1142 sieque
826 1107 883 1142 per
907 1106 1126 1140 quoscumque
1146 1095 1224 1129 iudi-

484 1163 544 1193 ces,
570 1158 599 1186 et
624 1162 790 1185 causarum
814 1150 920 1195 palatii
949 1149 1114 1194 apostolici
1139 1149 1227 1182 audi-

485 1212 579 1246 tores,
597 1217 632 1240 ac
657 1211 782 1239 sanctae
806 1206 966 1239 Romanae
986 1203 1143 1238 Ecclesiae
1163 1214 1228 1236 car-

484 1260 614 1300 dinales,
629 1266 659 1293 et
672 1260 710 1292 de
728 1260 825 1292 latere
841 1259 970 1301 legatos,
982 1263 1012 1290 et
1029 1257 1227 1300 vicelegatos‚

484 1314 635 1357 Sedisque
658 1312 855 1357 Apostolieae
879 1311 1021 1351 nuncios,
1042 1310 1174 1344 iudicari
1199 1315 1229 1343 et

485 1367 609 1401 definiri
635 1366 760 1406 debere,
785 1376 821 1399 ac
845 1365 994 1409 quicquid
1019 1375 1110 1397 secus
1134 1374 1229 1408 super

485 1421 534 1454 liis
547 1431 563 1453 a
577 1430 788 1464 quocumque,
802 1419 911 1463 quavis
923 1417 1118 1457 auctoritate,
1131 1418 1230 1450 scien·

486 1479 534 1509 ter
558 1474 606 1507 vel
637 1474 838 1517 ignoranter,
863 1473 1032 1516 eontigerit
1064 1472 1228 1511 attentari,

486 1528 611 1561 irritum
628 1533 657 1560 et
674 1528 766 1560 inane
783 1526 992 1560 decernimus.

531 1583 546 1626 ξ
570 1581 599 1614 4.
626 1582 694 1614 Non
727 1580 923 1613 obstantibus
954 1578 1229 1613 constitutionibus

487 1639 516 1669 et
551 1634 802 1668 ordinationibus
835 1633 1037 1678 apostolicis,
1074 1643 1133 1666 nec
1166 1642 1229 1666 non

488 1689 776 1728 monasteriorum,
800 1688 945 1721 locorum
971 1693 1000 1721 et
1025 1687 1229 1731 hospitalium

488 1742 669 1776 huiusmodi
701 1741 970 1775 institutionibus¹
996 1746 1026 1774 et
1050 1741 1229 1784 (iuramen-

487 1801 540 1836 to,
565 1795 805 1829 confirmatione
829 1795 1023 1839 apostolica,
1048 1795 1097 1827 vel
1121 1794 1230 1838 quavis

487 1849 635 1882 firmitate
667 1849 727 1882 alia
759 1849 934 1892 roboratis)
960 1848 1082 1881 statutis
1105 1851 1136 1881 et
1159 1857 1232 1880 con-

488 1902 723 1942 suetudinibus,
752 1901 925 1946 privilegiis
958 1911 1105 1945 quoque,
1134 1900 1233 1933 indul-

489 1957 537 1998 tis,
562 1962 592 1990 et
616 1956 728 1990 litteris
752 1956 943 2000 apostolicis,
969 1955 1041 1996 illis,
1059 1966 1094 1988 ae
1111 1955 1232 1988 dilectis

489 2010 561 2043 siliis
593 2020 704 2043 eorum
739 2009 978 2054 superioribus,
1007 2014 1037 2042 et
1069 2009 1231 2053 personis,

489 2064 546 2097 sub
563 2063 815 2107 quibuscumque
832 2063 995 2096 tenoribus
1015 2068 1045 2095 et
1060 2062 1180 2102 formis,
1197 2072 1232 2095 ac

489 2127 561 2149 eum
586 2116 749 2160 quibusvis
767 2116 858 2149 etiam
884 2115 1157 2159 derogatoriarum
1182 2114 1234 2148 de-

492 2169 671 2212 rogatoriis,
695 2169 828 2212 aliisque
853 2169 1104 2210 efficacioribus,
1128 2169 1230 2202 effica-

491 2222 625 2255 cissimis
649 2227 679 2255 et
703 2222 835 2255 insolitis
859 2223 1018 2263 clausulis,
1036 2222 1234 2256 irritantibus

491 2281 519 2309 et
545 2275 614 2309 aliis
639 2275 782 2316 decretis
808 2275 840 2308 in
865 2286 981 2319 genere
1005 2276 1053 2308 vel
1070 2276 1100 2308 in
1117 2276 1233 2320 specie,

491 2333 518 2363 et
537 2335 624 2363 motu
640 2329 771 2373 proprio
785 2334 815 2362 et
832 2329 1100 2369 consistorialiter,
1113 2340 1148 2362 ac
1166 2329 1235 2362 aliis

493 2382 523 2414 in
548 2382 743 2415 contrarium
772 2382 878 2415 soi-san
903 2382 1140 2427 quomodolibet
1165 2392 1236 2416 con-

493 2435 597 2468 cessis.
621 2435 740 2474 Quibus
764 2435 920 2476 omnibus,
945 2435 1002 2469 etsi
1027 2436 1065 2469 de
1090 2435 1160 2475 illis,
1185 2446 1236 2469 eo-

494 2499 627 2532 rumque
645 2489 717 2521 totis
738 2489 902 2522 tenoribus
919 2489 1072 2533 specialis,
1090 2490 1235 2533 specifica

495 2546 525 2574 et
549 2553 695 2585 expressa
720 2547 750 2575 et
774 2543 944 2583 individua,
960 2554 995 2576 ac
1020 2543 1057 2576 de
1083 2544 1180 2576 verbo
1197 2544 1234 2576 ad

496 2594 637 2635 verbum,
662 2605 724 2628 non
748 2600 852 2629 autem
882 2607 938 2639 per
963 2596 1118 2629 clausulas
1140 2607 1235 2639 gene-

532 2711 542 2736 t
561 2709 644 2737 Voces
658 2713 684 2738 et
697 2712 812 2740 statutis
827 2710 870 2739 hic
885 2712 1006 2740 delemus
1020 2712 1060 2748 (n.
1077 2711 1124 2747 12).

1062 303 1242 328 BULLARIUM
1268 301 1425 327 Romnum

2008 298 2060 328 An.
2079 298 2108 327 G.
2125 297 2194 328 tm

1253 350 1335 383 rales
1359 349 1477 383 mentio
1501 359 1557 382 seu
1589 349 1716 392 quaevis
1748 349 1809 382 alia
1832 347 1995 393 expressio

1254 402 1407 443 habenda,
1422 405 1475 435 aut
1498 401 1604 444 aliqua
1634 400 1694 433 alia
1718 400 1872 444 exquisita
1895 401 1998 434 forma

1254 456 1367 489 tradita
1391 455 1430 488 ad
1454 455 1515 489 hoc
1539 454 1693 488 servanda
1717 455 1813 496 soret,
1837 454 1899 487 illis
1922 454 1998 487 alias

1255 510 1287 542 in
1299 520 1356 543 suo
1374 509 1492 543 robore
1508 508 1736 553 permansuris,
1751 508 1811 542 hae
1827 507 1895 541 vice
1911 507 1999 541 dum-

1255 568 1339 595 taxat
1355 563 1470 595 harum
1495 562 1577 595 serie
1594 561 1772 606 specialiter
1796 566 1828 595 et
1851 570 1998 604 expresse

1256 616 1458 659 derogamus,
1479 615 1656 659 ceterisque
1680 614 1848 649 contrariis
1872 613 1999 658 quibus-

1257 679 1402 713 cumque.

1302 723 1317 767 g
1341 722 1370 755 5.
1396 721 1480 756 Nulli
1511 731 1588 764 ergo
1619 721 1749 755 omnino
1772 721 1938 755 hominum
1962 721 1999 754 li-

1258 782 1325 810 ceat
1349 776 1430 809 hane
1454 775 1601 820 paginam
1628 780 1755 809 nostrae
1780 775 2000 819 exemptionis,

1258 829 1452 863 liberationis
1466 856 1473 869 ,
1506 828 1729 869 subiectionis,
1760 828 1979 862 submissionis
1993 855 2000 869 ‚

1259 883 1496 927 suppositionis,
1521 888 1551 916 et
1574 882 1704 923 decreti,
1727 893 1763 916 ac
1787 881 2001 925 derogationis

1259 936 1308 969 ins
1307 936 1443 979 ringere,
1456 936 1505 969 vel
1518 936 1546 970 ei
1557 946 1636 969 ausu
1648 935 1818 969 temerario
1835 934 2001 969 contraire.

1260 990 1289 1023 Si
1307 990 1377 1034 quis
1400 995 1506 1023 autem
1531 990 1592 1023 hoe
1611 995 1765 1023 attentare
1784 999 2004 1034 praesumpse-

1260 1043 1321 1083 rit,
1347 1043 1596 1086 indignationem
1629 1042 1856 1087 omnipotentis
1884 1042 1940 1076 Dei
1973 1047 2004 1076 et

1261 1097 1424 1130 beatorum
1444 1096 1526 1130 Petri
1544 1101 1574 1130 et
1591 1096 1678 1130 Pauli
1702 1096 1920 1141 apostolorum
1937 1095 2004 1130 eius

1261 1160 1294 1183 se
1310 1150 1433 1183 noverit
1450 1150 1663 1183 incursurum.

1306 1204 1419 1237 Datum
1440 1204 1580 1244 Tusculi,
1594 1214 1676 1237 anno
1696 1203 1925 1237 lnearnationis
1948 1203 2005 1237 Do-

1262 1257 1395 1290 minio-ae
1425 1267 1579 1298 uncxxn,
1604 1257 1707 1302 pridie
1739 1257 1888 1291 kalendas
1915 1257 2004 1298 iulii,

1262 1311 1463 1356 pontificatus
1486 1312 1584 1346 nostri
1609 1322 1690 1345 anno
1714 1321 1746 1345 11.

1298 1373 1357 1401 Dat.
1374 1374 1417 1402 die
1432 1373 1466 1402 30
1481 1373 1548 1401 iunii
1565 1374 1644 1408 1622,
1661 1377 1735 1410 pont.
1753 1381 1823 1402 anuo
1838 1380 1867 1401 11.

1654 1424 1669 1436 .

2015 733 2200 789 poeuasskmmn

1588 1519 1674 1552 LXV.

1262 1601 1432 1635 Revocatio
1456 1609 1740 1644 quarumcumque
1764 1600 2004 1634 concessionum

1306 1653 1397 1687 vivae
1420 1654 1505 1686 vocis
1525 1652 1656 1686 oraculo
1672 1653 1847 1696 factarum,
1867 1653 2006 1696 eoeceptis

1307 1706 1450 1739 oraculis
1475 1707 1571 1750 factis
1591 1706 1623 1740 S.
1643 1706 1681 1740 R.
1705 1706 1742 1739 E.
1763 1705 2004 1747 cardinalibus,

1308 1764 1337 1793 et
1361 1770 1471 1793 eorum
1495 1770 1598 1792 manu
1621 1759 1775 1803 firmatis.

1413 1828 1419 1832 ¹
1469 1839 1627 1874 Gregorius
1648 1840 1727 1874 Papa
1745 1840 1802 1874 XV,

1394 1883 1431 1911 ad
1445 1888 1622 1918 perpetuam
1637 1884 1684 1911 rei
1698 1884 1880 1912 memoriam.

1309 1954 1469 1987 Romanus
1486 1953 1639 1994 Pontifex,
1653 1953 1685 1986 in
1698 1953 1827 1998 specula
1845 1954 2008 1989 militantis

1266 2007 1422 2041 Ecclesiae
1446 2006 1550 2040 divina
1575 2007 1775 2051 providentia
1804 2007 2009 2050 constitutus,

1266 2061 1382 2105 gratias
1399 2066 1429 2094 et
1445 2060 1564 2094 indulta
1581 2071 1599 2093 a
1615 2071 1649 2094 se
1665 2065 1695 2095 et
1712 2060 2010 2105 praedecessoribus

1266 2115 1330 2148 suis
1346 2125 1504 2155 concessa,
1523 2114 1613 2147 iustis
1630 2114 1789 2149 interdum
1807 2115 2011 2150 suadentibus

1267 2169 1379 2210 causis,
1404 2169 1490 2202 iuxta
1514 2168 1670 2201 creditum
1695 2168 1754 2202 sibi
1777 2168 1944 2212 pastoralis
1964 2168 2010 2203 of-

1267 2222 1329 2255 sicii
1343 2222 1484 2255 debitum
1499 2222 1682 2256 moderatur
1695 2226 1748 2255 aut
1761 2226 1897 2262 revocat,
1906 2227 2011 2266 prout,

1267 2286 1376 2309 rerum
1408 2281 1438 2309 et
1468 2281 1650 2319 temporum
1679 2275 1884 2319 qualitatibus
1907 2275 2012 2309 debite

1267 2329 1423 2373 pensatis,
1448 2329 1601 2373 conspicit
1624 2329 1655 2362 in
1680 2328 1813 2362 Domino
1843 2328 2011 2362 salubriter

1268 2383 1425 2428 expedire.

1313 2438 1327 2481 ᾗ
1350 2437 1380 2470 ’1.
1404 2437 1514 2481 ltaque
1538 2441 1626 2470 motu
1650 2435 1782 2481 proprio
1809 2440 1839 2469 et
1861 2445 1898 2468 ex
1923 2436 2010 2469 certa
2052 2443 2168 2467 novoe-tio
2181 2443 2227 2479 an?

1268 2491 1398 2523 scientia
1422 2501 1458 2523 ac
1483 2492 1607 2524 matura
1630 2488 1858 2523 deliberatione
1881 2490 2009 2530 nostra,
2025 2472 2104 2500 quun
2117 2469 2209 2493 ’ΝΜ

1268 2545 1368 2589 deque
1393 2545 1584 2588 apostolicae
1609 2543 1772 2588 potestatis
1792 2542 2009 2586 plenitudine,

2049 1964 2170 1988 Exordium.
2222 1995 2228 1999 ²

1267 2598 1372 2631 onmia
1393 2603 1423 2631 et
1439 2598 1561 2640 singula
1581 2596 1710 2636 indulta,
1731 2596 1903 2634 facultates,
1917 2595 2011 2639 privi-

1269 2652 1358 2694 legia,
1373 2651 1489 2693 gratias
1506 2655 1534 2683 et
1552 2649 1770 2683 concessiones
1793 2659 2010 2694 quascumque

1267 2705 1445 2749 spirituales
1465 2709 1495 2738 et
1518 2703 1753 2745 ecclesiasticas,
1770 2708 1835 2736 tam
1852 2703 1891 2737 ad
1904 2703 2008 2738 sorum
