2293 3231
59 277 109 309 An.
129 276 158 304 C.
177 274 244 303 1619

95 1559 177 1581 Causae
189 1561 252 1586 impo-

68 1587 131 1608 nendi
159 1587 253 1607 decimas

69 1617 213 1635 recensemur.

896 275 1014 298 mvnvs
1040 275 1058 297 V
1084 275 1131 297 Pr.

1675 263 1738 295 459

258 321 452 355 confirmatis
469 326 495 353 et
525 321 685 355 innovatis.
707 322 823 360 QuilJus
841 322 995 356 omnibus,
1009 326 1013 359 l
1029 322 1138 365 cipalia
1161 321 1304 353 meinlvra
1325 321 1479 360 affligant,
1505 325 1608 353 cetera
1632 321 1773 353 membra

259 374 380 408 etiamsi
397 385 454 417 pro
469 374 594 407 illorum
613 375 776 407 sullicicnti
794 375 997 417 derogatione

259 428 296 460 de
314 428 373 461 11115
394 438 567 472 corumque
584 429 657 461 totis
678 429 838 462 tenoribus
856 428 998 471 specialis

260 482 379 515 mentio
404 482 435 514 in
460 482 576 515 eisdem
595 483 711 516 nostris
728 483 838 515 litteris
859 482 999 514 habenda

260 536 350 574 soret,
369 536 430 568 illis
454 535 530 568 alias
548 537 578 568 in
599 547 656 569 suo
681 536 795 569 robore
820 545 1001 578 permansu-

260 589 313 629 ris,
338 589 396 622 hac
421 589 487 622 vice
512 589 673 622 dumtaxat
692 590 803 622 harum
828 589 909 622 serie
934 599 1001 631 spc-

260 641 381 674 cialiter
393 647 423 674 et
440 652 587 685 expresse
609 643 808 686 derogamus,
827 641 1001 683 ceterisque

261 695 428 727 contrariis
446 695 708 739 quibuscumque.

305 748 417 780 Datum
442 749 574 787 Romae,
599 749 680 792 apud
710 753 848 781 sanctam
874 747 1002 780 Mariam

261 801 432 842 Maiorem,
457 812 539 835 anno
576 801 799 834 incarnationis
823 800 1003 833 Dominicac

262 865 392 895 moerim,
419 856 510 889 tertio
525 855 593 888 idus
610 855 795 895 decembris,
820 854 928 898 pontif.
948 864 1003 887 no-

262 909 319 941 stri
344 919 427 942 anno
452 919 504 941 xv.

299 971 357 998 Dat.
375 971 417 998 die
435 973 462 998 11
483 971 634 999 decembris
648 972 726 1003 1619,
743 971 836 1006 pontif.
854 978 898 997 an.
916 977 960 996 xv.

555 1123 710 1157 CCCXXV.

266 1206 416 1239 Decimae
431 1215 486 1238 sea*
509 1215 606 1248 super
622 1204 773 1236 omnibus
796 1203 955 1246 fructibus
980 1207 1007 1235 et

307 1258 520 1303 pensionibus
537 1257 757 1290 ecclesiasticis
772 1256 892 1289 Ili-(liae
911 1256 1009 1299 impo-

309 1316 447 1345 nunt-ur.

487 1392 598 1418 Paulus
618 1390 794 1424 Episcopus,

454 1443 560 1464 servus
581 1442 734 1462 servorum
755 1435 816 1467 Dei,

414 1482 450 1508 ad
465 1481 598 1508 futuram
617 1480 661 1507 rei
682 1479 861 1506 memoriam.

312 1553 345 1585 In
359 1552 485 1595 specula
501 1551 662 1584 militantis
679 1550 836 1583 Ecclesiae
849 1561 866 1583 a
877 1550 1010 1583 Domino

269 1615 327 1649 per
356 1605 423 1638 61115
454 1605 577 1638 divinae
613 1605 731 1647 gratiae
766 1604 1010 1643 abundantiam,

269 1659 355 1693 nullo
379 1659 451 1692 licet
475 1658 588 1691 merito
612 1664 721 1690 nostro
736 1684 743 1697 ‚
776 1657 956 1695 constituti,
982 1662 1009 1689 et

271 1713 417 1747 intestina
439 1713 520 1745 mala
545 1712 659 1755 quibus
696 1712 808 1755 inclyta
845 1711 1012 1745 Germania

271 1772 301 1800 et
325 1767 369 1799 illi
386 1765 506 1799 vicinae
530 1765 710 1809 provinciae
728 1764 928 1805 afflictantur,
942 1775 1015 1797 nec-

271 1830 334 1853 non
357 1824 474 1863 quanto
491 1818 590 1851 hostis
603 1818 733 1851 humani
750 1817 876 1860 generis
902 1822 1013 1852 conatu

272 1873 448 1906 charissimi
473 1872 505 1904 in
534 1872 657 1906 Christo
690 1871 745 1904 filii
780 1871 879 1904 nostri
910 1871 1016 1904 Ferdi-

273 1926 366 1959 nandi
390 1927 605 1960 Romanorum
630 1925 713 1967 regis
734 1925 765 1957 in
790 1925 1015 1968 imperatorem

274 1979 363 2012 electi
387 1984 417 2011 et
441 1978 669 2012 catholicorum
694 1988 745 2011 res
769 1977 887 2011 ibidem
921 1989 1017 2021 oppu-

275 2037 420 2074 gnentur,
434 2031 583 2075 pastorali
600 2031 809 2064 sollicitudine
819 2031 1018 2063 consideran-

276 2088 331 2125 tes,
340 2094 402 2117 non
412 2094 578 2127 possumus
587 2093 650 2116 non
664 2084 802 2126 graviter·
813 2084 1016 2117 coimnoveri.

277 2138 374 2172 Nemo
397 2137 481 2170 enim
505 2137 620 2177 nescit,
641 2137 764 2180 quantis
794 2137 1017 2177 seditionibus,

277 2190 501 2224 rebellionibus
517 2195 547 2222 et
563 2190 693 2222 funestis
708 2190 937 2223 haereticorum
955 2201 1020 2223 mo-

276 2243 360 2276 tibus
383 2243 489 2276 onmia
512 2243 674 2282 fluctuent,
691 2247 724 2274 ut
740 2243 770 2274 in
795 2243 887 2282 locis,
905 2254 986 2286 quae
1003 2253 1019 2275 a

277 2296 447 2330 catholicae
459 2295 530 2328 tidei
540 2295 684 2328 hostibus
697 2301 902 2339 occupantur,
916 2296 1020 2328 divina

276 2349 475 2393 humanaque
492 2349 570 2389 iura,
580 2359 615 2382 ac
635 2354 813 2381 sacrosanta
830 2349 883 2381 Dei
904 2350 1020 2392 templa

277 2403 444 2443 violentur,
462 2413 569 2436 sacrae
587 2402 802 2435 caeremoniae
824 2402 1019 2445 ablegentur,

278 2456 431 2489 sacrificia
449 2455 641 2495 cessent,Dei
657 2460 902 2498 sanctorumque
919 2456 1022 2489 honor

277 2509 399 2549 nullus,
424 2509 633 2542 contumeliae
658 2515 685 2541 et
719 2508 893 2552 opprobria
925 2509 1022 2543 multa

279 2561 348 2594 sint.
362 2562 444 2601 Quae
462 2572 535 2595 sane
556 2562 748 2594 calamitates
765 2572 836 2594 cum
854 2562 1021 2602 Ecclesiae,

1031 377 1088 407 una
1117 375 1296 411 iioliisziitn,
1323 375 1374 417 spii
1401 375 1492 407 liuius
1519 374 1676 418 corporis,
1704 374 1772 407 licet

1032 428 1167 470 indigui,
1194 428 1313 460 1151111111
1338 434 1426 471 caput
1455 440 1470 459 a
1496 428 1628 459 1101111110
1652 428 1771 459 (1111511-

1033 481 1089 512 tuti
1107 492 1224 516 stulius,
1245 481 1357 513 merito
1376 481 1542 513 (0111101611-
1561 481 1684 512 dclii-nt.

1066 536 1265 577 Quapropter
1282 545 1346 571 uos,
1359 534 1389 566 in
1403 535 1459 567 hae
1474 546 1579 566 rerum
1595 534 1776 567 calamitoso

1034 592 1125 626 statu,
1151 598 1208 630 pro
1226 589 1261 619 ea
1289 598 1382 630 quam
1401 587 1438 620 (16
1456 588 1682 621 millioli-orum
1700 587 1777 620 Ger-

1035 640 1157 672 maniae
1186 640 1363 683 praedictae
1397 646 1423 673 et
1451 641 1624 673 ricinarum
1650 640 1777 684 proxin-

1035 693 1155 725 ciarum
1174 693 1373 730 huiusmodi,
1395 694 1446 735 qui
1472 703 1535 726 non
1561 693 1683 725 modica
1707 703 1779 736 pars

1036 751 1105 780 511111
1115 747 1220 789 gregis
1230 746 1379 779 dominici
1392 747 1482 779 nobis
1496 747 1643 779 (11111111115
1659 746 1779 786 crediti,

1036 800 1240 844 praecipuam
1258 800 1408 832 habemus
1420 800 1672 839 sollicitudinem,
1687 799 1781 832 0111611

1037 853 1134 886 nostri
1161 858 1264 896 partes
1289 863 1356 886 6556
1374 853 1531 892 duximus,
1557 853 1685 893 eisdem,
1710 864 1783 896 qua-

1038 918 1172 950 cumque
1184 909 1361 950 opportuna
1372 907 1492 939 ratione
1503 917 1679 950 possumus,
1689 917 1783 950 opem

1038 961 1119 993 serre
1145 965 1173 993 61
1199 971 1399 994 communem
1428 970 1555 993 causam
1585 960 1784 1004 Reipublicae

1038 1014 1231 1048 Christianae
1259 1014 1417 1048 adiurare.
1448 1015 1523 1048 Cum
1544 1025 1617 1048 vero
1642 1025 1785 1048 camerae

1039 1074 1165 1101 nostrae
1182 1068 1370 1111 apostolicae
1388 1068 1469 1101 vires
1493 1068 1581 1101 valde
1609 1068 1787 1101 debilitatae

1040 1120 1111 1160 sint,
1128 1126 1156 1153 et
1175 1121 1316 1153 redditus
1333 1121 1371 1153 ad
1388 1132 1423 1154 ea
1441 1121 1654 1165 comparanda
1672 1121 1788 1164 pracsi-

1040 1174 1100 1214 dia,
1116 1184 1196 1217 quae
1211 1180 1392 1217 praesentes
1401 1175 1603 1207 necessitates
1618 1175 1788 1218 postulant,

1041 1237 1239 1270 nequasptam
1266 1228 1431 1267 sufiiciunt,
1457 1228 1619 1270 cogimur,
1645 1228 1788 1271 exemplo

1042 1282 1256 1314 Romanorum
1289 1281 1474 1314 Pontilicum
1509 1281 1789 1325 praedecessortun

1042 1340 1235 1373 nostrorum,
1260 1334 1298 1367 ad
1324 1335 1457 1367 aliarum
1476 1335 1681 1367 ecclesiarum
1700 1345 1791 1378 pecu-

1043 1388 1129 1428 lium,
1139 1388 1317 1432 Christique
1324 1388 1447 1421 Domini
1458 1388 1693 1431 patrimonium,
1701 1388 1790 1421 cuius

1044 1452 1136 1474 causa
1153 1452 1234 1475 nunc
1249 1442 1362 1485 agitur,
1380 1452 1436 1475 nos
1453 1447 1648 1479 convertere,
1667 1452 1791 1485 speran—

1044 1502 1088 1528 tes
1106 1496 1137 1527 in
1160 1495 1302 1537 Domino,
1320 1506 1381 1528 non
1403 1496 1545 1539 iniquum
1564 1506 1722 1539 quemque
1742 1507 1792 1528 ur-

1044 1549 1184 1591 gentium
1195 1550 1306 1582 harum
1320 1549 1544 1582 necessitatum
1558 1549 1792 1583 aestimatorem

1045 1603 1075 1635 in
1101 1608 1163 1635 tam
1192 1609 1355 1642 sanctum,
1389 1603 1475 1647 pium
1508 1614 1543 1636 ac
1577 1603 1792 1636 necessarium

1046 1668 1147 1696 usum,
1165 1667 1222 1699 pro
1237 1656 1406 1689 christiana
1425 1656 1551 1700 pietate,
1569 1656 1704 1689 libenter
1721 1667 1792 1689 con-

1047 1711 1248 1743 tributurum.

1092 1764 1106 1806 ξ
1136 1763 1160 1795 l.
1187 1763 1298 1796 Habita
1324 1763 1419 1806 igitur
1447 1774 1541 1807 super
1572 1763 1620 1796 1115
1646 1762 1795 1796 omnibus

1048 1828 1119 1850 cum
1138 1816 1367 1849 venerabilibus
1382 1816 1530 1849 fratribus
1547 1817 1662 1849 nostris
1675 1817 1703 1850 S.
1714 1816 1791 1849 RE.

1049 1870 1261 1904 cardinalibus
1278 1870 1505 1903 deliberatione
1522 1874 1655 1909 matura,
1674 1870 1712 1902 (16
1736 1880 1793 1903 60-

1050 1935 1121 1957 rum
1147 1924 1278 1957 consilio
1303 1929 1330 1956 et
1356 1934 1484 1956 assensu
1501 1923 1668 1957 indicimus
1688 1928 1718 1957 61
1743 1923 1798 1956 1111-

1052 1978 1199 2021 ponimus
1216 1988 1268 2010 sex
1285 1977 1422 2019 integras
1441 1977 1578 2010 decimas
1600 1977 1744 2010 omnium
1769 1982 1799 2009 et

1051 2041 1323 2075 quorumcumque
1338 2031 1509 2071 fructuum,
1529 2030 1719 2071 reddituum,
1729 2041 1800 2074 pro-

1052 2091 1216 2124 161111111111,
1238 2084 1370 2123 iurium,
1389 2084 1629 2123 obventionum,
1654 2083 1801 2116 distribu-

1051 2139 1171 2171 tionum
1189 2137 1455 2181 (ptotidianarum,
1469 2144 1497 2170 et
1512 2138 1800 2170 emolumentorum

1052 2191 1286 2225 ordinariorum
1311 2196 1340 2223 et
1364 2191 1707 2230 extraordinariorum‚
1736 2201 1801 2224 om-

1052 2245 1139 2277 nium
1160 2250 1189 2277 et
1217 2255 1490 2287 quarumcumque
1518 2244 1733 2283 ecclesiarum,
1751 2254 1802 2287 pa-

1054 2295 1280 2334 triarchalium,
1299 2295 1622 2338 metropolitanarum,
1636 2294 1802 2327 cathedra-

1053 2349 1140 2389 lium,
1151 2349 1388 2392 collegiatarum
1397 2355 1424 2382 et
1432 2349 1671 2392 parochialium,
1680 2358 1802 2382 necnon

1055 2403 1318 2436 monasteriorum
1343 2407 1373 2436 et
1397 2408 1624 2443 conventuum,
1649 2413 1684 2435 ac
1708 2402 1802 2435 etiam

1055 2465 1236 2487 mensarum
1253 2455 1527 2498 patriarchalium,
1552 2455 1804 2498 archiepiscopa-

1054 2508 1142 2548 lium,
1160 2508 1403 2551 episcormlium,
1424 2508 1639 2549 abbatialium,
1658 2508 1805 2552 capitula-

1055 2562 1136 2594 rium
1149 2567 1177 2594 et
1188 2562 1451 2601 conventualium,
1463 2562 1659 2605 prioratuum
1667 2572 1803 2606 quoque,

279 2615 339 2648 hoc
355 2621 401 2648 651
418 2615 539 2659 mystici
557 2616 699 2659 corporis
715 2615 829 2649 Christi
855 2621 916 2648 tam
939 2616 1022 2659 prin·
1037 2621 1041 2635 ¹
1054 2615 1356 2659 praepositurarum,
1381 2615 1687 2658 praeceptoriarum,
1712 2626 1806 2649 cano-

317 2677 328 2703 1
350 2676 389 2705 Ex
407 2677 515 2712 Regest.
536 2677 563 2705 in
582 2677 684 2706 Secret.
707 2677 783 2705 Brev.

1053 2669 1223 2710 meatuum,
1240 2669 1501 2713 praebendarum,
1518 2669 1717 2712 dignitatum,
1727 2665 1808 2713 per*

1786 272 1836 298 An.
1856 273 1883 297 t).
1904 274 1969 298 111211

1859 1771 1995 1796 imponuntur

1810 1803 1845 1819 sex
1862 1797 1966 1818 decimae.
