2293 3231
299 269 351 298 Αι.
366 268 397 299 c.
416 267 482 298 mi
531 259 597 295 564

500 315 673 352 accomodo
701 321 731 350 et
754 315 879 356 idoneo,
907 315 939 348 in
963 324 1026 359 quo
1053 315 1136 348 aeris
1161 314 1243 358 viget

501 370 690 415 temperies,
719 369 903 402 victualium
938 368 1088 410 ubertas,
1124 373 1243 402 cetera-

500 435 635 468 rumque
660 434 768 457 rerum
794 423 832 456 ad
856 433 948 457 usum
973 423 1148 456 humanum
1173 433 1245 467 per-

501 477 667 511 tinentium
681 477 772 522 copia
783 477 951 521 reperitur,
964 475 1162 510 desiderabat
1178 476 1246 520 plu-

501 532 618 566 rimum
643 530 713 564 fieri
738 536 769 564 et
791 530 932 564 ordinari
949 541 1007 574 per
1024 530 1136 564 Sedem
1164 531 1245 574 Apo-

501 585 644 619 stolicam
669 584 808 618 studium
834 584 981 628 generale
999 585 1030 617 in
1053 584 1191 628 qualibet
1208 584 1245 617 li-

501 639 564 672 cita
587 638 755 679 facultate,
782 643 818 671 ut
847 638 966 672 ibidem
989 638 1068 671 sides
1092 637 1246 671 catholica

501 692 697 733 dilataretur,
717 692 920 726 erudirentur
945 691 1114 736 simplices,
1142 691 1247 735 aequi-

500 750 547 780 tas
571 752 762 787 servaretur,
784 745 892 780 iudicii
916 745 1037 789 vigeret
1060 745 1151 786 ratio,
1180 745 1247 778 illu-

501 799 700 834 minarentur
723 804 845 833 mentes
860 827 867 840 ,
892 804 923 832 et
947 799 1124 832 intellectus
1148 798 1247 832 homi-

500 863 577 886 num
613 853 868 892 illustrarentur;
901 852 984 885 idem
1020 852 1246 896 praedecessor

501 906 690 950 praemissa,
719 916 755 939 ae
782 905 876 939 etiam
900 905 1046 938 eximiam
1071 904 1247 938 devotionis

501 959 728 1000 sinceritatem,
743 969 838 1004 quam
864 959 966 991 dictus
991 957 1121 991 lacobus
1145 958 1247 990 arehi—

501 1013 670 1058 episcopus
682 1013 720 1046 ad
734 1014 906 1047 Romanam
921 1012 1051 1056 gerebat
1064 1011 1246 1051 Ecclesiam,

501 1070 616 1101 attente
648 1067 874 1107 considerans,
898 1077 935 1099 ae
966 1076 1058 1099 suum
1089 1064 1246 1099 laudabile

501 1120 724 1165 propositum²
747 1121 779 1153 in
805 1119 938 1154 Domino
962 1119 1135 1163 plurimum
1160 1129 1245 1152 com-

502 1174 676 1215 mendans,
703 1174 834 1207 ferventi
866 1173 969 1207 studio
997 1172 1130 1215 ductus,
1161 1173 1245 1217 quod

502 1226 611 1260 civitas
634 1227 701 1271 ipsa
725 1227 928 1260 scientiarum
946 1226 1125 1260 muniretur
1149 1226 1247 1259 liono-

502 1280 602 1322 ribus,
619 1280 661 1313 ita
678 1286 712 1314 ut
732 1281 815 1314 viros
834 1280 1022 1325 produceret
1042 1279 1163 1313 consilii
1182 1290 1247 1312 ma-

502 1333 631 1367 turitate
655 1333 855 1378 conspicuos,
869 1333 1001 1378 praefati
1017 1333 1124 1366 lacohi
1142 1333 1245 1366 arc-lii-

503 1387 644 1432 episcopi
669 1387 700 1420 in
724 1390 760 1421 ea
782 1393 871 1432 pai-te
897 1387 1177 1431 supplicationibus
1202 1387 1246 1419 in-

502 1441 657 1482 clinatus,
681 1441 719 1474 ad
743 1441 869 1474 laudem
904 1440 1001 1473 divini
1032 1440 1167 1473 nominis
1182 1467 1189 1481 ‚
1217 1445 1243 1473 et

502 1494 644 1527 eiusdem
669 1493 742 1527 fidei
765 1493 1036 1538 propagationem,
1061 1494 1246 1526 auctoritate

501 1548 674 1592 apostoliea
698 1548 730 1580 in
754 1547 865 1580 eadem
889 1547 1012 1580 civitate
1037 1547 1174 1580 studium
1195 1558 1247 1590 ge-

500 1600 608 1633 nerale
625 1600 734 1641 erexit3
751 1611 787 1633 ae
803 1600 911 1633 statuit
927 1605 958 1633 et
973 1599 1140 1640 ordinavit,
1161 1600 1245 1643 quod

501 1653 580 1687 illud
606 1653 683 1687 inibi
707 1654 869 1698 perpetuis
892 1653 1090 1698 temporibus
1115 1654 1245 1697 vigeret,

501 1711 564 1740 tam
589 1707 622 1740 in
637 1707 798 1751 theologia
821 1718 858 1741 ac
882 1707 951 1741 iure
975 1707 1128 1741 canonico
1153 1712 1183 1740 et
1207 1707 1246 1740 ci-

500 1760 566 1802 vili,
583 1771 677 1805 quam
701 1761 733 1794 in
758 1761 867 1805 quavis
892 1760 953 1794 alia
978 1760 1063 1794 licita
1087 1760 1244 1801 facultate,

499 1820 598 1858 prout
612 1814 643 1847 in
660 1815 773 1848 litteris
792 1815 891 1859 ipsius
903 1814 1156 1858 praedecessoris
1172 1814 1245 1847 inde

1084 265 1265 292 BULLARmM
1287 264 1444 291 nostffltm

1278 314 1416 347 versitati
1441 312 1536 347 studii
1558 312 1740 348 huiusmodi
1766 323 1824 359 per
1847 312 1924 348 alias
1947 322 2020 347 suas

1276 368 1396 401 litteras
1411 373 1565 412 perpetuo
1586 367 1696 408 univit,
1713 372 1743 400 et
1759 367 1844 411 quod
1857 367 1932 403 unio
1952 367 2021 413 ipsa

1277 421 1424 456 effectum
1437 427 1632 466 consequuta
1646 431 1711 456 non
1726 421 1838 465 extitit)
1853 421 1945 456 nobis
1962 422 2020 456 suit

1277 475 1439 510 humiliter
1452 475 1674 520 supplicatum,
1686 480 1721 508 ut
1734 474 1895 517 erectioni,
1907 478 2020 509 statuto

1278 533 1308 562 ct
1329 529 1519 562 ordinationi
1537 527 1716 573 praedictis,
1734 538 1793 573 pro
1809 528 1938 562 illorum
1953 527 2023 561 sub-

1278 582 1420 616 sistentia
1443 582 1590 623 firmiori,
1615 582 1713 616 robur
1736 581 1928 627 apostolieae
1951 591 2023 615 con-

1278 635 1466 670 firmationis
1493 635 1651 677 adiicere;
1677 640 1726 678 et,
1751 640 1786 670 ut
1816 635 1964 670 doctores
1993 639 2024 670 et

1279 689 1423 732 magistri
1439 690 1593 733 praedicti
1610 689 1796 724 lectionibus
1813 688 1977 723 intendere
1993 692 2024 722 et

1279 753 1377 777 onera
1400 743 1468 776 eius
1492 743 1706 777 incumbentia
1729 749 1917 787 supportare
1941 752 2024 776 com-

1280 797 1405 831 modius
1417 797 1550 841 possint,
1561 797 1593 830 in
1610 797 1742 840 singulis
1756 797 1854 831 sancti
1867 796 2023 831 Simeonis

1279 851 1483 892 Trevirensis,
1501 856 1532 884 et
1555 851 1653 884 saneti
1667 851 1797 890 Florini,
1811 855 1841 884 ct
1857 849 1956 884 sancti
1971 849 2024 884 Ca-

1280 903 1374 937 storis
1398 904 1430 937 in
1453 903 1658 945 Confluentia‚
1675 915 1712 938 ac
1730 904 1762 937 in
1786 903 2025 937 Munstermein-

1281 956 1365 997 fehlt,
1390 963 1421 990 ct
1449 957 1480 990 in
1505 957 1733 999 Diehirehensi,
1756 968 1792 992 ac
1816 957 1848 991 in
1873 957 2023 992 Palatiolo

1281 1010 1432 1051 eeclesiis,
1442 1021 1539 1044 unum
1553 1011 1773 1044 canonicatum
1786 1016 1817 1044 et
1829 1020 1922 1044 unam
1936 1019 2025 1054 prae-

1280 1063 1415 1098 bendam
1439 1065 1543 1110 primo
1568 1070 1742 1106 vacaturos,
1758 1074 1882 1098 necnon
1908 1063 1942 1097 in
1964 1064 2023 1098 An·

1262 1117 1418 1152 :dei-nach
1432 1146 1439 1160 ,
1469 1124 1499 1152 et
1522 1117 1767 1159 Diedeuhoffen,
1792 1121 1822 1152 et
1845 1116 2023 1161 Epternaeh

1262 1153 1380 1224 {dictae
1404 1171 1577 1212 dioecesis,
1601 1177 1632 1205 et
1655 1172 1753 1205 sancti
1783 1171 1964 1212 Laurentii,
1993 1176 2024 1205 et

1280 1225 1378 1258 saneti
1409 1225 1563 1268 Gaugolffi
1594 1225 1790 1258 Trevirensis
1826 1223 2024 1268 parochiales

1279 1278 1438 1314 ecelesias,
1455 1288 1526 1311 cum
1553 1278 1700 1311 omnibus
1725 1278 1846 1311 iuribus
1870 1281 1901 1312 et
1923 1277 2023 1322 perti-

1261 1295 1393 1364 inentiis
1418 1331 1492 1371 suis,
1509 1332 1568 1364 sub
1587 1342 1683 1365 onere
1708 1331 1834 1375 legendi
1854 1331 1887 1365 in
1901 1331 2024 1365 univer-

1279 1385 1369 1417 sitate
1386 1385 1578 1426 huiusmodi,
1595 1385 1657 1418 illis
1674 1395 1733 1429 per
1748 1385 2023 1430 archiepiscopum

1279 1439 1498 1472 Trevironsem
1513 1449 1571 1483 pro
1588 1444 1731 1483 tempore
1748 1439 1933 1474 existentem
1949 1439 2025 1473 adii-

1279 1491 1401 1534 ciendo,
1427 1492 1530 1524 dietae
1554 1492 1751 1525 universitati
1774 1503 1834 1536 pro
1858 1491 1943 1526 illius
1970 1491 2024 1526 do·

1279 1546 1420 1578 cleribus
1448 1550 1478 1578 et
1502 1545 1662 1588 magistris
1686 1545 1847 1579 dumtaxat
1866 1550 2022 1591 perpetuo

1280 1598 1380 1639 unire,
1404 1604 1573 1632 annectere
1597 1603 1627 1633 et
1650 1599 1854 1643 incorporare
1869 1627 1876 1641 ‚
1905 1609 2022 1644 eosque

1262 1662 1316 1685 ‚ex
1342 1657 1414 1686 tune
1439 1663 1496 1697 per
1520 1653 1666 1686 doctores
1691 1658 1721 1686 et
1744 1653 1914 1696 magistros
1932 1663 2024 1698 prae-

1279 1705 1390 1747 dictos,
1411 1706 1525 1750 quibus
1549 1706 1586 1740 de
1611 1706 1739 1740 illorum
1763 1707 1930 1748 fructibus,
1954 1706 2024 1741 red-

1278 1758 1395 1792 ditibus
1420 1765 1450 1792 et
1474 1759 1680 1803 proventibus
1699 1759 1937 1804 respondeatur,
1953 1759 2023 1804 regi

1261 1813 1400 1854 ¹faeere,
1425 1813 1596 1855 mandare,
1614 1824 1650 1847 ac
1685 1814 1762 1847 alias
1785 1814 1817 1847 in
1839 1814 2022 1858 praemissis

501 1868 652 1902 consectis
685 1869 809 1913 plenius
840 1869 1028 1901 continetur.
1053 1867 1155 1907 Quare
1185 1871 1455 1915 p1·o;0pp01·tune
1478 1866 1646 1910 providere
1670 1867 1708 1900 de
1732 1867 1926 1910 benignitate
1948 1877 2024 1912 apo-

499 1927 589 1966 parte
613 1927 677 1955 tam
700 1921 889 1956 venerabilis
904 1921 1010 1954 fratris
1034 1921 1135 1955 nostri
1159 1917 1388 1969 Ioan-fstolicft
1413 1919 1628 1962 dignaremur.
1654 1921 1717 1953 Nos
1742 1920 1848 1964 igitur,
1877 1920 1931 1966 qui
1955 1920 2022 1954 du-

500 1975 550 2008 nis
572 1975 805 2020 archiepiscopi
829 1975 1035 2016 Trevirensis,
1060 1986 1153 2019 quam
1171 1975 1245 2009 dile·
1259 1971 1263 2000 Ῑ
1277 1972 1353 2006 dunt
1379 1973 1460 2006 inter
1483 1974 1544 2006 alia
1567 1973 1742 2014 vomitum,
1766 1974 1852 2018 quod
1880 1978 2021 2019 petentes

501 2033 625 2062 ctorum
649 2028 789 2062 filiorum
814 2029 1035 2062 universorum
1060 2028 1243 2070 doctorum,

500 2082 736 2126 magistrorum,
761 2088 792 2116 et
815 2082 1008 2116 scholarium
1033 2082 1244 2116 universitatis

500 2135 576 2169 dicti
601 2136 694 2170 studii
718 2136 949 2180 (asserentium,
974 2135 1059 2179 quod
1083 2136 1243 2179 praefatus

499 2188 648 2223 Nicolaus
678 2189 904 2234 praedecessor
934 2199 987 2222 sex
1020 2188 1242 2229 canonicatus,

500 2246 531 2274 et
556 2241 684 2276 totidem
708 2242 915 2286 praebendas,
932 2252 969 2275 ae
992 2247 1057 2275 tres
1081 2242 1243 2286 parocbia-

499 2292 545 2326 les
569 2293 733 2334 eeclesias,
759 2293 806 2326 vel
831 2303 940 2326 earum
964 2298 1135 2336 perpetuas
1159 2293 1242 2326 rica-

498 2345 562 2379 rias
586 2345 625 2379 ad
653 2346 753 2390 ipsius
778 2346 883 2380 Iaeobi
907 2345 1157 2389 archiepiscopi,
1187 2356 1241 2379 seu

499 2408 774 2443 quorumcumque
805 2400 993 2433 collatorum
1032 2404 1062 2432 et
1103 2399 1241 2432 collatri-

498 2461 571 2485 cum
595 2452 695 2486 dictae
723 2452 856 2486 civitatis
880 2458 910 2486 et
937 2452 1131 2486 T1·crirensis
1155 2452 1242 2486 dioe-

498 2505 578 2539 cesis
601 2505 813 2547 collationem,
826 2506 1050 2550 provisionem,
1067 2511 1243 2550 praesenta—

497 2557 626 2600 tionem,
643 2569 698 2593 seu
714 2559 858 2603 quamvis
883 2559 975 2592 aliam
992 2559 1240 2603 dispositionem,

1259 2060 1262 2073 λ
1277 2025 1430 2059 beneficia
1454 2026 1665 2060 ecclesiastica
1685 2027 1754 2060 aliis
1770 2027 1864 2068 uniri,
1882 2031 2022 2062 teneren-

1260 2078 1261 2090 ¹
1277 2084 1328 2112 tm·
1352 2079 1531 2123 exprimere
1551 2091 1662 2113 verum
1679 2081 1830 2122 valorem,
1847 2081 2020 2115 secundum

1259 2154 1261 2174 2
1276 2143 1479 2167 communem
1499 2134 1773 2176 existimationem,
1790 2139 1855 2168 tam
1873 2134 2020 2169 beneficii

1258 2179 1416 2227 1ιιηίοιιιΙί,
1432 2197 1528 2231 quam
1552 2187 1646 2228 illius,
1663 2187 1714 2221 eui
1737 2187 1822 2221 uniri
1847 2192 2020 2232 peteretur,

1276 2239 1414 2283 alioquin
1438 2240 1512 2274 uuio
1537 2251 1600 2274 non
1625 2241 1765 2281 valeret,
1785 2246 1815 2274 et
1839 2251 1965 2286 semper
1987 2241 2020 2274 in

1257 2267 1444 2335 iunionibus
1465 2294 1646 2327 commissio
1669 2294 1761 2328 fieret
1779 2295 1818 2327 ad
1837 2299 1952 2338 partes,
1969 2304 2020 2327 vo·

1276 2347 1353 2380 catis
1370 2357 1506 2390 quorum
1528 2347 1667 2387 interest,
1686 2347 1910 2388 universitatis,
1928 2356 2019 2386 cano-

1275 2400 1446 2440 nicatuum,
1464 2405 1494 2432 et
1509 2400 1772 2444 praebendarum,
1796 2411 1833 2434 ae
1855 2400 2020 2444 parochia-

1276 2453 1352 2486 lium
1370 2453 1574 2486 ecclesiarum
1592 2452 1773 2486 huiusmodi
1786 2462 1878 2486 veros
1895 2453 2018 2486 valeres

1275 2516 1396 2539 ammos
1418 2506 1636 2550 praesentibus
1657 2516 1715 2550 pro
1732 2505 1888 2549 expressis
1903 2506 2019 2540 haben-

1275 2563 1330 2600 tes,
1355 2559 1537 2593 lmiusmodi
1561 2559 1841 2603 supplicationibus
1864 2559 2016 2602 inclinati,

498 2612 708 2646 communiter
731 2613 780 2646 vel
803 2612 938 2654 divisim,
951 2613 1155 2658 pertinenteS,
1175 2613 1242 2647 uni·
1274 2614 1466 2648 erectionem
1484 2640 1492 2654 ,
1524 2616 1674 2647 statutum
1717 2617 1748 2647 et
1782 2612 2014 2646 ordinationem

530 2674 545 2703 1
562 2674 635 2704 Edit.
649 2675 730 2705 Μαίη.
743 2675 811 2712 legit
819 2677 1019 2712 praepositum
1034 2679 1072 2713 (R.
1087 2677 1138 2713 τ.).

1271 2667 1444 2712 praedicta,
1471 2675 1509 2701 ac
1538 2666 1645 2702 omnia
1668 2671 1699 2701 et
1721 2666 1846 2711 singula
1867 2666 1901 2701 in
1923 2665 2017 2702 dictis

2033 263 2085 292 Α..
2099 261 2129 300 α,
2147 261 2216 301 ¹⁶2¹
