2293 3231
285 309 332 335 An.
354 307 381 333 Γ.
403 307 470 335 1622

285 376 321 390 nos
345 374 387 390 tam
418 370 468 390 ιιιῐΙι

286 403 348 422 quam
365 397 413 416 [icti
433 400 468 417 do-

286 424 358 444 fuctus.

324 2555 471 2582 Exequutures

287 2581 383 2608 deputat.

516 298 582 331 684

483 357 519 388 ad
539 355 619 388 illius
637 353 759 386 laudem
773 358 802 385 et
825 352 1012 385 christianae
1033 351 1226 395 reipublicae

484 419 604 441 necnon
622 407 819 450 captivorum
838 405 1039 438 commodum
1063 410 1092 437 et
1117 404 1229 437 utilita-

484 468 556 501 tem,
571 461 647 493 sicut
664 459 855 502 accepimus,
882 458 912 490 in
936 457 1002 490 dies
1028 457 1227 501 proveniunt,

484 514 626 558 spi-vialis
647 513 765 553 gratiae
787 514 891 544 t'ax-ore
912 511 1061 555 prosequi
1078 511 1228 551 volentes,
1245 532 1247 543 ι

484 579 518 600 av
533 567 677 599 ciumlcm
697 566 882 609 magistrum
900 565 1080 608 generalem
1096 571 1125 598 et
1142 576 1229 609 prae-

483 621 556 653 ‹tii-:i
574 619 698 653 Ordinis
712 620 887 662 singulares
901 629 1053 663 personas
1069 629 1086 651 a
1103 618 1230 662 quibus-

483 675 528 706 vis
545 673 890 714 excoiumunicationis,
909 672 1126 716 suspensionis
1142 677 1172 705 et
1187 673 1229 705 in-

485 727 622 767 terdicti,
646 727 777 770 aliisque
802 726 1023 759 ecclesiasticis
1047 725 1229 766 sententiis,

482 780 624 814 censuris
649 785 679 813 et
703 780 824 823 poenis,
841 791 859 812 a
876 780 944 813 iure
963 780 1010 813 vel
1028 779 1066 812 ab
1084 779 1228 820 bomine,

482 834 591 877 quavis
615 833 780 867 occasione
797 833 844 866 vel
863 836 955 866 causa
973 833 1054 873 latis,
1071 833 1095 865 si
1115 832 1229 876 quibus

482 887 717 931 quomodolibet
729 886 866 920 innodati
878 886 1024 927 existunt,
1032 886 1070 918 ad
1081 886 1228 919 ess'ectum

482 941 695 984 praesentium
709 940 870 974 dumtaxat
885 940 1154 984 consequendum,
1179 940 1230 973 ba-

482 1005 552 1027 rum
579 995 659 1027 serie
684 994 898 1035 absolventes,
924 1000 954 1027 et
978 994 1139 1027 absolutos
1162 994 1230 1027 sore

483 1052 656 1089 censentes,
681 1048 863 1081 huiusmodi
884 1048 1166 1092 supplicationibus
1185 1048 1230 1081 in-

483 1101 606 1142 clinati,
631 1101 737 1134 omnia
761 1106 791 1133 et
816 1101 940 1144 singula
965 1101 1145 1145 privilegia,
1170 1102 1230 1135 im—

482 1154 661 1195 munitates,
687 1154 918 1198 exemptiones,
943 1155 1119 1196 libertates,
1143 1166 1231 1199 prae-

483 1208 642 1251 rogativas
655 1235 662 1249 ,
698 1208 820 1242 favores
834 1236 842 1249 ,
874 1208 1036 1242 facultates
1050 1236 1057 1250 ,
1091 1209 1208 1253 gratias
1221 1237 1228 1251 ‚

483 1262 703 1295 concessiones
735 1268 763 1295 et
796 1262 934 1303 indulta,
961 1266 1021 1296 tam
1055 1263 1229 1307 spiritualia

483 1326 577 1358 quam
593 1315 790 1359 temporalia,
808 1315 910 1349 eidem
931 1315 1039 1350 Ordini
1051 1344 1058 1358 ,
1083 1317 1229 1361 illiusque

483 1368 711 1412 superioribus,
736 1369 895 1410 fratribus,
916 1370 1164 1411 monialibus‚›ct
1179 1382 1229 1404 so-

483 1422 620 1464 roribus,
646 1428 676 1456 et
695 1423 850 1467 personis,
866 1433 990 1457 necnon
1010 1424 1162 1465 ecclesiis,
1178 1424 1230 1459 do-

483 1476 587 1509 mibus
611 1487 648 1509 ac
672 1477 770 1518 locis,
803 1477 893 1510 bonis
921 1481 951 1511 et
982 1478 1077 1511 rebus
1105 1478 1230 1522 quibus-

484 1540 629 1573 cumque,
645 1535 679 1562 ut
696 1540 801 1574 supra,
815 1541 963 1564 concessa
981 1536 1011 1564 et
1033 1532 1228 1573 confirmata,

483 1582 656 1616 dummodo
680 1588 785 1617 tamen
810 1583 976 1628 privilegia
993 1589 1023 1618 et
1051 1584 1169 1618 indulta
1199 1591 1230 1619 et

483 1635 544 1668 alia
567 1636 726 1680 praedicta
743 1637 848 1671 omnia
873 1637 904 1670 in
926 1648 985 1671 usu
1010 1648 1068 1672 nec
1084 1644 1230 1674 revocata

483 1694 537 1721 aut
560 1690 619 1722 sub
643 1690 802 1734 aliquibus
818 1691 1073 1726 revocationibus
1089 1696 1119 1726 et
1135 1692 1230 1726 aboli-

482 1742 624 1776 tionibus
647 1744 877 1788 comprehensa
902 1744 973 1786 sint,
998 1750 1028 1778 et
1047 1745 1128 1779 sacri
1153 1746 1230 1780 Con-

483 1796 546 1830 cilii
559 1797 732 1831 Tridentini
747 1798 892 1839 decretis,
906 1802 937 1832 et
952 1799 1230 1833 constitutionibus

484 1856 510 1883 et
529 1851 780 1885 ordinationibus
796 1853 992 1896 apostolicis,
1017 1853 1155 1898 dictique
1175 1854 1230 1887 Or-

483 1903 565 1937 dinis
585 1905 786 1948 regularibus
805 1905 955 1940 institutis
978 1917 1041 1940 non
1066 1907 1230 1941 adversen-

483 1962 550 1999 tur,
578 1959 751 2002 apostolica
775 1959 978 2001 auctoritate,
1006 1965 1117 1994 tenore
1141 1972 1229 2005 prae-

483 2011 631 2053 sentium,
651 2017 808 2057 perpetuo
825 2013 1052 2047 confirmamus
1069 2020 1099 2048 et
1116 2025 1230 2059 appro—

483 2063 606 2106 bamus,
624 2076 660 2099 ac
681 2071 853 2110 perpetuae
879 2071 909 2101 ct
935 2067 1126 2101 inviolabilis
1151 2079 1227 2113 apo—

484 2117 612 2151 stolicae
645 2118 803 2152 firmitatis
828 2120 943 2154 robore
971 2121 1226 2163 communimus,

484 2172 666 2216 supplentes
691 2183 800 2206 omnes
825 2178 855 2206 et
879 2173 1032 2217 singulos,
1061 2179 1123 2208 tam
1150 2175 1227 2208 iuris

484 2235 578 2268 quam
603 2225 697 2266 facti,
721 2229 751 2260 et
775 2237 1049 2271 quarumcumque
1077 2228 1226 2261 solemni-

485 2282 594 2319 tatum,
615 2278 708 2311 ctiam
723 2279 761 2311 de
775 2279 854 2320 iure,
874 2280 1071 2320 necessitate,
1085 2285 1139 2313 aut
1151 2281 1227 2314 alias

484 2332 720 2376 quomodolibet
732 2333 967 2377 requisitarum‚
977 2344 1012 2367 ac
1020 2334 1124 2367 forsan
1136 2335 1228 2368 omis-

485 2395 603 2425 sarum,
628 2391 658 2418 et
681 2396 899 2431 quoscumque
923 2387 1012 2428 alios,
1038 2387 1063 2420 si
1089 2389 1142 2433 qui
1168 2389 1224 2422 de-

485 2449 579 2482 super
603 2439 635 2472 in
659 2439 704 2473 eis
728 2441 966 2484 quomodolibet
989 2441 1226 2484 intervenerint,

485 2490 632 2526 defectus.

530 2546 545 2588 ἓ
569 2545 598 2578 3.
631 2546 783 2585 Quocirca
815 2548 1047 2582 venerabilibus
1077 2548 1227 2582 fratribus

486 2599 726 2645 archiepiscopo
758 2601 911 2644 Burgensi
943 2607 973 2635 et
1001 2603 1150 2647 episeopo
1175 2603 1228 2636 Pa-

486 2651 620 2694 risiensi,
644 2664 680 2687 ac
699 2654 814 2688 dilecto
834 2656 900 2689 fitio
927 2656 1034 2690 curiae
1058 2667 1225 2690 causarum

487 2717 631 2740 camerae
647 2709 837 2752 apostolicae
854 2709 994 2752 generali
1006 2709 1152 2751 auditori,
1168 2719 1227 2753 per

1065 304 1245 328 BULLARIUM
1266 303 1426 327 nonatum

1261 356 1442 394 praesentes
1476 350 1703 384 committimus
1733 354 1764 385 et
1793 351 1980 385 mandamus
1997 379 2004 393 ,

1262 410 1416 448 quatenus
1440 404 1515 448 ipsi,
1541 404 1588 436 vel
1611 403 1685 445 duo,
1704 410 1758 437 aut
1780 415 1860 438 unus
1883 416 2005 447 eorum,

1262 467 1369 501 perse,
1388 457 1435 490 vet
1453 467 1509 501 per
1527 458 1634 499 alium,
1651 468 1706 490 seu
1722 457 1810 498 alios,
1825 464 2006 502 praesentes

1262 511 1380 544 litteras
1395 539 1402 552 ‚
1427 516 1457 543 et
1483 511 1514 543 in
1539 511 1584 544 eis
1608 517 1754 545 contenta
1778 521 2005 556 quaecumque,

1262 564 1315 597 ubi
1341 569 1370 597 et
1395 564 1522 609 quando
1539 575 1618 608 opus
1637 564 1740 606 fuerit,
1759 570 1789 598 et
1805 565 1930 609 quoties
1947 575 2006 609 pro

1262 622 1350 661 parte
1376 617 1528 662 praedicti
1561 617 1710 652 Ludovici
1740 618 1883 661 magistri
1914 628 2007 662 gene-

1262 671 1354 711 ralis,
1391 682 1426 704 ac
1456 671 1597 704 omnium
1629 678 1659 705 et
1695 672 1891 715 singulorum
1927 683 2006 716 quos

1263 728 1472 765 concernunt,
1497 724 1614 757 fuerint
1638 724 1797 768 requisiti,
1822 725 2006 758 solemniter

1262 778 1475 821 publicantes,
1500 778 1625 822 illisque
1649 778 1796 812 omnibus
1820 782 1850 813 et
1874 778 2007 822 singulis

1263 831 1399 865 efficacis
1423 831 1613 865 defensionis
1638 831 1798 876 praesidio
1815 832 2006 874 assistentes,

1262 885 1373 919 faciant
1399 886 1584 920 auctoritate
1607 888 1715 919 nostra
1739 885 1810 920 illos
1836 896 1947 920 omnes
1977 892 2008 920 et

1263 940 1405 983 singulos
1437 940 1550 974 effectu
1579 940 1762 974 earumdem
1791 940 2005 984 praesentium

1264 993 1395 1037 pacifice
1413 993 1474 1026 frui
1488 998 1518 1026 ct
1531 993 1680 1037 gaudere,
1704 1004 1767 1027 non
1787 993 2006 1038 permittentes

1263 1047 1333 1080 illos
1357 1047 1494 1091 desuper
1518 1058 1534 1079 a
1559 1058 1718 1092 quoquam
1741 1047 1851 1092 quavis
1874 1047 2008 1082 auctori—

1263 1104 1325 1134 tate
1344 1101 1582 1145 quomodolibet
1599 1101 1737 1135 indebite
1750 1101 1921 1142 molestari;
1935 1112 2007 1135 con-

1263 1154 1450 1188 tradictores
1473 1166 1691 1200 quoscumque
1715 1166 1772 1199 per
1802 1165 1952 1189 censuras
1975 1161 2007 1189 et

1263 1218 1381 1252 poenas
1405 1209 1650 1251 ecclesiasticas,
1680 1209 1803 1253 aliaque
1827 1213 2006 1254 opportuna

1263 1262 1341 1295 iuris
1365 1267 1395 1295 et
1419 1262 1489 1296 facti
1515 1262 1666 1304 remedia,
1691 1263 1902 1307 appellatione
1919 1269 2006 1307 post-

1263 1315 1383 1359 posita,
1408 1316 1657 1360 compescendo,
1681 1315 1825 1350 invocato
1849 1316 1942 1351 etiarn
1966 1317 2006 1351 ad

1264 1369 1340 1410 hoc,
1365 1370 1390 1402 si
1415 1380 1496 1414 opus
1519 1369 1631 1411 suerit,
1663 1369 1780 1403 auxilio
1810 1369 1933 1404 brachii
1957 1381 2005 1404 se-

1263 1422 1389 1456 cularis.

1308 1477 1322 1520 {q'
1346 1476 1375 1509 4.
1405 1476 1474 1510 Non
1505 1476 1702 1511 obstantibus
1731 1477 1803 1522 piae
1831 1479 2006 1513 memoriae

1263 1530 1413 1563 Bonit‘acii
1427 1530 1528 1574 Papae
1541 1530 1605 1564 VIII
1619 1530 1738 1575 pariter
1750 1531 2006 1576 praedecessoris

1263 1581 1362 1615 nostri
1378 1581 1417 1614 de
1432 1583 1504 1622 una,
1522 1585 1552 1616 et
1569 1582 1599 1614 in
1617 1582 1750 1616 concilio
1765 1583 1905 1626 generali
1922 1584 2006 1618 edita

1263 1634 1301 1667 de
1330 1634 1452 1668 duabus
1484 1634 1596 1676 dietis,
1628 1635 1801 1669 dummodo
1830 1636 1913 1671 ultra
1941 1641 2006 1670 tres

1262 1688 1361 1722 dietas
1384 1689 1497 1733 aliquis
1521 1689 1707 1723 auctoritate
1730 1690 1942 1734 praesentium
1967 1691 2007 1724 ad

1263 1743 1413 1777 iudicium
1425 1754 1488 1777 non
1498 1743 1652 1784 trahatur,
1669 1744 1801 1788 aliisque
1815 1745 2005 1789 apostolicis,

1262 1808 1298 1829 ac
1322 1797 1354 1829 in
1378 1797 1618 1838 universalibus,
1642 1798 1891 1842 provincialibus
1911 1803 1942 1832 et
1961 1809 2007 1844 sy-

1262 1849 1430 1883 nodalibus
1442 1850 1582 1884 conciliis
1599 1850 1607 1867 ¹
1625 1850 1727 1892 editis,
1741 1851 1941 1894 generalibus
1957 1853 2005 1886 vel

1262 1903 1450 1948 specialibus
1473 1903 1748 1938 constitutionibus
1777 1909 1808 1938 et
1835 1905 2007 1940 ordinatio-

1261 1957 1376 1999 nibus,
1400 1968 1523 1992 necnon
1547 1957 1673 1991 Ordinis
1704 1958 1857 2002 praedicti
1890 1959 2003 2003 (etiam

1262 2011 1459 2053 iuramento,
1484 2011 1725 2046 confirmatione
1749 2012 1933 2056 apostolica,
1957 2013 2006 2047 vel

1261 2064 1370 2108 quavis
1395 2064 1544 2097 firmitate
1567 2065 1627 2099 alia
1644 2064 1815 2109 roboratis)
1836 2065 1960 2099 statutis
1975 2071 2006 2100 et

1261 2118 1562 2159 consuetudinibus,
1586 2117 1760 2162 privilegiis
1784 2128 1931 2163 quoque,
1956 2119 2005 2152 in-

1260 2171 1355 2205 dultis
1372 2176 1402 2204 et
1417 2171 1530 2206 litteris
1550 2171 1741 2216 apostolicis,
1762 2172 1924 2216 quibusvis
1936 2182 2005 2217 per-

1261 2226 1346 2259 sonis
1370 2226 1402 2258 in
1426 2226 1621 2259 contrarium
1646 2226 1895 2270 praemissorum
1928 2237 2005 2271 quo-

1261 2280 1432 2314 modolibet
1457 2279 1626 2321 concessis,
1646 2279 1841 2314 confirmatis
1864 2285 1894 2314 et
1918 2280 2005 2314 inno-

1261 2334 1348 2367 vatis.
1366 2333 1484 2373 Quibus
1504 2333 1654 2367 omnibus
1671 2339 1701 2367 et
1717 2333 1866 2377 singulis,
1890 2344 2002 2368 eorum

1261 2387 1402 2420 omnium
1428 2392 1552 2421 tenores
1575 2387 1795 2431 praesentibus
1822 2397 1881 2431 pro
1909 2387 2002 2432 plene

1261 2446 1292 2474 et
1327 2441 1520 2475 sufficienter
1555 2441 1712 2486 expressis
1743 2446 1773 2475 et
1801 2441 1841 2474 ad
1871 2441 2002 2475 verbum

1262 2494 1385 2528 insertis
1409 2495 1569 2536 habenteS,
1594 2495 1655 2528 illis
1670 2494 1745 2527 alias
1761 2494 1793 2527 in
1813 2504 1869 2528 suo
1886 2495 2003 2529 robore

1259 2548 1476 2592 permansuris
1490 2575 1497 2589 ,
1528 2549 1587 2581 hac
1611 2548 1678 2581 vice
1701 2547 1863 2582 dumtaxat
1886 2548 2003 2593 specia-

1260 2602 1332 2635 liter
1355 2607 1385 2636 et
1408 2612 1557 2647 expresse
1586 2601 1796 2645 derogamus,
1827 2602 2003 2647 ceterisque

1260 2655 1427 2689 contrariis
1451 2655 1712 2699 quibuscumque.

1297 2719 1306 2746 1
1327 2718 1397 2746 Edit.
1412 2717 1495 2748 Main.
1510 2718 1576 2754 legit
1589 2718 1708 2748 concilii
1723 2720 1759 2754 (a.
1776 2719 1822 2755 τ.).

2015 303 2066 330 An.
2082 302 2110 330 C.
2131 301 2203 330 1628

2046 1489 2158 1512 contrat-ta
2171 1495 2206 1512 r·—
2235 1514 2238 1520 ,

2020 1518 2098 1538 movet.
