2293 3231
292 305 341 331 An,
356 305 385 330 r..
410 303 475 330 isa-2
523 293 586 327 730

343 2493 452 2513 ‹bb-tantm
464 2494 499 2513 tel-

346 2523 393 2538 ulain.

492 352 564 391 rint,
590 351 619 383 in
644 350 748 384 officio
772 351 896 382 sanctae
913 346 1124 390 inquisitionis
1148 355 1236 378 seve-

493 404 626 444 rissime,
652 408 683 436 ut
709 402 798 441 infra,
823 399 1003 445 puniantur.
1022 399 1059 432 Et
1075 402 1238 442 praeterea
1269 401 1304 432 ut
1328 407 1402 432 suos
1424 396 1632 442 poenitentes,
1656 406 1736 441 quos
1749 396 1895 430 noverint
1917 395 2014 430 fuisse
2028 408 2062 429 ni·
2079 407 2214 435 poeniteam

494 467 602 490 omnes
634 455 810 489 haereticae
840 451 1003 497 pravitatis
1036 451 1238 495 inquisitores

493 517 521 543 et
539 510 681 542 locorum
696 506 879 541 Ordinarios
895 504 1038 539 omnium
1054 514 1238 547 regnorum,

494 561 741 606 provinciarum,
766 559 940 600 civitatum,
961 557 1185 598 dominiorum,
1209 561 1240 590 et

497 617 638 648 locorum
659 613 797 647 universi
822 612 909 646 orbis
933 610 1108 651 christiani,
1124 610 1156 643 in
1175 609 1240 643 suis

496 677 654 712 quemque
667 665 866 700 dioecesibus
879 670 909 698 et
922 663 1102 705 territoriis,
1115 674 1172 708 per
1184 663 1241 696 has

495 726 618 755 nostras
635 720 763 761 litteras,
778 719 871 753 etiam
887 717 1041 763 privative
1057 716 1160 761 quoad
1177 726 1243 750 om-

498 786 553 808 nes
578 774 666 814 alios,
686 772 866 818 specialiter
889 782 926 805 ac
949 776 1103 816 perpetuo
1123 770 1243 804 iudices

497 828 689 871 delegamus
706 831 740 859 ut
753 836 849 871 super
861 825 911 859 his
928 829 1038 858 contra
1053 823 1242 868 praedictos,

498 882 591 915 simul
617 881 665 914 vel
696 879 884 925 separatim,
910 879 942 912 in
969 878 1116 913 omnibus
1147 882 1244 922 prout

498 937 527 968 in
552 935 655 969 causis
675 934 750 968 fidei
767 934 872 978 (iuxta
895 943 1061 967 sacrorum
1086 941 1243 966 canonum

498 990 643 1030 sormam,
660 998 718 1022 nec
741 997 805 1021 non
828 986 941 1021 officii¹
956 985 1170 1032 inquisitionis
1189 984 1246 1018 hu-

499 1042 633 1076 iusmodi
651 1040 902 1082 constitutiones,
922 1039 1098 1085 privilegia,
1115 1048 1245 1073 consue-

499 1097 622 1129 tudines
639 1100 669 1129 et
693 1095 833 1139 decreta)
850 1093 1018 1138 diligenter
1033 1092 1196 1137 inquirant
1213 1097 1244 1126 et

500 1149 687 1194 procedant;
713 1153 743 1182 et
766 1158 846 1192 quos
877 1147 910 1181 in
941 1147 1048 1191 aliquo
1072 1157 1110 1180 ex
1135 1145 1243 1179 huius-

501 1203 586 1236 modi
611 1201 740 1236 nefariis
759 1200 940 1235 excessibus
963 1199 1138 1245 culpabiles
1157 1210 1246 1244 repe-

502 1256 612 1296 rerint,
633 1255 664 1288 in
689 1265 753 1296 eos,
770 1265 830 1299 pro
850 1254 1021 1287 criminum
1045 1253 1195 1297 qualitate
1215 1258 1246 1287 et

502 1309 756 1350 circumstantiis,
774 1308 991 1353 suspensionis
1006 1307 1046 1341 ab
1062 1307 1246 1341 executione

503 1363 632 1404 ordinis,
654 1362 840 1407 privationis
858 1361 1100 1402 beneficiorum,
1117 1360 1247 1404 dignita-

502 1421 568 1451 tum
589 1422 619 1450 et
639 1417 816 1450 officiorum
829 1425 1115 1460 quorumcumque,
1129 1424 1165 1448 ac
1180 1424 1248 1459 per-

504 1477 616 1516 petuae
641 1470 845 1504 inhabilitatis
862 1469 901 1502 ad
926 1469 988 1510 illa,
1012 1479 1070 1502 nec
1086 1479 1150 1502 non
1163 1469 1248 1502 vocis

505 1525 623 1559 activae
649 1529 678 1558 et
701 1524 854 1568 passivae,
879 1523 904 1556 si
929 1523 1093 1566 regulares
1117 1522 1248 1565 suerint,

506 1578 600 1619 exilii,
625 1577 835 1611 damnationis
859 1576 897 1610 ad
921 1576 1069 1610 triremes
1092 1581 1123 1610 et
1147 1586 1250 1609 carce-

507 1642 557 1664 res
577 1631 670 1664 etiam
696 1631 728 1663 in
748 1634 950 1675 perpetuum,
966 1629 1086 1673 absque
1103 1629 1167 1662 ulla
1193 1640 1249 1674 spe

506 1685 634 1728 gratiae,
659 1694 778 1728 poenas
802 1683 983 1723 decernant,
1001 1693 1055 1716 eos
1071 1693 1208 1726 quoque,
1225 1682 1251 1716 si

506 1748 564 1781 pro
588 1736 693 1770 delicti
720 1735 910 1770 enormitate
940 1734 1103 1779 graviores
1133 1746 1251 1779 poenas

507 1790 704 1831 meruerint,
729 1789 835 1823 debita
859 1788 1069 1833 praecedente
1101 1788 1252 1832 degrada-

508 1844 601 1884 tione,
619 1843 725 1877 curiae
749 1843 883 1877 seculari
902 1842 1080 1887 puniendos
1096 1842 1228 1878 tradant.

553 1898 568 1941 g
592 1897 620 1931 5.
638 1898 753 1931 Dantes
778 1898 872 1931 etiam
891 1897 1073 1931 facultatem
1089 1897 1252 1931 venerabi-

309 1940 404 1979 ii'iif's'
424 1940 492 1980 ’ἳνιῗῖ
510 1952 593 1984 libus
617 1951 735 1985 nostris
760 1951 789 1985 S.
815 1952 850 1984 R.
868 1951 901 1984 E.
920 1950 1134 1984 cardinalibus
1157 1960 1252 1994 gene-

319 1993 419 2064 r'¹⁵¹¹¹='u‹
446 1994 493 2063 ιῖἷνῖ
510 2005 629 2038 ralibus
655 2005 894 2049 inquisitoribus
928 2005 985 2047 (ne
1009 2004 1158 2038 delictum
1188 2009 1252 2038 tam

464 2060 467 2063 '
509 2070 657 2100 enorme,
682 2064 712 2092 et
743 2058 900 2092 Ecclesiae
929 2058 984 2092 Dei
1008 2063 1071 2092 tam
1095 2058 1253 2102 pernicio-

510 2124 590 2153 sum,
604 2117 775 2152 remaneat,
795 2112 836 2146 ob
848 2112 1071 2156 probationum
1084 2112 1253 2153 defectum,

512 2166 710 2211 impunitum,
728 2177 800 2199 cum
825 2165 961 2199 difficilis
978 2165 1017 2198 sit
1032 2165 1253 2211 probationis),

512 2219 641 2254 testibus
654 2219 747 2252 etiam
757 2219 970 2262 singularibus
981 2219 1253 2262 concurrentibus,

512 2272 833 2316 praesumptionibus,
851 2271 974 2305 indiciis
991 2277 1021 2305 et
1037 2272 1106 2306 aliis
1122 2272 1254 2306 admini-

513 2327 601 2366 culis,
615 2326 763 2360 delictum
780 2326 948 2370 probatum
966 2336 1034 2360 esse
1049 2325 1182 2360 arbitrio
1197 2337 1255 2360 suo

515 2379 691 2420 iudicandi,
716 2385 746 2412 et
770 2379 878 2412 curiae
901 2379 1045 2420 seculari,
1063 2384 1098 2412 ut
1118 2380 1257 2423 praeser-

516 2438 574 2474 tur,
593 2443 683 2465 reum
704 2432 891 2465 tradendum
907 2442 975 2466 esse
990 2431 1229 2476 pronunciandi.

560 2489 575 2527 ,ξ
599 2486 627 2518 [i.
646 2486 713 2519 Non
730 2485 926 2520 obstantibus
942 2486 1100 2527 omnibus,
1116 2496 1198 2530 quae
1213 2486 1258 2520 di-

516 2544 582 2571 ctus
596 2539 820 2582 praedecessor
836 2540 869 2573 in
885 2539 950 2573 suis
962 2540 1076 2573 litteris
1088 2539 1257 2584 praedictis

518 2592 613 2625 voluit
630 2602 692 2625 non
717 2593 865 2634 obstare,
890 2593 1068 2638 ceterisque
1091 2593 1257 2628 contrariis

518 2645 778 2690 quibuscumque.

552 2708 565 2734 1
583 2707 702 2736 Eri-oneo
718 2708 783 2737 edit.
798 2708 878 2738 Μαίη.
891 2709 958 2745 legit
970 2710 1064 2745 officio
1078 2709 1119 2745 (ιι.
1135 2709 1184 2745 r.)-

1075 297 1255 322 nummum
1280 296 1435 322 nonum«

1314 345 1329 389 ἓ
1353 345 1382 378 7.
1407 343 1588 378 Mandantes
1617 342 1766 378 omnibus
1793 342 1991 377 consessariis
2004 370 2012 384 ‚
2085 354 2212 377 contemni

2028 381 2119 403 sci-nuc
2141 381 2170 403 ab
2189 387 2213 403 ι-

1270 450 1309 483 ab
1334 450 1404 484 aliis
1428 454 1463 483 ut
1481 459 1578 494 supra
1593 448 1788 491 sollicitatos,
1811 452 1959 484 moneant
1976 449 2015 482 de
2029 434 2094 485 i¹ii⁵f⁰
2114 434 2215 491 33¹2&

1271 503 1464 547 obligatione
1487 502 1697 537 denunciandi
1714 502 1926 544 sollicitantes,
1949 513 2016 543 seu,
2030 489 2112 536 tl’r‘ftl'}
2127 493 2155 536 ’ἃ
2177 493 2216 536 0⁸5:

1272 562 1305 590 ut
1325 557 1511 601 praefertur,
1530 555 1782 601 inquisitoribus,
1799 565 1855 589 seu
1873 555 2016 589 locorum
2031 541 2120 590 2323?
2136 542 2216 565 ΜΨ

1273 609 1447 644 Ordinariis
1459 609 1645 654 praedictis:
1662 608 1747 653 quod
1759 609 1786 642 si
1802 609 1864 642 hoc
1879 607 2018 642 officium

1274 663 1559 709 praetermiserint,
1576 663 1626 696 vel
1640 662 1838 708 poenitentes
1854 661 2020 696 docuerint

1274 727 1339 752 non
1363 717 1463 752 teneri
1487 716 1526 750 ad
1543 715 1800 750 denunciandum
1811 715 2020 749 confessarios

1276 770 1480 805 sollicitantes
1498 780 1554 804 seu
1570 774 1739 804 tractantes
1755 774 1790 803 ut
1805 779 1912 814 supra,
1925 768 2020 802 iidem

1275 824 1422 858 locorum
1441 822 1599 857 Ordinarii
1616 827 1647 856 et
1662 821 1866 867 inquisitores
1877 821 1948 856 illos
1961 831 2020 866 pro

1275 878 1371 912 modo
1395 878 1508 922 culpae
1531 876 1645 921 punire
1667 886 1731 910 non
1754 875 1925 919 negligant.

1320 932 1336 976 ἓ
1359 931 1390 966 8.
1414 931 1566 965 Volumus
1589 935 1695 964 autem
1706 956 1714 971 ,
1742 934 1776 963 ut
1806 929 2020 974 praesentium
2075 947 2221 974 mmmm„
2263 966 2265 969 .

1278 984 1493 1030 transumptis,
1517 984 1611 1019 etiam
1634 982 1816 1028 impressis,
1839 993 1936 1016 manu
1958 982 2018 1016 ali-
2036 974 2173 996 ⁶¹⁰⁰⁸¹¹⁶m

1277 1039 1367 1074 cuius
1389 1038 1504 1073 notarii
1523 1038 1642 1083 publici
1659 1037 1856 1082 subscriptis,
1873 1042 1904 1071 et
1918 1036 2022 1080 sigillo

1277 1092 1412 1126 alicuius
1424 1101 1579 1137 personae
1594 1091 1626 1124 in
1642 1090 1794 1135 dignitate
1810 1090 2023 1125 ecclesiastica

1279 1146 1469 1180 constitutae
1488 1144 1634 1185 munitis,
1658 1144 1769 1178 eadem
1789 1154 1922 1189 prorsus
1945 1143 2024 1177 fides

1278 1199 1310 1232 in
1333 1198 1450 1232 iudicio
1470 1203 1502 1232 et
1517 1202 1607 1231 extra
1626 1196 1744 1242 ubique
1760 1197 1924 1238 habeatur,
1944 1206 2024 1241 quae

1278 1251 1497 1297 praesentibus
1511 1251 1692 1292 haberetur,
1706 1250 1733 1284 si
1748 1250 1852 1285 forent
1867 1249 2024 1284 exhibitae

1278 1306 1326 1339 vel
1346 1310 1506 1345 ostensae,

1324 1359 1340 1404 ἓ
1352 1359 1382 1392 9.
1399 1358 1553 1403 Quodque
1563 1358 1691 1392 eaedem
1702 1361 1883 1402 praesentes
1891 1357 2025 1399 litterae,
2066 1374 2187 1396 pumma„
2203 1373 2225 1396 ᾗ,

1280 1424 1335 1446 seu
1347 1413 1474 1446 illarum
1487 1412 1641 1456 exempla,
1654 1411 1693 1445 ad
1707 1411 1811 1445 valvas
1823 1411 2026 1444 basilicarum
2040 1401 2098 1450 {³3⁰
2108 1406 2182 1423 ‘'m‘'
2194 1400 2225 1422 ⁸¹*

1280 1466 1310 1501 S.
1328 1466 1453 1500 Ioannis
1471 1466 1690 1499 Lateranensis
1714 1476 1751 1499 ac
1770 1464 1925 1509 Principis
1949 1475 2026 1509 apo-

1282 1521 1436 1554 stolorum
1456 1519 1495 1554 de
1510 1519 1594 1554 Urbe
1611 1524 1642 1553 et
1658 1519 1690 1553 in
1705 1519 1773 1553 acie
1789 1518 1897 1563 Campi
1915 1518 2028 1553 Florae

1282 1574 1410 1615 affixae,
1435 1584 1545 1608 omnes
1569 1573 1612 1607 ita
1635 1577 1739 1608 actent
1762 1577 1794 1606 et
1816 1572 1967 1614 afficiant,
1991 1582 2028 1606 ac

1284 1627 1309 1661 si
1319 1627 1490 1672 unicuique
1498 1627 1708 1672 personaliter
1717 1626 1877 1660 intimatae
1886 1625 2026 1659 fuissent.

1328 1681 1440 1714 Datum
1466 1681 1594 1721 Romae,
1619 1680 1702 1724 apud
1726 1679 1755 1713 S.
1777 1679 1907 1713 Mariam
1931 1679 2027 1713 Maio-

1284 1745 1364 1775 rem,
1377 1734 1436 1768 sub
1445 1734 1563 1768 annulo
1576 1733 1746 1768 Piscatoris
1758 1733 1810 1766 die
1825 1743 1891 1767 xxx
1904 1732 2028 1777 augusti

1285 1799 1429 1830 uncxxu,
1446 1788 1647 1833 pontificatus
1659 1788 1760 1822 nostri
1777 1797 1900 1821 annon.

1321 1843 1382 1870 Dat.
1399 1842 1443 1870 die
1458 1842 1494 1870 30
1507 1841 1617 1877 augusti
1633 1841 1711 1877 ¹622,
1726 1841 1822 1877 pontis.
1840 1849 1884 1868 an.
1901 1847 1932 1868 ιι.

1597 1958 1724 1993 LXXVI.

1286 2021 1462 2056 Indultum
1487 2022 1737 2066 Conqreyationi
1760 2022 1905 2064 fratrum
1923 2020 2031 2055 Iesua-

1333 2075 1441 2104 torum
1464 2071 1494 2104 S.
1523 2071 1738 2114 Hieronymi,
1768 2074 1806 2103 ut
1836 2080 1857 2103 a
1888 2069 2032 2103 locorum

1334 2120 1525 2155 Ordinariis
1541 2120 1715 2164 approbati
1731 2119 1868 2164 possint,
1885 2119 1922 2152 in
1931 2128 2031 2164 paro-

1332 2169 1496 2203 chialibus
1520 2169 1660 2203 ecclesiis
1692 2169 1863 2203 domorum
1893 2168 2028 2212 requla-

1332 2218 1423 2252 rium
1439 2219 1543 2262 ipsius
1558 2217 1827 2262 Conqreqationis
1844 2216 2031 2256 dumtaxat,

1330 2268 1611 2312 parochianorum
1627 2267 1838 2311 consessiones
1857 2265 1975 2300 audire
1986 2264 2007 2299 ¹.

1493 2334 1650 2370 Gregorius
1671 2334 1751 2369 rapa
1768 2323 1826 2366 iv,

1414 2377 1451 2402 ad
1470 2377 1647 2410 perpetuam
1665 2374 1710 2402 rei
1729 2373 1911 2403 memoriam.

1335 2432 1378 2466 Ex
1402 2432 1543 2466 iniuncto
1565 2431 1659 2466 nobis
1683 2431 1820 2476 desuper
1841 2430 2032 2474 apostolicae

1290 2486 1449 2520 servitutis
1472 2485 1588 2527 officio,
1607 2484 1860 2519 christifidelium
1873 2483 1932 2517 sub
1945 2484 2031 2517 suavi

2073 2439 2193 2461 Exordium.

1328 2577 1338 2603 t
1356 2575 1414 2604 Alia
1428 2575 1462 2603 de
1477 2575 1527 2603 hac
1541 2574 1754 2611 Congregatione
1764 2573 1825 2601 vide
1835 2573 1862 2601 in
1873 2573 1964 2602 const.
1978 2579 2033 2602 xxu

1290 2619 1396 2648 Martini
1407 2620 1438 2655 V,
1450 2619 1524 2648 Piae
1537 2619 1705 2654 postulatio,
1721 2622 1785 2645 tom.
1798 2624 1835 2651 iv,
1847 2626 1910 2654 pag.
1922 2619 1990 2652 7303
2005 2622 2034 2645 et

1289 2665 1382 2693 Const.
1399 2670 1472 2692 nvn
1491 2663 1569 2692 Pauli
1582 2664 1616 2699 V,
1630 2662 1784 2699 Reliqiosos
1798 2663 1892 2698 viros,
1910 2667 1977 2693 tom.
1991 2669 2030 2698 xi,

1290 2716 1350 2745 pag.
1362 2708 1425 2737 272.

2024 294 2076 322 Au.
2090 293 2120 322 c.
2139 293 2211 322 tm
2253 327 2255 330 ,
