2293 3231
148 291 186 317 An
211 291 238 316 (ἶ.
264 290 328 316 1614

178 1727 296 1748 Ctansutae.

980 285 1097 308 PAVLVS
1123 284 1140 306 V
1167 284 1213 306 PP.

346 335 480 369 cientia¹
506 334 711 367 com-ludendi
738 339 764 366 et
791 333 975 369 stabiliendi;
999 333 1085 376 ipsis-

345 400 404 432 que
421 387 728 421 administratoriluis
753 393 779 419 et
810 386 995 419 ollicialilms
1016 386 1084 417 lios-

345 442 440 485 pitale
461 441 705 474 niemlicantimii
730 440 934 483 praedictum,
956 439 1083 481 eiusque

345 496 436 535 bona,
450 495 597 531 actiones,
612 495 679 526 iura
694 499 719 525 et
739 493 877 526 redditus
893 493 921 524 in
938 491 1083 534 ampliori

345 554 372 581 et
388 548 537 582 strictiori
548 559 690 581 camerae
706 547 881 590 praedia-tae,
896 547 993 578 forma
1013 555 1083 576 rum

345 601 493 634 clausulis
504 601 692 644 opportunis
706 599 877 642 obligandi3
888 599 1005 631 eisdem
1020 609 1086 630 car-

344 655 500 687 dinalibus
525 654 701 697 deputatis,
730 653 852 697 quoties
878 663 956 695 opus
982 651 1084 689 suerit,

346 718 564 750 quaecumque
597 707 698 739 banna
723 711 750 739 et
783 705 880 738 edicta
908 703 1085 748 publicandi

345 766 373 792 et
399 760 552 803 publicari
569 767 709 797 (necnon
735 758 931 802 provisiones
948 763 976 789 et
1004 766 1086 788 man-

345 813 425 853 data,
447 824 526 856 quae
551 813 595 845 eis
620 813 650 845 in
675 811 855 856 praemissis
880 815 907 844 et
933 810 1015 842 circa
1050 820 1085 841 ea

346 867 522 899 necessaria
555 872 583 898 et
609 871 787 909 opportuna
812 865 1013 905 videbuntur)
1048 863 1086 894 sa-

347 919 462 957 ciendi,
482 920 620 962 plenam,
639 918 774 961 amplam
794 921 822 950 et
846 917 975 948 liberam
995 915 1086 947 sacul-

347 977 452 1011 tatem,
478 975 663 1015 potestatem
689 976 717 1002 et
743 970 1085 1008 auctoritatem,motu,

346 1026 475 1058 seientia
494 1030 523 1057 et
548 1024 709 1068 potestatis
735 1023 928 1066 plenitudine
949 1022 1085 1065 paribus,

346 1078 548 1111 concedimus
580 1083 606 1109 et
640 1077 853 1120 impartimur;
879 1086 913 1108 ac
943 1085 979 1107 ex
1005 1085 1086 1107 nune

347 1141 563 1174 quaecumque
588 1130 618 1162 in
644 1129 823 1172 praemissis
849 1133 878 1160 et
896 1128 1021 1160 illorum
1039 1138 1087 1159 oe-

347 1184 472 1216 easione
504 1194 560 1227 per
585 1183 761 1226 praedictos
793 1181 968 1214 cardinales
992 1182 1087 1224 depu-

347 1242 427 1270 tatos
443 1242 509 1269 aeta
535 1241 563 1269 et
590 1240 676 1279 gesta
701 1236 912 1279 approbamus
930 1240 955 1266 et
976 1234 1087 1267 confir-

347 1301 479 1331 mamus,
505 1301 677 1333 omnesque
702 1296 728 1321 et
757 1290 906 1331 singulos.
929 1294 991 1321 tani
1010 1289 1086 1321 iuris

346 1354 441 1387 quam
466 1343 546 1383 facti,
572 1349 601 1375 et
626 1343 752 1386 quosvis
777 1342 853 1375 alios
878 1342 970 1374 etiam
994 1352 1087 1384 quan-

347 1397 460 1431 tumvis
485 1397 703 1429 substantiales
720 1401 749 1428 et
766 1396 913 1428 formales
938 1395 1086 1434 desectus,

348 1451 372 1483 si
397 1451 450 1493 qui
476 1451 506 1482 in
531 1450 713 1493 praemissis
738 1449 976 1492 quomodolibet
993 1448 1087 1480 inter-

349 1504 501 1543 venerint,
521 1508 573 1535 aut
598 1503 801 1534 intervenisse
821 1501 881 1533 dici
900 1501 946 1533 vel
965 1501 1085 1533 eenseri

349 1557 479 1600 possint,
505 1556 626 1589 etiamsi
643 1556 681 1588 de
707 1556 760 1591 eis,
785 1555 823 1588 ad
848 1555 906 1587 boc
931 1560 961 1586 ut
984 1554 1086 1586 sanari

348 1611 477 1653 possint,
496 1609 638 1653 specialis
655 1614 683 1641 et
705 1619 851 1652 expressa
876 1613 903 1639 et
930 1607 1087 1639 individua

350 1663 466 1696 mentio
491 1662 633 1695 habenda
658 1663 747 1699 soret,
765 1662 957 1704 sultiplemus

393 1716 461 1759 §9—
494 1716 701 1749 Decernentes
733 1715 876 1747 similiter
908 1719 1087 1757 praesentes

350 1770 478 1810 litteras,
492 1773 522 1803 et
545 1770 575 1801 in
601 1770 645 1801 eis
663 1774 817 1808 contenta,
836 1779 870 1801 ac
888 1778 943 1811 per
960 1767 1087 1800 cosdem

350 1823 524 1856 cardinales
549 1823 714 1866 deputatos
739 1821 939 1865 exequutioni
965 1821 1089 1853 deman-

350 1877 450 1909 danda
475 1886 710 1919 quaecumque,
739 1876 824 1908 nullo
849 1885 987 1918 unquam
1017 1880 1089 1906 tem-

350 1940 427 1972 pore
450 1929 488 1961 de
513 1928 723 1972 subreptionis
748 1929 794 1961 vel
820 1927 1012 1970 obreptionis
1037 1932 1087 1958 aut

350 1982 499 2015 nullitatis
513 1982 597 2022 vitio,
611 1992 664 2014 seu
679 1981 858 2014 intentionis
871 1985 1006 2019 nostrae,
1017 1990 1090 2023 qua-

351 2036 396 2068 vis
420 2035 551 2075 ratione,
580 2037 692 2075 causa,
718 2035 764 2067 vel
788 2039 970 2078 praetextu,
995 2033 1088 2066 etiam

352 2089 383 2121 in
399 2099 533 2132 corpore
555 2089 632 2121 iuris
649 2089 764 2126 clauso,
781 2088 874 2120 etiam
892 2098 927 2119 ex
941 2098 987 2127 eo,
1005 2086 1090 2130 quod

353 2147 545 2175 mercatores
569 2147 599 2174 et
622 2141 828 2184 negotiantes,
848 2151 882 2173 ac
912 2140 1089 2178 domorum,

353 2195 470 2228 situum
494 2200 523 2228 et
548 2195 691 2227 locorum
716 2193 849 2233 domini,
875 2203 930 2225 seu
956 2192 1089 2235 patroni,

353 2253 405 2280 aut
422 2248 473 2280 alii
490 2248 682 2292 quicumque
698 2247 727 2279 in
745 2245 924 2289 praemissis
941 2245 1090 2282 interesse

352 2301 504 2333 habentes
535 2301 582 2333 vel
614 2300 729 2332 habere
766 2299 1024 2342 praetendentes,
1052 2298 1090 2330 ad

352 2355 524 2398 praemissa
541 2354 652 2394 vocati,
673 2353 768 2391 citati,
786 2358 817 2385 et
831 2353 927 2385 auditi
945 2362 1006 2384 non
1024 2352 1091 2384 fue-

352 2408 424 2448 rint,
448 2418 505 2440 nee
529 2407 713 2451 praemissis
730 2406 956 2444 consenserint,
977 2405 1089 2444 notari,

352 2460 542 2504 impugnari,
563 2460 736 2497 invalidari,
755 2470 808 2492 seu
826 2459 989 2492 retractari
1009 2456 1091 2490 non³

352 2523 463 2556 posse,
489 2513 541 2546 sed
574 2524 609 2545 ea
637 2513 741 2546 onmia
767 2517 793 2544 et
820 2512 942 2554 singula
967 2521 1091 2554 semper

353 2572 383 2599 et
406 2571 559 2610 perpetuo
583 2566 693 2602 valida,
711 2567 803 2598 lirina
824 2570 853 2597 et
870 2564 1007 2597 efficacia
1026 2564 1090 2595 sore

391 2641 398 2664 1
424 2637 452 2664 ln
472 2637 534 2664 edit.
556 2636 634 2664 Maia.
663 2637 762 2672 legitur
781 2636 931 2671 respicien.
952 2637 989 2669 (n.
1006 2636 1054 2667 T.).

387 2682 404 2708 ἰ)
423 2681 548 2717 Negativa
568 2691 625 2709 non
645 2681 777 2709 redundat
796 2688 832 2707 ⁴n.
849 2681 895 2707 Τ.)-

1107 2663 1110 2689 t

1107 2691 1109 2707 1

1761 268 1818 300 ’261

1118 336 1145 363 et
1171 342 1248 365 esse.
1274 340 1408 372 suosque
1427 328 1583 371 plenarios
1608 332 1635 358 et
1663 327 1800 367 integros
1818 325 1857 355 ef-

1119 385 1215 416 fectus
1229 383 1335 415 sortiri
1353 388 1381 414 et
1399 382 1556 416 obtinere:
1572 381 1676 422 sicque
1695 390 1750 422 per
1766 389 1857 422 quos·

1118 447 1252 479 eumque
1278 436 1394 467 imlices
1420 434 1606 471 ordinarios,
1631 437 1659 464 et
1686 432 1856 474 delegatos,

1118 491 1210 522 etiam
1236 501 1400 521 causarum
1428 488 1531 531 palatii
1553 486 1715 530 apostolici
1742 485 1858 517 audito-

1119 554 1168 574 res
1195 543 1329 578 (sublata
1347 543 1390 574 eis
1415 546 1442 574 et
1468 552 1578 574 eorum
1604 539 1731 572 cuilibet
1748 537 1857 581 quavis

1118 596 1209 627 aliter
1229 587 1389 627 iudicandi
1415 600 1442 626 et
1470 593 1693 636 interpretandi
1713 591 1856 624 facultate

1119 654 1145 680 et
1173 648 1370 689 auctoritate)
1397 648 1526 679 iudicari
1544 652 1573 678 et
1590 645 1713 678 deliniri
1731 645 1857 683 debere,

1119 712 1153 734 ac
1180 702 1301 733 irritum
1328 705 1357 734 et
1384 701 1472 733 inane
1493 699 1641 743 quicquid
1658 710 1748 731 secus
1764 708 1858 740 super

1121 755 1168 787 bis
1186 766 1201 786 a
1227 765 1398 797 quoquam,
1415 754 1523 797 quavis
1547 753 1743 791 auctoritate,
1762 751 1858 783 scien-

1121 812 1166 841 ter
1184 808 1229 839 vel
1249 808 1438 850 ignoranter,
1458 807 1622 849 eontigerit
1647 805 1800 838 attentari.

1165 862 1179 903 ξ
1209 861 1254 893 lo.
1282 861 1348 893 Non
1367 860 1563 893 obstantibus
1580 859 1753 891 defectibus
1771 867 1858 901 prae-

1120 914 1220 951 dietis,
1235 913 1365 956 aliisque
1380 913 1571 956 praemissis,
1589 924 1622 943 ac
1641 912 1749 956 quavis
1766 911 1859 942 dona-

1121 967 1215 1006 tione,
1242 966 1448 1009 applicatione
1473 972 1498 996 et
1527 965 1726 997 concessione
1740 965 1858 1007 plateae

1120 1020 1233 1053 veteris
1259 1021 1398 1063 Ripettae
1418 1019 1603 1062 praedictae,
1623 1018 1767 1060 illiusque
1794 1017 1859 1049 red-

1120 1073 1240 1105 dituum
1259 1078 1288 1104 et
1306 1073 1590 1105 emolumentorum
1616 1070 1726 1114 quovis
1755 1070 1858 1109 niodo,

1120 1127 1213 1159 etiam
1240 1127 1269 1158 in
1295 1127 1432 1158 savorem
1458 1125 1594 1157 cuiusvis
1620 1134 1782 1167 personae,
1805 1133 1860 1155 seu

1120 1180 1212 1212 etiam
1247 1180 1451 1212 ecclesiarum
1477 1184 1503 1210 et
1531 1180 1674 1211 locorum
1711 1178 1859 1221 piorum,

1120 1234 1212 1267 etiam
1239 1234 1327 1266 titulo
1352 1243 1504 1271 oneroso,
1523 1238 1549 1264 et
1577 1232 1634 1263 sub
1660 1231 1860 1274 quibuscum-

1121 1299 1181 1332 que
1206 1287 1374 1320 verborum
1401 1286 1519 1325 formis,
1538 1296 1573 1317 ac
1599 1296 1669 1317 cum
1696 1284 1860 1327 quibusvis

1120 1340 1253 1374 decretis
1266 1345 1293 1372 et
1308 1339 1466 1380 clausulis,
1481 1339 1573 1371 etiam
1588 1337 1860 1379 derogatoriarum

1121 1393 1338 1436 derogatoriis,
1356 1402 1476 1424 necnon
1500 1390 1690 1434 quibuslibet
1712 1390 1780 1422 aliis
1801 1390 1862 1433 pri-

1121 1447 1252 1489 vilegiis,
1279 1446 1406 1478 indultis
1426 1451 1452 1477 et
1476 1444 1732 1477 concessionum
1749 1448 1777 1475 et
1796 1454 1863 1485 gra-

1120 1501 1180 1537 tiis,
1206 1500 1298 1532 etiam
1324 1498 1445 1530 dilectis
1470 1497 1541 1529 tiliis
1566 1497 1682 1540 populo
1709 1497 1859 1533 Romano,

1121 1558 1151 1584 ut
1167 1563 1272 1595 supra,
1289 1550 1524 1594 quomodolibet
1544 1550 1640 1589 sactis,
1658 1559 1778 1581 necnon
1796 1549 1863 1591 qui-

1122 1606 1316 1647 buscumque
1330 1603 1592 1639 fideicommissis,
1605 1602 1862 1638 institutionibus,

1121 1658 1282 1695 codicillis,
1311 1656 1578 1701 dispositionibus,
1605 1655 1860 1697 obligationibus,

1121 1718 1150 1745 et
1175 1711 1368 1756 hypothecis,
1386 1711 1479 1742 etiam
1493 1709 1683 1751 obligatione
1701 1708 1861 1747 camerali,

1122 1766 1169 1797 vel
1194 1765 1269 1797 alias
1294 1764 1545 1807 (pioniodolibet,
1563 1773 1657 1805 super
1674 1762 1793 1793 eisdem
1810 1761 1862 1793 dc-

1122 1818 1236 1853 mibus,
1254 1818 1365 1850 sitibus
1389 1821 1416 1849 et
1444 1817 1529 1855 locis,
1547 1815 1634 1847 saetis
1651 1819 1680 1846 et
1698 1814 1861 1857 appositis,

1123 1883 1157 1904 ae
1182 1872 1275 1903 etiam
1302 1871 1410 1913 regula
1434 1873 1542 1902 nostra
1566 1868 1602 1900 de
1630 1869 1696 1900 iure
1721 1867 1862 1910 quaesito

1124 1935 1185 1957 non
1210 1924 1370 1963 tollendo,
1396 1928 1422 1955 et
1450 1922 1559 1966 quavis
1585 1921 1646 1953 litis
1672 1920 1862 1963 pendentia,

1123 1989 1158 2010 ae
1185 1978 1257 2010 vitio
1283 1977 1409 2019 litigiosi
1433 1981 1542 2008 contra
1559 1974 1806 2011 constitutiones,
1829 1984 1862 2004 ar

1123 2030 1250 2064 litteris¹
1269 2029 1452 2062 recolendae
1479 2027 1649 2060 memoriae
1675 2026 1863 2070 Symmachi,

1124 2084 1210 2116 Pauli
1235 2084 1271 2123 ΙΙ,
1289 2083 1486 2125 aliorumque
1503 2083 1716 2114 Romanorum
1740 2079 1865 2111 Pontifi-

1124 2147 1195 2169 cum
1210 2136 1490 2179 praedecessorum]
1510 2137 1701 2169 nostrorum,
1715 2132 1751 2164 de
1768 2132 1863 2164 rebus

1124 2190 1273 2222 ecclesiae
1296 2194 1323 2221 et
1343 2199 1487 2221 camerae
1512 2197 1574 2219 non
1596 2185 1778 2223 alienandis,
1795 2195 1865 2216 nec-

1123 2254 1186 2276 non
1211 2242 1434 2275 eonstitutione
1451 2240 1596 2283 Gregorii
1613 2237 1864 2283 praedecessoris

1123 2295 1294 2339 praedicta,
1308 2305 1342 2326 ae
1355 2294 1466 2327 similis
1480 2292 1649 2325 memoriae
1664 2291 1707 2323 Pii
1720 2291 1766 2326 lv.
1781 2289 1864 2321 simi-

1124 2350 1195 2382 liter
1207 2347 1460 2392 praedecessoris
1481 2345 1590 2385 nostri,
1608 2345 1645 2376 de
1664 2343 1773 2386 gratiis
1790 2343 1864 2375 inte-

1124 2413 1207 2435 resse
1233 2411 1376 2434 camerae
1402 2398 1662 2432 concernentibus
1691 2397 1721 2428 in
1753 2396 1864 2428 eadem

1124 2457 1247 2488 camera
1278 2452 1507 2496 registrandis,
1536 2462 1571 2483 ae
1602 2449 1765 2493 quibusvis
1795 2449 1863 2481 aliis

1125 2506 1398 2541 constitutionibus
1431 2510 1460 2536 et
1492 2503 1742 2536 ordinationibus
1771 2512 1864 2545 apos-

1125 2561 1243 2599 tolicis,
1269 2571 1303 2592 ac
1329 2559 1472 2601 legibus,
1499 2563 1560 2590 tam
1586 2556 1745 2589 canonicis
1770 2566 1864 2599 quam

1162 2634 1171 2659 1
1195 2631 1264 2658 Editv
1288 2629 1366 2657 Maia.
1393 2629 1473 2656 babet
1501 2629 1628 2661 lilteras,
1649 2637 1697 2655 nos
1721 2627 1863 2663 legendum

1125 2680 1249 2711 putamus
1271 2675 1375 2702 litteris
1394 2675 1434 2708 (n.
1452 2678 1498 2707 'r.).

1878 276 1962 301 tn.[L
1989 276 2053 302 1614

1922 869 2057 889 Obstantium

1873 896 1990 921 derogatio,
