2293 3231
1 221 13 325 rvr-c-
2 206 7 218 -

168 296 257 325 An-C.
280 296 347 324 16¹4

239 778 352 809 Durogatio

171 809 331 826 matranorum.

1006 288 1122 311 ritimis

366 347 449 374 tuam
474 345 526 373 aut
552 340 621 372 illos
645 339 780 382 desuper
805 349 820 369 a
845 347 1002 381 quoquam
1031 346 1104 378 quo-

366 393 537 427 niodolibet
567 391 702 424 indebitt¹
733 390 914 428 inolestari3
941 387 1100 421 contradi-

365 452 468 480 ctores
493 444 649 488 quoslibet
674 448 700 475 et
729 443 860 475 rebelles
886 453 940 485 per
958 431 1123 478 censurasi

365 505 395 533 et
408 509 524 543 poenas
539 496 774 534 ecclesiasticas,
792 495 913 537 aliaque
928 498 1105 536 opportuna

366 552 443 585 iuris
468 556 497 584 et
522 550 593 583 facti
619 548 767 584 remedia,
792 546 1000 590 appellatione
1024 549 1124 588 post-⁴

365 605 486 649 posita,
512 601 754 646 compescendo,
780 600 924 632 Invocato
949 598 1042 631 etiam
1068 597 1125 628 ad?

367 659 436 698 hoc,
462 657 486 690 si
511 667 589 700 opus
609 655 712 691 suerit,
738 653 852 686 auxilio
876 651 996 684 brachii
1023 661 1107 683 secu-

367 711 450 744 laris.

413 764 427 806 5
445 762 496 796 13.
511 763 579 796 Non
596 759 792 793 obstantibus
809 757 906 791 felicis
920 755 1109 789 recordatio-

369 817 417 850 nis
442 816 590 850 Bonifacii
621 815 720 858 Papae
745 813 827 852 vlu,
858 809 1109 855 praedecessoris

369 869 479 910 nostri,
504 879 565 912 qua
591 872 726 907 cavetur,
751 876 789 898 ne
814 864 884 908 quis
910 866 997 896 extra
1022 871 1108 894 suam

371 922 527 956 civitatem
549 921 596 953 vel
613 918 792 958 dioecesim,
808 917 866 949 nisi
881 917 912 948 in
929 914 1022 948 certis
1040 925 1110 947 cau-

371 975 413 1008 sis
438 973 576 1018 exceptis
595 972 730 1012 casibus
748 975 775 1003 et
794 970 824 1002 in
842 969 902 1001 illis
918 968 1000 1001 ultra
1016 976 1109 999 unam

371 1027 488 1060 dietam
512 1037 530 1059 a
553 1026 615 1058 fine
641 1034 714 1057 suae
734 1021 886 1056 dioecesis
905 1020 943 1053 ad
960 1019 1128 1053 iudicium

371 1086 529 1120 evocetur,
555 1084 585 1112 et,
609 1079 646 1111 de
671 1077 792 1110 duabus
817 1075 908 1108 dietis
926 1074 958 1106 in
978 1072 1111 1107 coneilio

371 1132 510 1177 generali
527 1130 620 1166 edita¹
638 1128 822 1174 (dummodo
839 1128 921 1161 ultra
936 1132 999 1159 tres
1014 1125 1112 1159 dietas

371 1185 483 1230 aliquis
506 1184 691 1219 auctoritate
720 1180 932 1226 praesentium
962 1179 1000 1212 ad
1032 1178 1112 1211 iudi-

371 1240 455 1273 cium
479 1249 541 1272 non
565 1237 740 1279 trahatur),
765 1246 800 1268 ac
824 1234 892 1266 aliis
916 1231 1111 1266 constitutio-

371 1294 463 1327 nibus
492 1298 522 1326 et
551 1289 801 1325 ordinationibus
830 1286 1030 1332 apostolicis,
1055 1296 1111 1318 nec

372 1359 434 1382 non
458 1346 621 1391 quibusvis
637 1344 756 1378 statutis
781 1347 811 1375 et
834 1339 1112 1374 consuetudinibus

373 1402 480 1446 (etiam
501 1401 695 1439 iuramento,
720 1395 960 1430 confirmatione
991 1398 1130 1437 aposto-,z

373 1454 442 1496 lica,
456 1455 503 1488 vel
517 1453 625 1498 quavis
638 1452 785 1485 firmitate
797 1450 857 1483 alia
871 1448 1039 1490 roboratis)
1052 1446 1113 1490 pri-

374 1508 496 1551 vilegiis
512 1516 647 1550 quoque,
665 1503 792 1537 indultis
813 1508 841 1535 ct
858 1501 969 1534 litteris
986 1504 1111 1543 aposto-

363 1562 452 1602 licis,
466 1571 522 1605 per
537 1567 753 1603 quoscumque
774 1558 930 1589 Romanos
946 1552 1113 1587 Pontifices
1128 1544 1130 1565 ‘¹

375 1615 467 1648 etiam
497 1612 754 1657 praedecessores
778 1614 920 1648 nostros,
945 1618 979 1639 ac
1004 1616 1060 1639 nos
1084 1611 1114 1638 et

375 1669 490 1702 dictam
514 1667 635 1706 Sedeni,
660 1665 752 1698 etiarn
778 1673 834 1706 per
858 1662 938 1694 viani
960 1660 1131 1703 generalis,

376 1722 471 1765 Iegis,
496 1732 531 1753 ac
553 1719 658 1752 statuti
683 1716 845 1761 perpetui,
871 1726 905 1748 ac
931 1718 1017 1748 motu
1042 1725 1114 1757 pro-

376 1775 458 1820 prio,
484 1780 513 1807 et
537 1784 573 1806 ex
599 1774 684 1805 certa
710 1769 850 1809 scientia,
875 1768 975 1811 deque
993 1758 1133 1811 aposto-⁴}

377 1828 455 1861 licae
469 1825 631 1871 potestatis
643 1822 845 1868 plenitudine,
856 1822 948 1854 etiarn
963 1832 1034 1854 cum
1052 1820 1116 1863 qui-
1132 1815 1133 1847 ἒ

378 1881 484 1915 busvis
497 1878 702 1917 irritantibus,
719 1875 927 1915 annullativis‚
948 1873 1115 1913 cassativis,
1132 1858 1134 1909 i

378 1932 573 1972 revocativis,
588 1929 838 1975 praeservativis‚
856 1927 1034 1971 exceptivis,
1052 1937 1116 1959 res-
1133 1920 1134 1956 ἲ

379 1986 518 2026 titutivis,
544 1983 758 2023 declarativis,
784 1981 896 2015 mentis
921 1977 1135 2023 attestativis‚s

380 2050 415 2072 ac
439 2037 710 2081 derogatoriarum
736 2035 962 2078 derogatoriis‚
987 2032 1135 2076 aliisque³

381 2090 610 2125 efficacioribus
634 2094 660 2122 et
688 2088 819 2121 insolitis
850 2086 1014 2126 clausulis,
1040 2079 1136 2129 quo-3

381 2144 554 2178 modolibet
571 2143 664 2176 etiam
682 2141 799 2185 pluries
817 2141 983 2179 concessis,
1004 2139 1118 2172 confir·
1135 2147 1136 2151 ¹

382 2199 473 2232 matis
486 2203 515 2231 et
528 2196 691 2230 innovatis.
701 2195 818 2234 Quibus
832 2193 977 2227 omnibus
986 2193 1119 2235 (etiamsi

382 2262 441 2296 pro
461 2250 588 2283 illorum
606 2247 771 2281 sufficienti
788 2246 991 2289 derogatione
1006 2245 1044 2278 de
1061 2245 1121 2277 illis
1137 2270 1139 2284 Ι

383 2314 557 2347 eorumque
580 2302 654 2335 totis
678 2300 840 2333 tenoribus
865 2298 1007 2342 specialis
1031 2303 1060 2330 et
1081 2298 1140 2347 in?⁴

384 2357 519 2397 dividua,
544 2367 579 2389 ac
604 2356 641 2388 de
667 2354 763 2387 verbo
779 2353 817 2386 ad
835 2352 976 2392 verbum,
996 2362 1057 2384 non
1071 2362 1123 2383 au·
1139 2349 1140 2368 ³

384 2414 448 2443 tem
471 2419 528 2452 per
553 2407 708 2441 clausulas
729 2405 890 2448 generales
904 2404 986 2436 idem
1004 2397 1140 2446 immor—¹

384 2468 493 2502 tames,
509 2461 627 2494 mentio
653 2470 708 2493 seu
731 2458 858 2503 quaeris
883 2457 942 2489 alia
966 2456 1143 2500 expressim

1151 288 1166 309 v
1192 287 1237 309 rr.

1139 334 1224 365 niuin
1242 337 1267 364 et
1291 331 1485 374 singularum
1504 329 1677 361 litterarum
1704 325 1876 369 praedicta-

1140 398 1208 419 rum
1234 391 1358 418 tenores
1376 382 1594 428 praesentibus
1612 392 1668 425 pro
1687 379 1877 411 sufficienter

1139 438 1295 482 expressis
1320 449 1354 470 ac
1381 437 1417 468 ad
1444 436 1573 468 verbum
1591 433 1725 472 insertis,
1743 442 1800 464 nec
1816 441 1878 464 non

1141 492 1249 524 modos
1275 497 1299 523 et
1324 492 1439 523 formas
1457 489 1494 521 ad
1521 488 1549 520 id
1575 485 1741 519 servandas
1759 495 1818 528 pro
1836 484 1880 516 in-

1140 544 1266 576 dividuo
1292 543 1422 575 servatis
1445 542 1606 579 habentes,
1626 540 1683 571 hac
1707 538 1772 570 vice
1793 537 1880 569 dunl-

1141 602 1233 637 taxat,
1260 597 1319 629 illis
1344 595 1434 628 alias¹
1462 595 1490 627 in
1516 606 1572 627 suo
1594 593 1709 626 robore
1734 600 1879 634 perman-

1142 649 1234 689 suris,
1260 650 1371 681 haruin
1390 648 1469 680 serie
1490 646 1667 690 specialiter
1687 648 1716 677 et
1733 652 1879 686 expresse

1142 702 1341 744 derogamus,
1366 700 1539 743 ceterisque
1561 697 1726 731 contrariis
1750 695 1880 739 quibus-

1142 765 1286 797 cumque.

1187 808 1201 850 ξ
1226 806 1276 839 Μ.
1304 806 1453 839 Volumus
1475 808 1597 843 autem,
1622 802 1706 847 quod
1733 809 1880 845 praesen-

1142 860 1220 893 tium
1243 860 1417 893 litterarum
1442 856 1658 900 transumptis,
1675 865 1769 888 manu
1789 853 1882 886 alicu-

1144 913 1192 946 ius
1216 912 1329 946 notarii
1362 910 1479 955 publici
1512 907 1696 952 subscriptis
1726 911 1755 939 et
1779 905 1882 948 sigillo

1144 966 1276 999 alicuius
1294 974 1446 1008 personae
1465 963 1495 995 in
1508 961 1656 1005 dignitate
1675 958 1883 993 ecclesiastica

1145 1018 1330 1052 constitutae
1356 1016 1493 1055 munitis,
1519 1014 1627 1047 eadem
1651 1022 1784 1057 prorsus
1807 1010 1884 1043 sides

1145 1071 1331 1104 adhibeatur
1347 1069 1464 1113 ubique
1480 1068 1511 1101 in
1526 1066 1640 1100 iudicio
1654 1071 1683 1098 et
1697 1069 1783 1098 extra
1797 1062 1883 1103 illud,

1146 1134 1226 1168 quae
1251 1121 1469 1167 praesentibus
1493 1120 1706 1159 adhiberetur,
1731 1117 1755 1150 si
1780 1116 1884 1150 forent

1146 1176 1304 1210 exhibitae
1328 1175 1376 1208 vel
1401 1179 1553 1207 ostensae.

1190 1230 1302 1262 Datum
1326 1229 1443 1261 Romae
1461 1226 1542 1270 apud
1560 1225 1589 1259 S.
1610 1225 1747 1263 Petrum,
1764 1222 1821 1255 sub
1836 1231 1886 1254 an-

1146 1284 1220 1316 nulo
1237 1281 1415 1317 piscatoris,
1437 1280 1486 1312 die
1503 1289 1570 1312 xvn
1590 1277 1739 1311 februarii
1756 1284 1884 1314 nncxw,

1147 1338 1346 1383 pontificatus
1371 1334 1470 1368 nostri
1495 1343 1575 1366 anno
1600 1342 1641 1365 ix.

1183 1402 1240 1429 Dat.
1260 1401 1302 1428 die
1322 1400 1349 1426 17
1370 1397 1499 1426 februarii
1518 1396 1595 1430 1⁶14,
1612 1393 1706 1431 pontif.
1726 1401 1768 1421 an.
1786 1398 1822 1419 lx.

1459 1547 1578 1582 CCXIV.

1150 1624 1359 1667 Confirmatio
1372 1620 1559 1655 concordiae
1583 1629 1635 1651 seu
1659 1615 1887 1650 transactionis

1195 1679 1278 1711 inter
1302 1675 1528 1709 universitates
1554 1676 1716 1705 terrarum
1741 1669 1889 1703 Citernae

1194 1736 1221 1764 et
1245 1728 1447 1765 Monterchi,
1483 1726 1594 1759 Status
1620 1721 1836 1757 Ecclesiasticz'
1860 1725 1889 1754 et

1196 1784 1309 1827 mayni
1325 1782 1416 1814 (lucis
1440 1778 1617 1813 Hem-uriae
1632 1775 1812 1819 respective,
1830 1784 1889 1817 pro

1195 1835 1388 1880 reparandis
1397 1831 1621 1866 alluvionibus
1631 1828 1809 1871 fluminum
1822 1827 1890 1861 Cer-

1194 1890 1279 1933 fonis
1303 1893 1331 1921 et
1356 1885 1546 1923 Rz'vianelli,
1574 1881 1709 1916 initae'.

1388 1956 1499 1983 Paulus
1520 1954 1598 1987 Papa
1617 1953 1649 1985 V,

1276 2013 1311 2038 ad
1331 2012 1507 2044 perpetuam
1525 2005 1569 2032 rei
1590 2005 1771 2033 memoriam.

1198 2083 1239 2116 Ex
1265 2082 1405 2114 iniuncto
1430 2079 1519 2112 nobis
1545 2079 1679 2121 desuper
1703 2075 1891 2120 apostolicae

1154 2135 1310 2170 servitutis
1327 2134 1440 2173 officio,
1457 2130 1708 2165 christifidelium
1733 2139 1889 2173 quorum-

1154 2189 1239 2228 libet,
1264 2186 1449 2232 praesertim
1478 2184 1674 2217 subditorum
1700 2187 1892 2221 nostrorum,

1155 2253 1190 2275 ac
1214 2240 1512 2274 circumvicinorum
1531 2238 1721 2281 populorum
1738 2235 1835 2279 quieti
1851 2235 1895 2267 in-

1156 2295 1327 2334 tendentes,
1353 2294 1415 2333 illa,
1440 2302 1519 2335 quae
1545 2301 1602 2335 pro
1627 2290 1728 2322 litium
1753 2294 1782 2321 et
1805 2287 1894 2320 diffe-

1157 2348 1329 2382 rentiarum
1355 2347 1434 2379 inter
1462 2345 1546 2388 ipsos
1571 2342 1768 2376 semovendis
1791 2341 1895 2374 anfra-

1157 2403 1260 2436 ctibus
1284 2399 1482 2434 concorditer
1508 2399 1586 2431 sacta
1611 2397 1705 2429 fuisse
1729 2395 1894 2433 dicuntur,

1158 2466 1196 2488 ne
1221 2456 1251 2487 in
1269 2453 1430 2487 iecidivae
1460 2450 1667 2484 contentionis
1690 2449 1800 2482 vitium
1826 2459 1895 2481 suc-

385 2514 529 2549 habenda
553 2518 603 2547 aut
630 2512 782 2556 exquisita
802 2512 902 2543 fornia
919 2509 1069 2543 servanda
1084 2509 1126 2542 so·
1159 2520 1248 2542 cessu
1268 2507 1418 2551 temporis
1429 2505 1644 2549 prolabantur,
1658 2503 1711 2536 sed
1726 2503 1817 2536 firma
1829 2513 1897 2546 per—

386 2573 443 2610 ret,
467 2573 498 2601 et
514 2568 545 2600 in
562 2567 606 2600 eis
623 2571 769 2600 caveatur
786 2576 943 2609 expresse,
965 2564 1047 2608 quod
1066 2564 1126 2597 illis
1159 2567 1251 2607 petuo
1277 2566 1303 2593 et
1325 2560 1442 2592 illibata
1465 2563 1688 2602 permaneant,
1708 2556 1897 2601 apostolicae

386 2621 562 2655 nullatenus
574 2619 720 2662 derogari
736 2618 857 2662 possit),
874 2618 999 2650 illorum
1014 2627 1048 2649 ac
1062 2628 1126 2650 orn-

425 2685 436 2711 1
453 2682 548 2719 Aptius
562 2682 675 2718 tegimus
690 2681 766 2709 edita
783 2688 862 2716 quam
878 2680 962 2708 editis
978 2680 1016 2715 (a.
1034 2680 1083 2713 τ.).

472 2736 550 2764 Ball.
570 2735 653 2764 Rom.
670 2750 703 2756 -—
722 2735 780 2763 Vol.
801 2733 866 2762 XII.
1010 2731 1044 2759 32

1197 2635 1206 2660 t
1231 2632 1328 2659 Vocem
1348 2630 1420 2658 altas
1436 2630 1469 2657 de
1487 2637 1561 2656 more
1577 2636 1626 2655 nos
1648 2626 1771 2655 addimus
1790 2628 1829 2662 (R.
1845 2629 1894 2662 τ.)-

1194 2679 1209 2706 2
1227 2676 1262 2705 Ex
1280 2676 1386 2712 aegest.
1404 2675 1431 2702 in
1445 2674 1546 2703 Sici-et.
1565 2672 1700 2702 Brevium.

1780 269 1843 302 249
1890 278 1937 302 An.
1955 277 1982 302 «ζ.
2008 277 2073 302 1614

1936 810 2081 836 ‘transumptis

1896 838 1966 859 danda
1975 837 2033 858 fidos.

1934 2090 2054 2111 Exordium.
