2293 3231
240 301 292 327 An.
308 301 337 327 e.
361 300 427 327 «σεε
474 290 537 325 426

739 344 883 380 GCCvtlt.

440 418 613 452 [adultum
631 416 788 460 fratribus
807 415 942 450 Ordinis
954 413 1177 449 Eremilarum

484 470 589 503 sancti
602 469 782 513 Auqustini
795 468 889 512 regni
903 468 1082 509 Valentiae,
1095 473 1180 502 εἰει»

482 523 590 566 pitulo
603 520 803 555 cathedralis
813 520 962 554 ecclesiae
976 521 1179 562 valentinae,

485 574 698 608 venerabilem
714 574 869 608 Thomam
878 585 897 607 a
910 573 1092 615 Villanova,
1102 573 1182 608 olim

484 627 625 661 eiusdem
647 626 794 661 ecclesiae
810 626 1099 672 archiepiscopum,
1122 638 1181 672 ap-

483 680 633 725 pellandi
654 680 804 721 Beatum,
828 679 1035 724 officiumque
1051 691 1088 713 ac
1106 681 1182 713 mis-

486 744 552 766 sam
574 732 758 767 celebrandi
778 733 831 767 die
844 743 921 766 xvin
938 732 1150 777 septembris¹.

680 814 789 840 Paulus
811 813 890 848 Papa
910 813 948 847 v,

566 868 603 894 nd
623 870 799 901 perpetuam
818 866 864 894 rei
879 867 1059 894 memoriam.

272 947 413 968 Prooemium.

488 940 520 972 ln
551 939 629 973 Sede
661 938 815 982 Principis
844 939 1062 983 apostolorum
1092 939 1185 972 nullis

445 994 516 1027 licet
540 992 655 1026 nostris
681 991 926 1035 suffragantibus
943 991 1063 1025 meritis
1088 1003 1105 1025 a
1129 991 1187 1026 Do-

446 1047 532 1080 mino
545 1046 717 1086 constituti,
731 1045 792 1090 piis
808 1045 948 1078 fidelium
966 1045 1056 1086 votis,
1072 1045 1187 1090 quibus

446 1101 595 1133 virtutum
621 1099 771 1133 Dominus
795 1099 826 1132 in
850 1099 948 1132 servis
973 1099 1037 1132 suis
1061 1099 1187 1133 honori-

447 1154 569 1193 ficatur,
594 1152 729 1185 libenter
754 1151 931 1194 annuimus,
957 1162 1054 1196 eaque
1079 1152 1188 1186 favori-

447 1207 506 1241 bus
522 1206 745 1251 prosequimur
762 1206 958 1250 opportunis.

493 1261 508 1304 5
532 1261 560 1293 1.
586 1260 666 1294 Sane
690 1269 748 1303 pro
772 1264 860 1303 parte
889 1259 1077 1292 dilectorum
1102 1259 1185 1293 filio-

450 1325 520 1347 rum
538 1313 653 1358 prioris
677 1312 833 1356 generalis
851 1316 881 1345 et
900 1312 1034 1346 aliorum
1053 1312 1191 1356 superio·

450 1377 520 1400 rum
535 1377 591 1399 nec
615 1376 678 1399 non
696 1365 828 1399 fratrum
842 1365 966 1399 Ordinis
980 1365 1190 1399 Eremitarum

451 1420 548 1453 sancti
574 1418 740 1463 Augustini
767 1419 857 1452 nobis
886 1428 989 1463 nuper
1013 1420 1190 1463 expositum

452 1473 529 1513 suit,
555 1472 638 1516 quod
671 1473 772 1505 bonae
803 1472 975 1506 memoriae
1009 1472 1146 1505 Thomas
1176 1484 1191 1505 a

453 1527 630 1566 Villanova,
655 1526 794 1559 eiusdem
820 1525 965 1566 Ordinis,
991 1525 1066 1559 dum
1097 1526 1192 1567 vixit,

276 1279 384 1305 Philippus
398 1284 432 1298 rex

250 1310 379 1331 regnumque
392 1304 433 1325 Va-

250 1332 329 1352 tentiae
343 1337 433 1352 reuera-

250 1359 313 1379 bitem
333 1358 434 1378 ‘rhomam

325 1384 435 1405 villanova

251 1411 338 1432 Beatum
357 1416 435 1432 nuncu·

252 1438 298 1463 pari
319 1443 380 1464 posue
401 1443 435 1464 pe-

251 1467 303 1485 tunt.

453 1580 625 1626 professus,
651 1590 686 1613 ac
718 1579 973 1624 archiepiscopus
998 1579 1212 1620 Valentinus,y

455 1634 559 1668 multis
592 1633 714 1666 eximiis
746 1633 912 1673 virtutum,
943 1633 1133 1676 gratiarum,
1160 1645 1195 1667 ac

455 1687 680 1720 miraculorum
706 1686 796 1719 donis
825 1697 841 1718 a
865 1685 998 1719 Domino
1023 1686 1196 1719 illustratus

455 1740 521 1779 suit;
536 1744 730 1784 quapropter
743 1749 804 1772 non
819 1739 920 1772 solum
933 1739 1097 1772 universus
1113 1739 1197 1772 Ordo

456 1794 645 1838 praedictus,
655 1793 708 1825 scd
718 1793 810 1826 etiam
824 1793 1027 1826 charissimus
1035 1793 1066 1826 in
1075 1793 1198 1827 Christo

457 1847 539 1880 silius
563 1851 670 1879 noster
702 1846 866 1890 Philippus
897 1846 1117 1890 Hispaniarum
1144 1857 1198 1880 rex

458 1899 646 1937 catholicus,
671 1910 705 1932 ac
731 1899 916 1932 venerabilis
941 1900 1038 1932 frater
1063 1900 1200 1933 Isidorus

458 1950 714 1994 archiepiscopus
740 1950 934 1991 Valentinus,
960 1961 1016 1983 nec
1040 1961 1102 1984 non
1128 1950 1201 1983 dilc-

459 2004 498 2037 cti
532 2003 587 2036 filii
621 2003 792 2047 capitulum
829 2003 1017 2036 cathedralis
1051 2004 1200 2037 ecclesiae

460 2057 648 2095 Valentinae,
669 2066 703 2089 ac
728 2056 879 2100 deputati,
904 2057 1004 2097 electi,
1030 2062 1058 2089 et
1083 2057 1200 2101 syndici

460 2110 548 2153 regni
574 2115 601 2142 et
629 2110 761 2143 civitatis
786 2109 943 2142 valentiae
962 2110 1052 2143 nobis
1077 2110 1203 2143 humili-

460 2168 509 2196 ter
532 2163 704 2208 supplicari
730 2163 880 2203 fecerunt,
899 2168 942 2203 ut,
962 2163 1062 2196 donec
1080 2164 1202 2197 canoni-

462 2217 592 2250 zationis
617 2217 781 2256 honorem,
806 2227 900 2260 quem
925 2217 1009 2250 dicto
1031 2217 1168 2250 Thomae
1185 2229 1202 2250 a

464 2269 633 2309 villanova,
654 2269 694 2302 ob
718 2269 785 2302 eius
809 2269 992 2303 excellentia
1016 2270 1138 2310 merita,
1152 2270 1203 2302 ali-

465 2323 589 2367 quando
613 2323 716 2356 divina
735 2323 913 2367 adspirante
937 2323 1036 2366 gratia
1063 2323 1202 2357 habitum

465 2377 502 2410 iri
521 2383 657 2421 sperant,
674 2378 712 2410 ab
736 2378 913 2422 Apostolica
934 2377 1012 2411 Sede
1025 2377 1204 2422 impetrent,

467 2431 548 2463 idem
573 2431 708 2464 Thomas
727 2441 745 2463 a
770 2431 928 2464 villanova
953 2432 1064 2464 Beatus
1089 2419 1223 2472 vocal-ist

467 2493 502 2515 ac
526 2483 564 2515 de
587 2484 696 2516 codem
722 2483 858 2517 officium
884 2490 913 2517 et
938 2484 1042 2522 missa,
1067 2489 1099 2516 ut
1115 2467 1224 2522 infra.

467 2535 592 2568 recitari
611 2536 717 2580 possit.

514 2589 528 2629 ,Ε
549 2587 578 2620 ⁶2.
603 2589 703 2628 Quare
728 2599 795 2630 nos,
819 2600 853 2623 re
879 2590 967 2634 prius
991 2600 1047 2634 per
1070 2599 1202 2623 venera-

315 2593 391 2614 vanius
407 2600 453 2614 eum

270 2619 358 2640 Beatum
383 2621 454 2646 appot·

268 2646 325 2668 tui.
354 2646 454 2667 officium·

509 2707 516 2731 1
542 2705 577 2732 Ex
599 2709 697 2740 regest.
719 2706 744 2733 in
764 2705 864 2733 Sem-et.
882 2704 957 2733 Brev.

1013 296 1193 322 nunaunt
1216 296 1372 321 ROMANU!

470 2639 547 2671 bites
571 2640 683 2674 trau-es
710 2647 836 2675 nostros
860 2643 888 2676 s.
913 2644 948 2676 a.
975 2643 1006 2675 E.
1033 2627 1226 2676 cardinales!

1963 296 2014 324 An.
2035 296 2065 324 C.
2082 296 2150 326 1⁶¹8

1211 344 1309 377 sacris
1323 344 1436 378 ritibus
1448 345 1665 389 praepositos¹‚
1679 344 1792 389 quibus
1806 352 1874 378 eam
1885 352 1953 378 exa·
1968 363 2009 385 qus
2021 359 2068 381 nori
2083 358 2104 380 in
2118 363 2152 388 ie-

1213 397 1391 430 minandam
1416 397 1643 438 mandavimus,
1665 402 1785 432 mature
1801 398 1952 438 discusse,
1968 384 2152 433 mutim*

1213 450 1250 483 de
1264 450 1449 484 eorumdem
1467 449 1674 488 cardinalium
1693 451 1834 491 consilio,
1850 451 1953 485 huius-

1214 503 1298 536 modi
1330 502 1614 548 supplicationibus
1647 503 1806 543 inclinati,
1831 508 1865 538 ut
1888 504 1953 548 ipse

1213 557 1314 590 bonae
1339 556 1511 590 memoriae
1534 557 1670 590 Thomas
1700 567 1717 589 a
1742 557 1900 591 villanova
1923 558 1953 591 in

1214 614 1376 654 posterum
1403 610 1514 642 Beatus
1534 609 1718 654 nuncupari,
1735 614 1828 653 atque
1853 610 1956 654 singn-

1215 663 1252 695 lis
1276 662 1364 695 annis
1382 662 1432 695 die
1449 662 1570 696 decima
1595 664 1704 697 octava
1722 662 1908 707 septembris
1925 663 1954 696 in

1216 721 1281 750 toto
1306 725 1404 759 regno
1430 715 1586 749 Valentiae
1603 727 1619 749 a
1643 715 1799 759 religiosis
1815 716 1955 749 eiusdem

1216 768 1341 802 Ordinis
1378 769 1476 802 sancti
1507 769 1691 811 Augustini,
1716 775 1779 801 tam
1809 769 1958 803 fratribus

1215 832 1310 866 quam
1335 821 1534 863 monialibus,
1551 826 1582 856 et
1598 823 1628 855 in
1646 822 1770 855 civitate
1787 822 1957 863 Valentina‚

1218 876 1271 909 ubi
1298 876 1365 908 eius
1389 885 1505 920 corpus
1530 875 1728 920 requiescere
1752 875 1913 915 asseritur,
1929 881 1958 909 et

1218 929 1354 963 dioecesi
1388 928 1568 968 valentina,
1602 928 1691 961 cuius
1728 938 1785 973 per
1813 928 1958 962 undecim

1218 993 1318 1017 annos
1341 982 1597 1027 archiepiscopus
1621 982 1688 1023 fuit,
1714 988 1744 1015 ut
1770 982 1958 1027 praefertur,

1219 1037 1259 1069 ab
1285 1036 1431 1070 omnibus
1456 1036 1621 1081 utriusque
1645 1047 1738 1070 sexus
1762 1035 1961 1080 regularibus

1220 1090 1374 1134 personis,
1399 1096 1425 1123 et
1451 1090 1545 1123 etiam
1570 1090 1761 1135 presbyteris
1786 1095 1813 1123 et
1839 1089 1961 1123 clericis

1221 1143 1425 1183 secularibus,
1443 1143 1481 1176 de
1498 1153 1535 1176 eo
1555 1148 1703 1187 tanquam
1717 1143 1755 1176 de
1768 1142 1862 1176 Beato
1878 1142 1962 1176 iuxta

1222 1196 1364 1230 rubricas
1388 1196 1535 1230 breviarii
1561 1202 1588 1229 et
1615 1196 1749 1229 missalis
1774 1196 1896 1229 romani
1924 1196 1962 1229 de

1223 1251 1382 1284 communi
1409 1249 1598 1283 confessoris
1631 1249 1788 1294 pontificis
1823 1248 1960 1282 officium

1224 1303 1347 1336 recitari
1373 1308 1399 1335 et
1433 1303 1524 1336 missa
1549 1302 1702 1336 celebrari
1735 1302 1906 1347 respective
1931 1302 1963 1335 li-

1224 1356 1298 1388 bere
1324 1361 1351 1389 et
1378 1356 1460 1389 licite
1486 1357 1617 1396 valeant,
1635 1355 1806 1400 apostolica
1831 1354 1964 1388 auctori-

1226 1414 1296 1445 tate.
1312 1412 1418 1442 tcnorc
1443 1409 1655 1453 praesentium
1681 1413 1833 1453 perpetuo
1853 1417 1964 1442 conce-

1226 1463 1328 1495 dimus
1346 1468 1373 1495 et
1394 1462 1602 1506 indulgemus

1271 1517 1286 1560 g
1310 1515 1338 1549 3.
1370 1517 1437 1550 Non
1466 1515 1662 1550 obstantibus
1693 1515 1968 1550 constitutionibus
1984 1527 2167 1553 commi-totta⁴

1228 1575 1258 1603 et
1277 1569 1528 1603 ordinationibus
1548 1570 1738 1614 apostolicis,
1754 1580 1800 1610 ae,
1816 1574 1970 1614 quatenus

1229 1633 1309 1668 opus
1334 1623 1382 1663 sit,
1407 1623 1480 1656 dicti
1505 1623 1630 1657 Ordinis
1652 1624 1757 1665 (etiam
1784 1623 1970 1661 iuramento,

1230 1677 1469 1710 confirmatione
1493 1678 1684 1721 apostolica,
1709 1678 1756 1710 vel
1787 1677 1897 1721 quavis
1921 1677 1972 1710 fn·—

1232 1730 1339 1763 mitate
1363 1731 1422 1763 alia
1449 1730 1619 1773 roboratis)
1644 1730 1766 1763 statutis
1789 1736 1817 1763 et
1843 1740 1971 1764 consue·

1232 1783 1414 1824 tudinibus‚
1440 1783 1615 1827 ceterisque
1645 1783 1811 1817 contrariis
1840 1783 1972 1827 quibus-

1233 1846 1378 1882 cumque.

1277 1890 1389 1923 Datum
1422 1890 1549 1929 Rornae,
1567 1890 1648 1934 apud
1674 1890 1702 1923 S.
1730 1889 1856 1923 Mariam
1881 1890 1973 1923 Maio-

1234 1954 1312 1984 rem,
1324 1944 1381 1977 sub
1394 1944 1510 1977 annulo
1525 1943 1761 1984 Piscatoris,die
1776 1954 1818 1977 vn
1837 1944 1974 1978 octobris

1236 2006 1389 2035 nincxvni,
1411 1997 1611 2041 pontificatus
1634 1997 1734 2030 nostri
1760 2006 1841 2030 anno
1865 2005 1928 2031 xiv.

1273 2059 1328 2086 [lat.
1351 2059 1394 2086 die
1415 2061 1429 2087 7
1446 2059 1562 2087 octobris
1580 2059 1658 2093 ¹618,
1676 2059 1769 2094 pontif.
1792 2068 1835 2086 an.
1853 2065 1911 2086 x1u.

1546 2227 1660 2264 CCCIX.

1219 2353 1222 2358 ,
1240 2319 1389 2352 Eoetensio
1415 2317 1540 2351 indulti
1551 2317 1712 2351 recitandi
1736 2316 1879 2361 officium
1894 2316 1978 2350 beati

1283 2371 1438 2416 Philippi
1451 2370 1577 2405 Benitii
1591 2369 1725 2404 Ordinis
1749 2370 1892 2412 fratrum
1905 2367 1976 2402 Ser-

1285 2434 1397 2457 vorum
1417 2424 1527 2456 beatae
1543 2422 1668 2456 Mariae
1688 2432 1748 2466 pro
1772 2420 1977 2465 reqularibus

1283 2482 1312 2510 ce
1328 2476 1527 2510 secularibus
1543 2475 1685 2507 civitatis
1706 2473 1928 2507 Tudertinae’.

1279 2573 1287 2598 ¹
1313 2569 1382 2596 Edit.
1405 2568 1485 2596 Main.
1509 2567 1573 2603 legit
1589 2567 1765 2602 praepositis
1784 2570 1822 2602 (a.
1839 2573 1888 2595 τ.).

1276 2616 1291 2641 2
1307 2615 1367 2642 Alia
1381 2614 1435 2642 duo
1450 2614 1484 2641 de
1498 2612 1548 2640 hac
1567 2621 1596 2640 re
1612 2612 1733 2640 eiusdem
1754 2611 1828 2640 Pauli
1843 2612 1865 2638 V
1889 2613 1980 2640 Brevia

1241 2664 1268 2688 et
1282 2659 1378 2687 Leonis
1393 2658 1411 2685 X
1427 2657 1559 2685 indultum
1574 2665 1644 2693 quae
1664 2656 1719 2683 suis
1739 2656 1802 2684 locis
1824 2657 1908 2685 relata
1927 2665 1979 2685 non

1243 2705 1362 2738 fuerunt,
1379 2702 1439 2730 heic
1454 2701 1616 2729 adiiciuntur
1630 2708 1666 2735 tn.
1683 2702 1730 2735 τ.).
