2293 3231
53 279 110 307 -Αιι,
131 279 160 307 C.
177 278 240 307 ¹621

94 870 203 899 Philippus
218 869 245 890 lv

63 902 110 919 earn
126 898 186 923 peut.

869 279 948 303 GREG
954 278 1045 303 ORIUS
1066 279 1107 302 XV
1128 279 1175 302 PP.

1672 266 1728 299 6:31

259 337 294 360 ac
318 336 452 370 regnum
477 327 582 371 ipsum
606 326 766 371 praedicto
793 326 938 371 Philippo
960 328 996 359 lll
1012 331 1014 352 'i
1030 332 1060 359 ct
1075 325 1341 370 quemadmodum
1368 325 1443 358 illud
1465 323 1650 369 praestitum
1668 325 1767 356 suerat

258 380 337 423 regi,
349 379 443 413 modo
460 384 490 414 et
505 380 605 413 forma
617 380 808 423 praemissis,
819 380 997 419 infeudavit,

258 438 353 477 prout
369 433 400 465 in
417 433 569 477 praedicti
593 433 759 467 Clementis
783 433 999 476 praedecesso-

259 486 303 519 ris
328 486 385 519 sub
406 486 535 529 plumbo
560 487 617 519 sub
641 486 748 518 datum
774 487 890 519 Romae
915 486 998 529 apud

260 544 402 572 sanctum
420 540 558 572 Marcum
582 549 663 571 anno
689 538 914 571 lncarnationis
938 539 998 571 Do-

260 591 394 625 minicae
417 601 549 632 MDxfflx,
574 591 682 634 quinto
706 591 776 623 idus
801 591 998 634 septembris,

260 643 458 688 pontificatus
487 644 535 676 sui
565 654 646 676 anno
672 653 748 683 vni,
774 643 925 686 expeditis
949 643 999 675 lit-

260 697 352 739 teris,
376 708 512 741 quarum
542 702 667 730 tenores
694 697 911 741 praesentibus
942 708 1000 740 pro

261 750 417 795 expressis
445 756 476 784 et
508 750 547 782 ad
576 751 707 783 verbum
740 750 864 783 insertis
892 750 1000 783 haberi

262 804 418 844 volumus,
441 803 564 847 plenius
587 804 766 836 continetur
781 802 798 835 ¹.

307 858 322 901 ἓ
346 857 374 890 5.
400 857 477 890 Cum
501 861 615 898 autem,
637 857 716 890 sicut
736 858 800 890 Deo
820 857 946 900 placuit,
963 857 1001 889 ab

263 910 409 944 humanis
432 916 576 955 exempto
593 911 676 944 dicto
701 911 843 954 Philippo
861 911 900 943 ΙΙΙ
917 921 1002 953 rege,

264 964 334 997 iure
363 964 570 998 successionis
599 965 662 996 una
690 975 762 997 cum
786 964 855 996 aliis
878 964 1017 1006 regnis,‘

264 1017 435 1060 provinciis
459 1022 489 1050 et
512 1017 684 1050 ditionibus
707 1017 862 1049 universis
885 1017 1002 1049 dictum

265 1081 398 1113 regnum
423 1070 545 1104 Siciliae
569 1075 600 1103 et
624 1070 819 1103 Hierusalem
843 1081 915 1103 cum
940 1071 1003 1102 tota

266 1125 351 1156 terra
379 1123 458 1156 citra
489 1123 626 1156 Pharum
655 1123 694 1155 ad
724 1123 945 1156 charissimum
973 1123 1003 1154 in

264 1176 387 1210 Christo
404 1176 504 1209 filium
522 1181 666 1209 nostrum
684 1175 865 1219 Philippum
882 1176 919 1208 IV
939 1176 1005 1208 His-

264 1229 430 1273 paniarum
454 1239 563 1272 regem
588 1229 777 1262 catholicum
794 1228 868 1261 dicti
893 1228 1005 1272 Philip-

265 1283 298 1326 pi
322 1282 361 1314 Ill
384 1281 470 1325 regis
493 1281 594 1314 filium
619 1287 649 1314 et
673 1281 841 1314 haeredem
865 1281 1005 1324 legitime

265 1335 477 1380 pervenerint,
493 1341 523 1368 et
544 1335 627 1368 idem
641 1335 803 1379 Philippus
819 1346 885 1376 rexi,
898 1335 1005 1368 volens

266 1388 404 1423 debitam
429 1388 640 1421 obedientiam
664 1392 694 1422 et
717 1388 875 1421 fidelitatis
895 1380 931 1421 ac
954 1389 1007 1422 ho—

266 1442 363 1485 magii
397 1441 608 1474 iuramentum
644 1442 675 1474 in
709 1442 856 1475 manibus
890 1442 1006 1475 nostris

266 1500 437 1540 praestare,
461 1505 497 1528 ac
521 1505 572 1536 ea,
597 1495 635 1528 ad
659 1506 739 1539 quae
762 1495 884 1528 ratione
909 1495 1006 1539 ipsius

267 1548 352 1582 feudi
375 1552 510 1588 tenetur,
530 1547 713 1591 adimplere,
738 1548 887 1581 dilectum
906 1548 1005 1580 silium

267 1601 405 1634 nobilem
429 1600 531 1633 virum
552 1600 754 1634 Franciscum
778 1601 816 1634 de
835 1602 937 1634 Cueva
953 1600 1008 1633 du-

267 1666 337 1689 cem
362 1655 400 1688 de
423 1655 677 1699 Alburqucrque,
695 1661 725 1688 et
748 1656 846 1699 ipsius
870 1655 1005 1699 Philippi

267 1709 352 1752 regis
376 1708 645 1752 consanguineum
670 1714 699 1740 et
724 1709 953 1749 consiliarium,
978 1713 1007 1740 et

268 1761 351 1805 apud
366 1771 425 1794 nos
441 1766 471 1794 et
487 1761 597 1795 Sedent
616 1761 828 1804 Apostolicam
849 1765 1006 1795 oratorem

269 1820 300 1848 et
313 1819 565 1859 procuratorem,
581 1815 810 1847 mandatarium
834 1825 925 1848 suum
943 1825 1009 1858 spe-

269 1868 380 1901 cialem
400 1867 519 1909 fecerit,
543 1867 742 1901 constituerit
760 1873 790 1901 et
810 1868 1007 1912 deputaverit

270 1921 447 1965 specialiter
463 1926 493 1954 et
509 1931 655 1965 expresse
672 1921 710 1954 ad
727 1932 760 1955 se
776 1921 903 1954 nomine
920 1932 1009 1965 prae-

270 1974 345 2007 dicti
368 1975 504 2018 Philippi
527 1975 622 2017 regis,
647 1975 770 2018 quoties
794 1985 873 2019 opus
899 1975 1008 2016 fuerit,

272 2037 380 2060 coram
403 2028 495 2060 nobis
518 2028 691 2069 humiliter,
708 2033 739 2060 et
758 2039 830 2061 cum
854 2028 939 2061 omni
963 2039 1010 2061 re-

271 2081 410 2115 verentia
432 2081 667 2124 praestandum,
687 2092 724 2115 ac
739 2092 757 2114 a
773 2082 866 2115 nobis
882 2082 1009 2115 investi-

272 2138 375 2168 turam
404 2133 479 2167 dicti
508 2134 599 2177 regni
631 2135 792 2168 humiliter
823 2135 1009 2178 petendum,

273 2197 405 2230 eamque
429 2187 664 2230 acceptandum,
680 2197 738 2220 nec
761 2198 825 2221 non
848 2188 940 2221 nobis
959 2199 1012 2222 no-

273 2240 358 2273 mine
370 2240 511 2273 eiusdem
527 2240 662 2284 Philippi
675 2241 759 2283 regis
775 2251 833 2284 pro
850 2241 1011 2285 praedicto

273 2303 372 2337 regno
387 2293 509 2326 Siciliae
523 2298 552 2326 et
566 2293 760 2326 Hierusalem
773 2304 845 2327 cum
855 2295 917 2328 tota
929 2297 1011 2328 teri-2⁴1

273 2347 353 2381 citra
376 2347 515 2380 Pharum
539 2347 676 2380 debitam
701 2347 913 2381 obedientiam
930 2348 1013 2380 exhi-

272 2401 426 2442 bendum,
450 2411 487 2434 ac
511 2402 605 2434 etiam
638 2401 795 2435 fidelitatis
820 2405 849 2435 et
872 2402 1012 2445 homagii

273 2454 485 2487 iuramentum
502 2454 623 2487 ratione
640 2454 723 2487 feudi
739 2454 813 2486 dicti
826 2454 914 2497 regni
928 2465 1014 2498 prae-

275 2507 429 2548 standum,
449 2507 534 2551 quod
550 2507 736 2551 requisitum
755 2507 967 2540 necessarium
984 2513 1012 2540 ct

275 2565 491 2605 opportunum
514 2560 595 2593 soret
618 2571 655 2593 ex
672 2560 771 2604 ipsius
789 2559 873 2592 feudi
889 2561 1012 2600 natura,

311 2631 505 2660 [Huiusmodi
524 2632 609 2659 Clem.
630 2631 689 2658 Vlll
711 2631 818 2660 litterae
839 2631 967 2666 leguntur
986 2631 1013 2658 in

275 2677 354 2705 Bull.
374 2680 439 2705 tom.
459 2685 486 2711 x,
505 2685 568 2713 pag.
588 2677 640 2705 536
659 2677 700 2713 (R.
715 2677 765 2711 T.).

1030 390 1047 411 a
1073 379 1216 422 Philippo
1242 379 1280 411 Ill
1310 389 1386 421 rege
1411 378 1588 422 praedicto,
1612 382 1704 420 atque
1729 377 1767 409 ab

1031 432 1098 463 aliis
1112 432 1406 475 praedecessoribus
1421 431 1484 463 suis
1500 431 1533 463 in
1547 430 1657 463 eodem
1670 440 1768 472 regno

1032 484 1158 516 solitum
1183 485 1281 516 suerat
1304 484 1469 528 praestari,
1487 483 1563 515 dans
1581 488 1610 516 et
1628 483 1768 515 tribuens

1033 539 1114 570 idem
1143 539 1306 582 Philippus
1331 550 1383 571 rex
1410 537 1571 581 praedicto
1602 536 1769 569 Francisco

1032 592 1103 624 duci
1129 597 1156 624 et
1181 592 1378 635 procuratori
1404 602 1529 623 omnem
1562 595 1769 634 potestatem,

1033 656 1221 689 omnemque
1246 645 1413 678 arbitrium
1438 650 1468 677 et
1493 645 1710 677 auctoritatem
1735 654 1771 677 ea

1033 699 1145 742 agendi
1170 704 1199 731 et
1223 698 1346 730 iurandi
1371 698 1543 741 praemissa
1569 708 1605 730 ex
1629 699 1723 730 causa
1740 696 1771 729 in

1033 753 1171 784 animam
1189 762 1286 791 suam,
1300 762 1379 795 quae
1396 751 1527 794 ipsemet
1539 750 1703 794 Philippus
1716 759 1771 782 rex

1035 815 1129 847 agere
1150 810 1178 837 et
1197 805 1301 837 iurare
1326 810 1442 848 posset,
1460 804 1484 836 si
1509 803 1717 847 personaliter
1736 813 1772 835 ea

1035 858 1159 897 faceret,
1185 862 1215 890 ct
1239 857 1339 890 dictus
1363 857 1547 890 Franciscus
1572 856 1633 888 dux
1651 860 1681 888 et
1697 866 1772 899 pro-

1036 914 1162 944 curator
1187 911 1217 942 in
1242 910 1305 942 vim
1329 910 1559 943 constitutionis
1583 914 1614 941 et
1637 909 1770 952 deputa-

1036 964 1129 996 tionis
1149 963 1330 995 huiusmodi
1354 962 1392 995 ad
1416 963 1591 1006 praemissa
1615 962 1720 995 onmia
1744 967 1775 994 et

1037 1016 1160 1059 singula
1187 1016 1316 1049 nomine
1348 1015 1500 1059 praedicti
1531 1015 1665 1058 Philippi
1690 1014 1774 1057 regis

1036 1069 1214 1111 peragenda
1231 1073 1260 1101 et
1280 1068 1463 1111 exequenda
1479 1078 1584 1101 coram
1608 1067 1699 1100 nobis
1716 1067 1774 1099 hu-

1037 1120 1154 1153 militer
1172 1126 1201 1153 ct.
1219 1132 1290 1153 cum
1302 1121 1387 1154 omni
1400 1122 1575 1154 reverentia
1590 1121 1647 1154 sub
1660 1120 1709 1153 die
1720 1130 1776 1153 xri

1038 1174 1224 1217 septembris
1240 1174 1385 1217 proxime
1402 1174 1562 1218 praeteriti
1583 1185 1615 1207 se
1632 1183 1777 1217 praesen-

1038 1227 1168 1268 taverit,
1193 1231 1223 1261 et
1247 1227 1278 1260 in
1302 1228 1440 1270 generali
1465 1227 1690 1260 venerabilium
1715 1227 1777 1259 fra-

1038 1285 1122 1312 trum
1156 1285 1338 1313 nostrorum
1371 1285 1495 1313 sanctae
1530 1280 1689 1313 Romanae
1720 1279 1777 1312 Ec·

1039 1333 1151 1366 clesiac
1181 1334 1388 1366 cardinalium
1412 1334 1674 1376 congregatione,
1699 1343 1779 1376 quae

1040 1387 1243 1431 postmodum
1268 1387 1307 1420 ob
1324 1388 1410 1420 varia
1426 1392 1534 1420 nostra
1554 1386 1780 1430 impedimenta

1040 1441 1098 1473 sub
1130 1440 1179 1473 die
1212 1451 1303 1474 xxvn
1334 1441 1472 1474 octobris
1502 1440 1676 1484 praesentis
1707 1440 1779 1472 anni

1041 1504 1147 1527 coram
1171 1493 1262 1527 nobis
1286 1494 1317 1526 in
1340 1494 1456 1538 palatio
1478 1499 1588 1527 nostro
1608 1493 1780 1537 apostolico

1041 1547 1072 1579 in
1097 1547 1244 1580 Vaticano
1264 1547 1303 1579 ad
1328 1547 1390 1580 hoc
1415 1547 1594 1590 specialiter
1611 1550 1781 1580 convocata

1041 1607 1071 1633 et
1087 1601 1192 1633 habita
1204 1601 1261 1633 suit
1276 1611 1347 1633 cum
1360 1600 1505 1644 pluribus
1522 1600 1780 1644 archiepiscopis,

1041 1654 1209 1698 episcopis,
1233 1654 1365 1697 aliisque
1389 1653 1536 1697 praelatis
1561 1653 1603 1685 ibi
1633 1653 1781 1686 adstanti-

1041 1708 1115 1748 bus,
1140 1707 1267 1741 nomine
1300 1707 1397 1750 ipsius
1424 1707 1559 1750 Philippi
1584 1706 1668 1749 regis
1692 1705 1782 1738 nobis

1042 1767 1072 1794 et
1088 1761 1159 1794 Sedi
1180 1761 1379 1805 Apostolicac
1395 1770 1431 1793 ac
1447 1761 1606 1793 Romanae
1625 1759 1782 1792 Ecclesiae

1041 1814 1209 1858 praedictis
1220 1814 1441 1855 obedientiam,
1452 1814 1588 1857 itemque
1598 1813 1783 1856 homagium

1042 1874 1072 1901 et
1099 1869 1312 1901 iuramentum
1336 1867 1494 1900 fidelitatis
1512 1867 1570 1900 sub
1588 1867 1688 1899 forma
1705 1866 1779 1899 infe-

1042 1922 1108 1954 rius
1132 1921 1278 1954 adnotata
1301 1920 1508 1964 praestiterit:

1087 1975 1102 2017 ξ
1126 1974 1155 2006 6.
1181 1975 1253 2014 Nos,
1272 1973 1507 2007 considerantes
1527 1972 1625 2017 ipsius
1645 1972 1782 2016 Philippi

1042 2028 1127 2071 regis
1144 2027 1384 2060 haereditariam
1407 2027 1560 2070 regnandi
1584 2026 1784 2060 consuetudi-

1043 2092 1126 2122 nem,
1140 2087 1170 2114 et
1186 2081 1271 2125 quod
1287 2081 1362 2113 sciat
1377 2085 1407 2113 et
1423 2081 1505 2113 volet
1523 2080 1708 2114 commissos
1725 2079 1784 2113 sibi

1044 2135 1179 2178 populos
1203 2134 1234 2166 in
1258 2133 1345 2177 pacis
1374 2133 1564 2166 amoenitate
1592 2138 1622 2165 et
1649 2132 1784 2165 iustitiae

1045 2189 1130 2221 cultu
1155 2188 1331 2228 confovere,
1349 2198 1385 2220 ac
1405 2198 1463 2220 nos
1484 2192 1514 2219 et
1538 2187 1711 2219 Romanam
1729 2186 1785 2219 Ec-

1046 2242 1171 2274 clesiam
1195 2241 1294 2284 ipsius
1318 2240 1407 2283 regni
1433 2239 1663 2284 proprietarios
1687 2244 1717 2271 et
1741 2239 1786 2271 di-

1045 2299 1149 2327 rectos
1184 2294 1329 2327 dominos
1361 2295 1450 2336 grata
1480 2292 1645 2325 devotione
1670 2297 1701 2324 et
1723 2291 1785 2325 fide

1046 2347 1167 2380 sincera
1191 2357 1437 2389 recognoscere,
1463 2346 1610 2378 mandato
1634 2355 1783 2388 procura-

1047 2400 1141 2433 tionis
1160 2398 1169 2416 ¹
1194 2399 1290 2443 ipsius
1322 2399 1456 2443 Philippi
1486 2399 1571 2441 regis
1604 2397 1785 2431 huiusmodi

1047 2453 1173 2497 publice
1197 2458 1227 2485 et
1250 2453 1313 2485 alta
1336 2463 1412 2485 voce
1433 2452 1465 2484 in
1485 2452 1594 2485 eadem
1616 2461 1785 2494 congrega-

1047 2506 1131 2539 tione
1154 2506 1312 2549 perlecto,
1338 2511 1368 2538 et
1391 2505 1558 2548 diligenter
1589 2505 1729 2548 inspecto
1753 2510 1785 2537 et

1047 2557 1254 2597 considerato,
1271 2568 1306 2590 ae
1323 2557 1430 2591 habita
1454 2567 1548 2601 super
1565 2557 1613 2590 his
1634 2567 1705 2589 cum
1723 2557 1786 2590 eis-

1783 275 1958 302 An.c.1621

1824 1980 1925 2002 Concedit
1933 1980 1983 2001 Gre-

1798 2014 1876 2034 gorius.

1046 2613 1118 2645 dem
1127 2611 1359 2644 venerabilibus
1372 2611 1521 2645 fratribus
1530 2611 1645 2643 nostris
1658 2615 1782 2644 sanctae

1083 2677 1094 2702 1
1116 2674 1187 2702 Edit.
1203 2673 1282 2701 Μαίη.
1299 2673 1597 2710 tegitprocuraciones
1612 2674 1649 2709 (a.
1666 2674 1716 2710 T.).
