2293 3231
95 286 144 315 An.
160 284 189 314 C.
211 283 279 313 1622

169 1788 228 1814 Quod
243 1788 279 1810 hie

94 1815 191 1838 Pontifex
209 1817 279 1837 exten-

94 1842 126 1864 dit
139 1844 202 1864 etiam
217 1842 244 1864 ad
256 1849 278 1864 a·

95 1871 141 1891 ctus
154 1869 257 1897 privatos.

900 282 1076 308 GREGORIUS
1100 283 1141 308 XV
1165 283 1213 308 PP-

293 331 410 366 cientes
429 336 533 365 autem
555 331 663 365 eadem
685 331 837 366 Sanctitas
854 332 915 366 Sua
935 333 1033 366 voluit

294 390 324 420 et
340 385 510 419 declaravit
535 385 696 418 subiacere
713 386 837 426 debere,
855 391 885 418 et
902 386 1033 419 subiecit
1048 407 1049 411 =

293 439 436 473 censuris
453 444 483 472 et
500 440 610 483 poenis
628 439 782 473 contentis
799 439 829 472 in
847 439 1032 484 supradictis
1048 443 1050 465 2

293 493 569 526 constitutionibus
593 503 723 527 suorum
744 493 1032 538 praedecessorum,

294 551 325 579 et
344 548 401 579 sua
426 546 494 590 ipso
519 546 601 580 sacto
623 546 830 579 incurrendis.
852 548 910 580 Per
930 547 1033 580 liuius-

294 599 379 633 modi
394 604 497 632 tamen
510 599 721 643 provisionem
736 600 888 633 Sanctitas
897 602 957 633 Sua
971 610 1032 633 non
1049 589 1050 631 ἶ

293 652 426 686 intendit
441 653 613 697 reprobare
629 654 757 687 alteram
772 653 962 697 opinionem,
976 664 1033 687 nec

294 705 322 739 ei
337 706 435 739 ullum
447 716 577 750 prorsus
586 706 813 750 praeiudicium
828 707 953 747 inferre,
965 717 1031 739 eam

294 759 475 803 relinquens
493 759 524 792 in
544 760 660 792 eisdem
682 764 761 793 statu
784 765 814 792 et
835 759 985 799 terminis,
1003 760 1051 792 in*

294 813 410 856 quibus
419 813 456 846 de
468 813 622 857 praesenti
635 814 1032 857 reperitur,praeterquam

295 866 397 910 quoad
411 877 506 910 supra
518 866 678 910 disposita.
696 866 830 900 Ulterius
845 866 902 899 sub
915 866 1033 899 eisdem

295 918 436 952 censuris
460 924 490 951 et
512 919 622 962 poenis
643 919 801 958 mandans,
819 919 902 962 quod
919 918 1035 961 negati-

295 1031 448 1069 concepta
471 1035 543 1058 cum
566 1030 695 1069 peccato
719 1025 875 1068 originali,
892 1025 922 1057 in
946 1035 1034 1067 prae-

294 1077 385 1111 dictis
416 1077 549 1121 publicis
579 1078 699 1110 actibus
724 1083 915 1117 asserentes,
940 1077 1032 1109 aliam

295 1130 474 1174 opinionem
499 1140 562 1163 non
586 1130 783 1174 impugnent,
801 1140 857 1163 nec
874 1130 912 1162 de
929 1140 965 1162 ea
981 1130 1034 1162 ali-

293 1193 356 1227 quo
376 1183 471 1216 modo
487 1189 590 1226 agant,
604 1193 659 1216 seu
675 1187 817 1216 tractent.
836 1183 967 1226 Insuper
984 1193 1034 1216 vo-

293 1237 352 1270 luit
375 1242 405 1270 et
430 1248 576 1281 expresse
604 1238 778 1279 mandavit,
804 1243 847 1278 ut,
873 1245 959 1271 extra
975 1239 1033 1271 hos

293 1301 384 1324 casus
414 1302 578 1336 expressos
606 1292 806 1336 publicorum
831 1297 975 1332 actuum,
1000 1293 1032 1325 in

293 1345 423 1390 reliquis
433 1346 578 1379 omnibus
591 1346 786 1390 supradictae
796 1347 1032 1380 constitutiones

292 1399 404 1433 firmae
434 1405 463 1433 et
488 1401 612 1434 illaesae
647 1407 848 1443 remaneant,
872 1407 902 1434 et
925 1407 1032 1435 exacte

294 1454 512 1495 observentur,
536 1455 667 1499 perinde
692 1466 727 1489 ac
752 1456 777 1489 si
801 1466 948 1499 praesens
972 1456 1028 1488 de-

295 1513 416 1542 cretum
432 1519 496 1542 non
520 1514 703 1542 emanasset.
721 1510 758 1542 Et
782 1509 823 1542 ita
847 1509 985 1542 decrevit
1002 1514 1033 1542 et

294 1562 452 1595 mandavit
474 1563 590 1607 ubique
614 1562 834 1596 inviolabiliter
861 1562 1032 1603 observari,

293 1626 356 1649 non
380 1616 578 1650 obstantibus
602 1616 632 1649 in
650 1617 708 1650 liac
732 1622 821 1661 parte
845 1617 1032 1661 supradictis

296 1669 580 1711 constitutionibus,
598 1675 628 1703 et
644 1670 712 1703 aliis
737 1670 882 1703 omuibus
906 1670 938 1702 in
963 1680 1034 1703 con-

293 1724 428 1758 trarium
452 1724 639 1773 facientibus
655 1723 663 1741 ¹

338 1780 353 1823 ἓ
377 1779 407 1812 ⁶2.
433 1779 499 1813 Hoc
516 1790 572 1813 suo
593 1779 749 1823 praesenti
766 1779 905 1820 decreto,
924 1790 959 1812 ex
977 1779 1035 1813 eis-

297 1833 369 1867 dem
381 1833 483 1867 causis
493 1833 628 1867 evitandi
643 1834 797 1874 scandala,
811 1833 1033 1875 dissensiones,

293 1891 386 1930 atque
399 1886 571 1920 discordias
583 1887 614 1919 in
628 1887 745 1930 populo
759 1886 940 1927 christiano,
955 1898 1034 1931 quae

294 1941 364 1984 pari
387 1940 508 1974 ratione
532 1940 610 1974 oriri
634 1945 777 1985 possunt,
794 1945 880 1981 et‚ut
903 1942 1032 1985 accepit,

294 1993 327 2026 in
343 1994 499 2038 aliquibus
515 1994 699 2037 regionibus
717 1994 778 2027 iam
796 2000 883 2027 ortae
900 1999 981 2035 sunt,
996 2005 1031 2027 ex

295 2047 493 2080 sermonibus
516 2047 645 2091 privatis
665 2048 828 2081 occasione
852 2048 1033 2081 assertionis

294 2100 514 2141 affirmativae,
540 2101 678 2133 extendit
702 2106 731 2134 et
755 2101 915 2145 ampliavit
938 2102 1032 2134 etiam

295 2154 333 2187 ad
352 2154 474 2198 privata
497 2154 655 2198 colloquia
678 2159 709 2188 et
733 2156 858 2198 scripta,
884 2155 1033 2188 mandans

295 2212 325 2243 et
341 2208 538 2253 praecipiens
561 2208 707 2241 omnibus
725 2214 755 2241 et
776 2209 906 2251 singulis
923 2220 1032 2253 supra-

295 2261 395 2302 dictis,
420 2271 459 2294 ne
484 2260 521 2294 de
546 2265 661 2301 cetero,
682 2261 781 2293 donec
806 2261 956 2295 articulus
980 2262 1034 2295 liu-

295 2314 431 2348 iusmodi
455 2324 472 2346 a
496 2313 574 2347 Sede
598 2314 775 2357 Apostolica
799 2314 960 2355 definitus,
987 2316 1033 2348 rel

293 2379 351 2413 per
375 2367 575 2401 Sanctitatem
600 2367 692 2400 Suam
718 2372 748 2400 et
772 2367 883 2400 sedem
906 2369 1035 2412 Aposto-

294 2421 387 2455 licam
404 2421 499 2454 suerit
515 2421 606 2454 aliter
622 2421 810 2462 ordinatum,
826 2431 926 2464 neque
939 2421 1032 2454 etiam

294 2475 326 2508 in
351 2474 549 2508 sermonibus
565 2480 595 2507 et
611 2474 735 2518 script's
754 2473 884 2518 privatis
900 2475 1034 2508 audeant

294 2539 452 2569 asserere,
476 2528 561 2572 quod
593 2528 702 2561 eadem
733 2527 913 2560 Beatissima
939 2529 1032 2571 Virgo

293 2582 389 2615 fuerit
404 2587 556 2626 concepta
573 2592 644 2615 cum
663 2587 791 2625 peccato
805 2582 962 2625 originali,
975 2593 1033 2616 nec

295 2635 333 2668 de
348 2635 406 2668 hac
429 2635 577 2679 opinione
601 2635 786 2668 affirmativa
813 2635 917 2679 aliquo
939 2637 1032 2670 modo

333 2699 343 2726 1
361 2697 504 2733 Hucusque
515 2701 713 2734 transumptum
723 2698 812 2725 Const.
825 2698 898 2726 Pauli
909 2700 931 2726 V
941 2700 1030 2734 (nm).

382 2751 461 2780 Bull.
480 2751 564 2780 Rom.
580 2767 615 2773 —
632 2752 691 2781 Vol.
712 2751 778 2782 XII.
923 2752 955 2780 87

1710 269 1774 305 689

1065 343 1157 375 agere
1175 342 1229 365 seu
1255 335 1398 370 tractare,
1416 329 1553 374 exceptis
1570 334 1673 362 tamen
1691 328 1805 373 quibus

1065 398 1083 418 a
1099 388 1204 419 sancta
1229 385 1307 419 Sede
1328 384 1507 428 Apostolica
1525 382 1617 415 suerit
1634 393 1728 426 super
1746 383 1806 416 lioc

1066 439 1241 483 specialiter
1266 438 1430 471 indultum.
1450 437 1507 470 Per
1528 437 1587 469 hoc
1612 441 1714 468 tamen
1732 435 1806 468 San-

1066 493 1154 526 ctitas
1179 493 1240 526 Sua
1270 502 1331 525 non
1365 490 1496 523 intendit
1528 489 1702 533 reprobare
1726 489 1807 522 hanc

1066 547 1256 591 opinionem,
1276 556 1333 578 nec
1354 545 1381 577 ei
1408 545 1505 577 ullum
1531 554 1662 587 prorsus
1686 542 1807 586 praeiu-

1066 600 1181 632 dicium
1208 599 1333 638 int'crre,
1350 608 1418 631 eam
1443 597 1623 640 relinquens
1641 596 1670 628 in
1689 595 1807 628 eisdem

1066 659 1147 686 statu
1175 658 1205 685 et
1232 652 1394 691 terminis,
1424 652 1453 683 in
1486 650 1599 693 quibus
1632 649 1806 692 reperitur,

1049 711 1285 752 tpracterquam
1315 704 1417 749 quoad
1443 704 1473 736 in
1498 702 1678 747 supradicto
1709 703 1807 736 felicis

1066 759 1294 794 recordationis
1319 758 1405 792 Pauli
1424 758 1445 789 V
1464 762 1493 790 et
1517 758 1578 790 lioc
1597 766 1654 789 suo
1678 755 1805 789 decreto

1066 813 1225 857 disposita.

1111 868 1125 910 g
1149 865 1178 899 3.
1204 864 1383 908 Eademque
1407 863 1559 897 Sanctitas
1583 875 1638 897 sua
1662 865 1761 899 voluit
1776 870 1806 898 et

1050 922 1051 951 ἒ
1067 929 1213 963 expresse
1231 918 1397 958 mandavit,
1412 924 1445 950 ut
1457 918 1488 950 in
1502 918 1632 961 reliquis
1649 919 1804 959 omnibus,

294 981 364 1004 vam
385 971 577 1015 opinionem,
597 972 739 1004 videlicet
759 972 843 1015 quod
860 982 922 1005 non
942 971 1051 1004 suerit,

1067 973 1119 1005 ubi
1141 971 1320 1004 huiusmodi
1346 971 1480 1003 decretis
1504 981 1566 1003 non
1591 971 1804 1013 adversantur,

1067 1025 1306 1058 constitutiones
1336 1023 1413 1057 Sixti
1438 1024 1486 1062 lV,
1513 1024 1680 1057 Alexandri
1705 1025 1751 1064 VI,
1777 1030 1807 1058 et

1067 1078 1111 1110 Pii
1138 1078 1175 1118 V,
1199 1088 1235 1110 ac
1259 1077 1345 1110 Pauli
1371 1077 1392 1109 V
1419 1077 1485 1109 eius
1508 1077 1806 1121 praedecessorum,

1049 1142 1162 1179 ¹super
1192 1131 1402 1174 Conceptione
1432 1130 1630 1164 Beatissimae
1657 1130 1806 1172 Virginis,

1066 1186 1176 1219 firmae
1200 1191 1230 1218 et
1255 1185 1390 1217 illibatae
1415 1189 1616 1224 remaneant,
1641 1195 1676 1217 ac
1700 1189 1808 1217 exacte

1066 1240 1282 1279 observentur,
1307 1239 1437 1283 perinde
1454 1249 1490 1271 ac
1506 1238 1531 1271 si
1552 1238 1734 1272 huiusmodi
1758 1239 1808 1271 de-

1065 1300 1186 1328 cretum
1211 1304 1274 1326 non
1296 1298 1482 1326 emanasset.

1110 1350 1124 1392 ἓ
1148 1348 1176 1381 4.
1204 1348 1240 1381 Et
1264 1348 1393 1391 insuper
1417 1346 1526 1379 eadem
1551 1346 1702 1380 Sanctitas
1727 1346 1806 1388 Sua,

1065 1413 1135 1436 cum
1157 1407 1261 1435 sancta
1286 1401 1425 1434 Romana
1449 1399 1587 1433 Ecclesia
1612 1399 1649 1432 de
1669 1399 1808 1432 Beatissi-

1066 1469 1135 1491 mae
1155 1457 1290 1500 Virginis
1309 1456 1518 1500 Conceptione
1535 1456 1645 1489 festum
1664 1455 1808 1488 solemni—

1065 1516 1112 1543 ter
1129 1515 1159 1544 et
1174 1510 1312 1543 officium
1330 1510 1476 1550 celebret,
1494 1509 1640 1541 omnibus
1657 1514 1687 1541 et
1704 1509 1808 1551 singu-

1066 1564 1103 1596 lis
1120 1563 1264 1608 personis
1282 1562 1516 1603 ecclesiasticis,
1534 1568 1594 1594 tam
1613 1562 1808 1594 secularibus

1066 1628 1161 1662 quam
1186 1617 1323 1650 cuiusvis
1348 1616 1466 1649 ordinis
1486 1621 1516 1648 ct
1536 1615 1667 1649 instituti
1688 1616 1809 1658 regula-

1067 1672 1170 1710 ribus,
1195 1670 1322 1703 mandat
1346 1681 1381 1702 ac
1405 1670 1569 1714 praecipit,
1594 1675 1628 1701 nt
1653 1669 1682 1701 in
1706 1679 1809 1702 sacro-

1066 1730 1173 1758 sancto
1198 1724 1307 1757 Missae
1331 1723 1485 1756 sacrificio
1515 1733 1551 1756 ac
1575 1723 1681 1755 divino
1705 1722 1809 1756 officio

1067 1778 1272 1819 celebrandis,
1296 1783 1358 1810 tam
1384 1777 1507 1821 publice
1532 1787 1626 1820 quam
1651 1777 1808 1821 privatim,

1066 1843 1129 1865 non
1153 1832 1230 1871 alio,
1255 1842 1349 1875 quam
1374 1830 1593 1874 Conceptionis
1616 1831 1743 1864 nomine
1764 1830 1809 1863 uti

1067 1886 1208 1918 debeant.
1234 1884 1509 1918 Contravenientes
1529 1889 1634 1916 autem
1655 1883 1808 1917 Sanctitas

1067 1941 1128 1973 Sua
1152 1939 1250 1973 voluit
1265 1945 1295 1972 et
1312 1938 1481 1971 declararit
1501 1938 1664 1971 subiacere
1681 1937 1807 1979 debere,

1067 1999 1096 2027 et
1121 1993 1251 2026 subiecit
1268 1993 1408 2026 censuris
1429 1997 1459 2025 et
1477 1992 1586 2035 poenis
1606 1992 1760 2025 contentis
1777 1992 1809 2025 in

1067 2047 1254 2091 supradictis
1289 2046 1564 2079 constitutionibus
1601 2055 1636 2078 ac
1669 2046 1809 2088 praefato

1066 2102 1192 2134 decreto
1209 2111 1339 2133 suorum
1352 2099 1631 2144 praedecessorum
1648 2099 1716 2142 ipso
1729 2099 1808 2132 sacto

1067 2154 1274 2188 incurrendis.
1300 2154 1336 2186 Et
1360 2154 1401 2186 ita
1426 2153 1562 2186 decrevit
1593 2158 1623 2185 et
1652 2153 1809 2185 mandavit

1068 2209 1184 2252 ubique
1200 2207 1420 2241 inviolabiliter
1444 2207 1614 2240 observari.

1110 2263 1125 2306 ἓ
1150 2262 1179 2295 5.
1204 2262 1272 2295 Non
1293 2260 1490 2294 obstantibus
1507 2260 1538 2292 in
1557 2260 1614 2293 hac
1630 2264 1719 2303 parte
1737 2270 1810 2293 con-

1066 2316 1280 2349 stitutionibus
1290 2314 1521 2359 suprascriptis,
1530 2314 1656 2347 decreto
1669 2315 1808 2358 praefato

1067 2369 1152 2402 Pauli
1176 2369 1209 2409 V,
1227 2368 1505 2402 consuetudinibus
1526 2368 1620 2400 ctiam
1642 2368 1807 2401 immemo-

1067 2423 1236 2463 rabilibus,
1261 2432 1318 2455 nec
1342 2431 1405 2455 non
1430 2421 1577 2454 omnibus
1603 2427 1632 2454 et
1660 2421 1806 2465 singulis,

1066 2487 1145 2521 quae
1175 2477 1433 2520 praedecessores
1456 2476 1609 2520 praedicti
1642 2477 1809 2510 voluerunt

1066 2541 1128 2563 non
1142 2531 1278 2569 obstare,
1293 2541 1328 2562 ac
1342 2530 1410 2562 aliis
1424 2530 1675 2573 quibuscumque
1688 2529 1719 2562 in
1737 2539 1808 2563 con-

1066 2584 1199 2617 trarium
1224 2584 1418 2617 facientibus.

1109 2636 1124 2679 ἓ
1148 2635 1176 2668 6.
1199 2636 1311 2668 Volens
1335 2641 1365 2668 et
1388 2635 1559 2668 decernens
1578 2646 1637 2679 pro
1661 2635 1807 2668 observa-

1065 2689 1147 2723 tione
1162 2694 1191 2722 et
1211 2689 1420 2733 exequutione
1442 2689 1616 2734 praesentis
1633 2689 1761 2731 decreti,
1776 2694 1806 2723 et

1821 281 1869 307 An.
1884 280 1912 308 C.
1936 280 2002 309 1622

1847 878 1871 899 Et
1888 879 1906 898 in
1918 877 2006 903 reliquis

1820 905 1934 925 serrantia<
1959 910 2005 924 esse

1820 933 1907 952 aliorum
1921 930 2006 951 Ponun-

1821 965 1866 979 rnui
1900 958 2006 979 Constitu—

1822 988 1896 1009 tiones,

1856 1358 1880 1379 Et
1896 1359 1915 1379 in
1930 1359 2007 1379 divinis

1824 1385 1897 1406 sistit-iis
1952 1387 2007 1406 ccle-

1824 1412 1909 1433 lvrandis
1917 1418 1956 1432 non
1966 1412 2008 1432 alio

1824 1445 1884 1465 quain
1929 1438 2007 1459 Conra-

1823 1470 1900 1491 pltutits
1924 1471 2007 1486 nomine

1823 1496 1851 1513 uti
1861 1493 1939 1514 debere
1947 1498 2008 1519 prae-

1823 1520 1880 1546 cipit.

1845 2268 1962 2290 Contrariis
1973 2268 2009 2290 do·

1824 2299 1893 2321 rogat.

1862 2643 2007 2670 Exequutores

1821 2669 1910 2695 deputat.
1933 2673 2007 2691 contra

1821 2702 1900 2717 onmes.
