2293 3231
77 263 129 292 An.
139 262 169 292 C.
191 262 255 292 162¹

105 324 219 347 concon-io
232 323 262 346 h·

80 350 206 401 aaa.
220 355 262 378 v·

884 259 1060 286 cneconms
1082 260 1124 285 xv
1146 258 1196 285 1²1>-
1689 247 1754 282 555
1797 257 1850 287 An.
1864 259 1893 288 c.
1914 261 1980 291 1021

320 308 335 354 §
351 307 380 342 2.
394 308 474 342 Hinc
488 314 545 351 est,
555 308 638 353 quod
655 319 722 350 nos,
732 308 1012 353 supplicationibus
1029 318 1032 346 ς
1047 307 1222 341 cacieribus
1245 311 1275 339 et
1299 303 1431 339 insolitis
1448 303 1609 346 clausulis,
1634 302 1785 338 irritanti-

276 361 452 396 charissimi
477 362 508 394 in
533 361 656 396 Christo
675 362 732 395 tilii
755 362 854 395 nostri
879 361 1013 405 Philippi
1030 362 1032 416 ὲ
1048 361 1168 404 busque
1193 365 1223 393 et
1247 359 1315 392 aliis
1334 359 1478 400 decretis,
1495 358 1526 391 in
1542 367 1658 401 genere
1683 358 1730 391 vel
1755 358 1787 392 in

276 414 498 459 Hispaniarum
514 415 600 458 regis
614 415 758 449 catholici
775 415 902 449 nomine
925 414 1014 448 nobis
1030 417 1032 450 ζ
1048 413 1152 457 specie
1167 440 1174 453 ,
1203 424 1238 446 ac
1263 413 1359 453 alias,
1381 412 1474 445 etiam
1502 411 1620 446 iteratis
1646 410 1765 444 vicibus
1779 439 1786 452 ,

276 479 373 513 super
391 469 451 502 hoc
466 468 628 503 humiliter
645 469 799 513 porrectis
814 468 963 509 inclinati,
977 467 1015 500 de
1029 456 1032 478 ⁴
1048 466 1215 505 concessis,
1233 465 1427 498 confirmatis
1443 468 1471 499 et
1489 464 1652 498 innovatis.
1671 463 1788 503 Quibus

276 522 503 556 venerabilium
526 523 659 556 fratrum
684 528 865 555 nostrorum
891 526 1015 554 sanctae
1030 504 1033 540 i
1048 519 1194 553 omnibus
1214 524 1244 552 ct
1268 519 1408 562 singulis,
1429 518 1550 552 etiamsi
1574 528 1633 562 pro
1661 517 1788 551 illorum

277 575 437 609 Romanae
453 576 610 609 Ecclesiae
624 575 830 610 cardinalium
848 574 928 608 sacri
941 575 1016 608 Con·
1031 566 1033 597 l
1048 573 1212 606 sufficienti
1231 572 1444 616 derogatione,
1461 572 1499 605 de
1518 571 1588 611 illis,
1615 581 1789 615 eorumque

278 628 341 663 citii
354 629 528 662 Tridentini
545 629 753 674 interpretum
770 629 912 668 consilio,
928 638 1017 660 vene-
1049 627 1121 660 totis
1132 626 1304 667 tenoribus,
1315 626 1470 671 specialis,
1479 625 1790 670 specifica,cxpressa

132 2141 272 2173 Derorogatio

89 2171 252 2192 Contrariorum.

277 682 431 716 rabilibus
465 683 615 716 fratribus
649 683 895 728 archiepiscopis
924 686 1016 728 atque
1032 671 1033 692 ¹

278 735 433 780 episcopis
449 736 607 769 Indiarum
625 736 876 776 occidentalium,
890 740 930 776 et,
944 734 1016 768 sede

277 790 402 824 illarum
420 795 559 831 vacante,
572 790 799 824 cathedralium
812 789 1015 823 ecclesiarum

278 843 432 888 capitulis,
458 849 490 877 ut
514 844 664 887 gradibus
687 844 954 882 bacculum-catus,
980 842 1035 879 li-¹

278 897 484 938 centiaturae,
502 897 676 940 magisterii
696 902 727 929 et
742 896 923 930 doctoratus
947 889 1035 934 insi-,f

279 950 369 994 gnire
389 951 510 984 valeant
526 956 679 995 quotquot
693 950 782 983 annis
802 949 941 994 quinque
959 955 1019 982 stu-
1034 987 1036 998 ,

278 1004 404 1038 duerint
413 1005 445 1038 in
454 1005 594 1048 collegiis
607 1004 749 1037 formatis
760 1004 1017 1048 presbyterorum
1033 1044 1036 1050 ⁶

278 1058 442 1092 Societatis
466 1058 535 1091 Iesu
558 1058 732 1090 insularum
756 1056 1017 1101 Philippinarum,

279 1121 315 1144 ac
332 1110 370 1144 de
385 1111 482 1152 Chite,
499 1112 670 1151 Tucuman,
693 1110 793 1143 Fluvii
817 1109 855 1142 de
881 1109 966 1142 Plata
989 1114 1035 1152 et¹

277 1163 351 1199 novi
378 1164 468 1207 regni
494 1163 712 1205 Granatensis,
730 1163 926 1206 aliarumque
950 1155 1037 1211 pro-i

278 1217 453 1251 vinciarum
463 1221 493 1252 et
501 1218 637 1262 partium
652 1217 836 1251 earumdem
847 1217 1018 1257 indiarum,
1034 1224 1037 1248 t

279 1271 332 1305 ubi
347 1282 410 1305 non
424 1276 495 1305 sunt
506 1271 725 1305 universitates
742 1271 836 1304 studii
853 1270 1018 1314 generalis,

280 1334 360 1368 quae
387 1335 404 1357 a
434 1325 568 1368 publicis
593 1324 850 1357 universitatibus
878 1324 1037 1365 ducentisg

281 1377 390 1410 saltem
406 1377 593 1411 milliaribus
605 1378 730 1418 distant,
741 1378 783 1410 ita
795 1383 829 1411 ut
842 1377 957 1420 gradus
966 1378 1020 1411 hu·
1034 1367 1037 1408 i

280 1429 417 1464 iusinodi
430 1430 546 1474 ubique
556 1431 698 1464 locorum
711 1431 923 1474 suffragentur
931 1431 1019 1473 (dum

283 1489 386 1517 tamen
410 1484 520 1525 iidem,
545 1489 579 1517 ut
602 1485 777 1528 praefertur
792 1484 1019 1528 promovendi,

282 1536 369 1581 prius
385 1537 539 1580 gesserint
555 1542 641 1572 actus
662 1548 787 1578 omnes,
814 1538 867 1582 qui
895 1538 927 1570 in
951 1534 1038 1571 uni?

282 1591 481 1624 vei—sitatibus
498 1592 698 1634 generalibus
712 1592 781 1624 fieri
790 1597 1022 1625 consueverunt
1036 1593 1038 1609 “

282 1654 341 1687 pro
357 1644 406 1677 his
422 1644 574 1688 gradibus
591 1645 808 1689 adipiscendis,
833 1650 926 1690 atque
944 1656 960 1678 a
977 1656 1022 1678 re-
1036 1641 1039 1664 ⁴

282 1701 369 1731 ctore
389 1703 419 1730 et
442 1698 594 1742 magistro
611 1699 735 1742 collegii
761 1699 1020 1743 approbationem
1037 1721 1039 1732 ψ,

282 1750 498 1795 obtinuerint),
515 1751 661 1796 quodque
678 1758 812 1796 tempus,
826 1763 888 1796 quo
905 1753 974 1796 quis
991 1752 1022 1784 iu
1037 1744 1040 1783 Ῐ

282 1805 452 1848 praedictis
472 1805 613 1849 collegiis
630 1805 794 1846 studuerit,
813 1811 1021 1850 computetur,
1038 1801 1039 1818 ³

283 1862 313 1892 et
331 1859 431 1902 prosit
454 1859 492 1892 ad
517 1858 663 1892 effectum
688 1859 846 1900 lucrandi,
871 1870 949 1903 quos
973 1855 1040 1893 v0-}

284 1915 364 1952 cant,
391 1922 501 1945 cursus
523 1912 555 1945 in
578 1912 834 1946 universitatibus
862 1907 1041 1950 Indiarumf

285 1963 541 2006 occidentalium,
565 1965 737 2009 apostolica
754 1965 952 2006 auctoritate,
977 1952 1041 2004 te-ff

285 2027 363 2050 nore
385 2017 614 2061 praesentium,
641 2018 843 2052 concedimus
868 2022 897 2053 et
921 2007 1041 2051 indul-¹

287 2080 406 2114 gemus.

331 2123 391 2167 §2
417 2124 485 2157 Non
510 2123 706 2158 obstantibus
727 2124 890 2167 quibusvis
914 2124 1026 2158 consti-

287 2176 462 2210 tutionibus
474 2181 504 2210 et
517 2176 766 2210 ordinationibus
783 2177 976 2222 apostolicis,
989 2188 1025 2210 ac

287 2241 560 2275 quarumcumque
573 2231 813 2264 universitatum
830 2232 1025 2274 generalium

289 2283 494 2327 (iuramento,
519 2283 758 2317 confirmatione
782 2284 955 2328 apostolica
979 2285 1044 2317 vel'

1050 691 1085 713 ac
1109 680 1146 713 dc
1172 680 1266 713 verbo
1291 680 1328 712 ad
1349 680 1500 720 verbum,
1517 690 1579 712 non
1604 682 1707 712 autem
1732 688 1790 722 per

1050 734 1204 766 clausulas
1213 734 1375 777 generales
1384 733 1465 766 idem
1478 733 1519 765 im
1523 737 1694 776 portantes,
1704 741 1791 764 men-

1052 787 1093 820 tio
1107 787 1202 820 facta¹
1220 788 1308 827 soret,
1321 792 1448 820 tenores
1460 785 1651 826 huiusmodi,
1662 795 1698 819 ac
1713 785 1738 818 si
1752 784 1790 818 de

1051 840 1147 874 verbo
1164 840 1202 873 ad
1220 840 1351 873 verbum
1369 840 1593 880 insererentur,
1618 838 1792 884 praesenti-

1052 895 1110 927 bus
1134 905 1194 938 pro
1219 894 1374 938 expressis
1398 898 1427 928 et
1452 893 1642 927 sufficienter
1666 892 1791 926 insertis

1052 948 1211 989 habentes,
1230 948 1291 980 illis
1308 947 1383 980 alias
1401 947 1432 980 in
1450 958 1507 981 suo
1522 947 1637 980 robore
1649 956 1792 991 perman-

1053 1001 1144 1041 suris,
1163 1001 1223 1033 hac
1242 1002 1308 1033 vice
1325 1000 1485 1034 dumtaxat
1505 1001 1682 1044 specialiter
1695 1006 1725 1034 et
1741 1011 1793 1033 ex-

1052 1065 1158 1098 presse
1186 1053 1396 1097 derogamus,
1426 1055 1601 1097 ccterisque
1627 1053 1792 1088 contrariis

1052 1108 1312 1151 quibuscumque.
1466 1101 1470 1104 Δ

1096 1162 1208 1195 Datum
1231 1163 1359 1202 Romae,
1382 1160 1464 1205 apud
1486 1161 1515 1194 S.
1538 1161 1667 1194 Mariam
1698 1161 1792 1195 Maio-

1052 1225 1137 1256 rem,
1162 1215 1219 1247 sub
1243 1215 1358 1247 annulo
1383 1214 1570 1254 Piscatoris,
1592 1213 1642 1247 die
1660 1224 1692 1247 ix
1715 1214 1792 1248 iunii

1053 1279 1182 1310 uncxm,
1200 1268 1400 1313 pontificatus
1416 1268 1516 1302 nostri
1533 1277 1615 1301 anno
1632 1277 1651 1300 1.

1090 1331 1146 1359 Dat.
1164 1331 1207 1359 die
1220 1333 1236 1359 9
1252 1331 1309 1358 iulii
1327 1331 1405 1364 1621,
1421 1331 1515 1367 pontif.
1533 1339 1603 1358 anno
1619 1338 1637 1358 i.

1400 1448 1463 1482 XX.

1036 1519 1178 1553 *Erectio
1204 1520 1300 1563 officii
1321 1521 1489 1564 perpetui,
1516 1519 1560 1553 ad
1583 1520 1690 1553 instar
1715 1520 1796 1553 alio—

1098 1583 1172 1605 rum
1194 1574 1369 1616 officiorum
1396 1574 1562 1608 Romanae
1588 1574 1715 1613 Curiae,
1741 1584 1796 1606 va-

1099 1627 1214 1660 cubilis
1224 1637 1284 1670 pro
1297 1637 1363 1660 uno
1376 1627 1514 1668 notario,
1534 1627 1718 1670 specialiter
1741 1626 1795 1659 de-

1097 1684 1212 1723 putato
1226 1680 1268 1713 ad
1278 1680 1502 1724 formandum,
1516 1680 1679 1724 privative
1688 1679 1796 1724 quoad

1099 1733 1183 1766 alios
1206 1744 1420 1777 quoscumque
1450 1734 1607 1772 notarios,
1630 1743 1796 1777 processus

1101 1797 1208 1819 coram
1221 1787 1253 1820 S.
1269 1787 1307 1822 R.
1320 1787 1356 1820 E.
1374 1786 1599 1820 cardinalibus
1611 1797 1798 1830 superqua-

1102 1839 1248 1873 litatibus
1281 1839 1574 1883 promovendorum
1609 1850 1629 1873 α
1663 1840 1797 1873 Summo

1101 1893 1259 1935 Pontifice
1288 1893 1330 1926 ad
1361 1892 1561 1927 cathedrales
1592 1893 1740 1927 ecclesias
1769 1896 1798 1926 et

1100 1946 1298 1979 monasteria
1330 1945 1592 1987 consistorialia,
1624 1956 1798 1990 eoru-mque

1101 2003 1200 2039 statu»,
1217 2010 1290 2032 cum
1302 2000 1554 2043 prt‘vileqiormn
1565 2004 1594 2034 et
1610 2000 1799 2044 qratiarum

1102 2052 1297 2097 elaryitz'one
1307 2052 1328 2085 ³.

1273 2124 1430 2159 Gregorius
1446 2125 1526 2159 Papa
1539 2124 1596 2159 XV,

1183 2169 1218 2196 ad
1238 2172 1412 2204 perpetuam
1431 2170 1479 2198 rei
1497 2169 1680 2197 memoriam.

1103 2230 1268 2264 Consuevit
1278 2231 1437 2266 Romanus
1444 2231 1596 2273 Pontifex,
1606 2231 1638 2263 in
1650 2240 1800 2275 supremo

1061 2283 1252 2327 apostolicae
1266 2284 1429 2328 potestatis
1442 2285 1521 2318 solio
1535 2295 1571 2318 ex
1586 2284 1801 2330 praepotentis

287 2337 396 2382 quavis
412 2337 561 2370 firmitate
580 2337 640 2370 alia
664 2337 834 2381 ¹⁸⁰h0satis)
853 2337 974 2371 sununs
998 2342 1027 2371 et
1042 2325 1046 2380 i
1098 2358 1107 2382 i
1126 2355 1218 2383 Potius
1235 2355 1294 2391 lege
1308 2356 1447 2391 facienda
1461 2356 1502 2383 vel
1518 2356 1650 2384 habenda
1666 2359 1703 2391 (n.
1718 2356 1766 2391 τ.).

289 2390 585 2432 consuetudinibus,
611 2390 786 2435 privilegiis
808 2401 954 2434 quoque,
979 2391 1027 2423 in-

289 2443 384 2478 dultis
400 2449 430 2480 et
445 2445 556 2478 litteris
569 2444 758 2489 apostolicis,
769 2444 840 2485 illis,
853 2454 1026 2485 eorumque

290 2498 478 2540 rectoribus,
495 2498 665 2541 magistris,
686 2498 809 2532 clericis
826 2503 856 2532 et
873 2498 1026 2542 personis,

291 2555 321 2586 et
335 2552 495 2596 quibusvis
512 2552 590 2593 aliis,
604 2553 662 2586 sub
675 2552 927 2596 quibuscumque
944 2558 1028 2586 teno-

291 2604 379 2639 ribus
397 2611 428 2640 et
443 2606 566 2648 formis,
590 2617 626 2640 ac
651 2617 724 2640 cum
749 2606 909 2650 quibusvis
934 2606 1028 2640 etiam

1094 2400 1111 2427 2
1129 2400 1165 2428 De
1181 2400 1266 2427 forma
1280 2405 1370 2428 autem
1394 2401 1570 2436 promovendi
1590 2400 1623 2428 ad
1648 2400 1803 2429 huiusmodi

1061 2444 1189 2471 ccclesias
1202 2448 1227 2471 et
1243 2443 1396 2480 dignitates,
1409 2448 1435 2472 et
1450 2445 1626 2481 qualitatibus
1641 2453 1804 2481 promoven-

1061 2490 1167 2523 dorum,
1178 2489 1249 2517 ultra
1264 2489 1393 2525 disposita
1406 2499 1457 2526 per
1466 2499 1557 2518 sacros
1567 2499 1684 2519 canones
1698 2491 1725 2518 in
1741 2499 1801 2527 cap.

1063 2536 1135 2563 Cum
1150 2535 1181 2562 in
1199 2536 1304 2563 cunctis
1323 2535 1357 2563 de
1376 2535 1512 2569 election.,
1529 2535 1647 2564 etConc.
1664 2536 1737 2563 Trid.
1755 2536 1804 2563 de-

1062 2583 1145 2611 creta,
1160 2587 1226 2607 sess.
1239 2586 1286 2614 vti,
1303 2587 1361 2615 cap.
1374 2588 1393 2615 ι,
1410 2584 1438 2608 et
1451 2588 1509 2608 sess
1531 2588 1591 2616 xxv,
1607 2589 1669 2616 cap.
1679 2588 1690 2609 1
1705 2581 1739 2609 de
1754 2581 1804 2608 Re-

1060 2624 1224 2658 form.‚vide
1238 2624 1319 2652 etiam
1338 2624 1366 2651 in
1389 2624 1501 2654 Constit.
1524 2631 1579 2654 xvii
1600 2625 1724 2662 Gregorii
1748 2624 1803 2652 xiv
1830 2665 1835 2668 θ

292 2657 563 2704 derogatoriarum
583 2660 801 2705 derogatoriis‚
817 2660 948 2705 aliisque
968 2659 1030 2696 effi·
1063 2669 1153 2705 Onus,
1174 2671 1240 2700 tom.
1256 2675 1292 2706 ix,
1307 2677 1370 2705 pag.
1387 2669 1450 2699 419.

1841 2244 1935 2266 Exorata
1942 2250 1964 2265 u.
