2293 3231
884 249 1060 278 cnzaoaitvs
1084 250 1125 278 xv
1150 252 1197 277 Pr.
1705 240 1768 276 575
1814 249 1904 278 Aac.
1928 249 1992 278 1621

283 301 465 336 huiusmodi
495 312 530 335 ac
556 301 748 346 plenitudine
778 301 855 334 iuris
880 300 1022 334 canonici
1037 304 1039 330 t
1057 310 1122 334 0101
1125 310 1177 333 um
1195 299 1375 333 huiusmodi
1393 299 1536 333 volumus
1561 297 1718 341 anteferri,
1743 299 1795 332 sed

285 355 475 395 conserendi,
501 360 529 387 ct
548 355 585 387 de
615 355 674 387 illis
699 355 792 388 etiam
821 353 1021 398 ριο11(1(>11(11;
1038 354 1177 386 nullum
1195 364 1254 398 pei
1271 354 1329 386 hoc
1347 353 1390 385 eis
1415 352 1518 397 quoad
1542 352 1796 396 assequutionem

284 419 400 452 eosque
425 419 479 441 scu
505 419 614 442 eorum
640 413 862 452 piocuiatolcs
882 408 1040 451 ipsoium
1039 396 1254 449 dignitatum
1287 410 1525 450 personatuum,
1556 404 1798 438 administratio-

283 461 720 506 nominibusincorporalem
733 458 1041 506 possessioncmbe-
1057 470 1132 493 num
1156 461 1203 494 161
1228 460 1454 494 11611611116111111
1480 459 1613 492 aliorum
1639 458 1797 503 praeiudi-

284 515 610 556 nessciorum,iuritun
625 520 654 547 et
666 514 924 559 pertinentiarum
938 524 1025 557 prae-
1058 513 1140 546 cium
1171 513 1347 556 generari);
1373 518 1422 546 aut
1449 513 1474 545 si
1499 511 1740 556 archiepiscopo
1768 517 1798 545 ct

285 569 441 602 dictorum
451 568 671 603 inducendi.ac
680 567 1023 607 inductosdct'endendi;
1040 599 1042 627 Ι
1058 567 1214 611 episcopis
1232 577 1267 599 ac
1285 566 1427 610 capitulis
1444 566 1611 610 praedictis
1628 566 1799 599 communi-

286 627 316 654 et
332 621 457 654 easdem
478 621 684 654 nominandas
704 631 868 665 personas,
894 620 942 653 161
966 631 1025 664 pro
1040 628 1042 641 ¹
1060 625 1106 652 ter
1119 624 1171 652 aut
1183 619 1306 652 divisim
1324 619 1361 652 ab
1376 629 1402 652 6
1399 619 1485 652 idem
1496 619 1622 652 citsede
1631 618 1797 660 indultum

286 675 330 707 eis
343 684 381 718 pi
385 684 462 707 ocur
465 678 532 707 atoi
536 684 613 718 esp1
615 674 752 707 aedicto<
762 674 800 707 ad
811 685 858 718 pl
850 668 1043 707 aeliendum
1041 673 1143 729 quod
1161 674 1198 706 ad
1216 673 1428 732 receptionem
1445 674 1492 706 vel
1514 674 1798 718 praesentationem

285 727 478 767 huiusmodi,
496 727 527 760 in
548 727 679 770 5111(ιι1115
695 728 835 761 ecclesiis
860 727 1026 770 piaedictis
1041 734 1043 754 ¹
1059 726 1190 760 alicuius
1208 726 1337 759 minime
1358 731 1532 765 teneantur,
1550 731 1580 759 et
1599 726 1637 758 ad
1662 726 1693 759 id
1718 736 1800 760 com-

286 781 317 813 111
333 781 518 814 canonicum
539 786 567 813 et
585 781 715 814 fratrem
736 780 852 824 recipi,
879 786 908 813 et
936 779 1144 824 511111οι116111,
1161 783 1213 813 aut
1229 779 1314 823 quod
1331 785 1412 812 inter
1415 779 1489 819 (1161
1516 778 1663 823 suspendi
1680 779 1728 812 vel
1751 790 1800 812 ex-

88 257 136 286 An.
145 257 183 284 ·C.
206 255 270 285 1621

158 1589 273 1620 Derventio

89 1619 161 1641 comta
165 1622 250 1638 riorum.

286 833 344 867 sibi
361 833 392 866 in
417 834 515 867 choro
540 840 569 867 et
593 835 662 867 loco
679 834 711 867 in
728 834 863 878 capitulo
889 832 1044 876 singula-l

286 897 357 920 rum
378 887 583 920 ecclesiarum
601 887 835 932 praedictarum
856 897 927 919 cum
952 886 1025 919 dicti

287 940 364 974 iuris
395 941 589 984 plenitudine
621 940 807 984 assignatis,
835 950 956 973 necnon
988 933 1043 972 ad¹

287 993 408 1037 singula
425 993 483 1026 alia
500 993 652 1027 beneficia
668 992 859 1034 huiusmodi,
880 997 912 1025 ut
930 992 1026 1026 moris
1042 990 1043 1004 ¹

287 1052 343 1088 est,
364 1047 557 1089 admittendi,
583 1046 705 1090 sibique
721 1047 759 1080 de
777 1047 902 1080 illorum
920 1056 956 1079 ac
976 1056 1026 1079 ca·
1042 1038 1044 1068 ¹]

286 1100 491 1134 nonicatuum
515 1105 544 1133 ct
570 1099 824 1143 praebendarum
852 1099 1044 1143 praedicta-l

286 1165 358 1187 rum
375 1153 538 1195 fructibus,
555 1152 741 1195 redditibus,
754 1152 970 1197 proventibus,
986 1153 1028 1185 iu-

287 1207 375 1241 ribus
403 1210 433 1241 et
459 1206 701 1241 obventionibus
732 1206 885 1239 universis
906 1206 1028 1250 integre

288 1368 472 1412 postposita,
482 1368 712 1411 compescendi,
722 1373 887 1411 ceteraque
900 1367 930 1399 in
942 1378 1029 1411 prae-

290 1421 394 1454 missis
414 1422 498 1455 circa
514 1432 550 1454 ea
566 1422 741 1455 necessaria
753 1427 783 1455 et
796 1427 973 1466 opportuna
989 1422 1029 1454 sa-

290 1475 393 1508 ciendi
405 1480 435 1508 et
450 1475 632 1519 exequendi,
644 1476 769 1519 plenam
782 1481 811 1517 et
824 1475 968 1515 liberam,
978 1486 1029 1508 au-
1044 1466 1046 1498 l

289 1528 432 1562 ctoritate
453 1528 633 1572 apostolica,
651 1528 819 1562 tribuimus
839 1528 1026 1563 facultatem.

332 1582 356 1626 §-
381 1581 410 1615 3.
435 1583 504 1616 Non
528 1582 724 1616 obstantibus
754 1582 1046 1633 constitutionibus}

288 1639 318 1668 et
334 1634 584 1669 ordinationibus
603 1635 783 1679 apostolicis
797 1662 804 1675 ,
829 1646 863 1668 ac
886 1635 1027 1679 ipsarum

287 1688 490 1722 ecclesiarum
500 1689 700 1731 (iuramento,
711 1689 948 1722 confirmatione
957 1700 1029 1733 apo-

287 1742 407 1783 stolica,
425 1742 473 1776 vel
490 1741 598 1786 quavis
615 1742 764 1775 firmitate
780 1742 841 1775 alia
855 1743 1027 1786 roboratis)
1044 1747 1045 1794 J

287 1796 409 1830 statutis
425 1800 455 1829 et
479 1796 758 1829 consuetudinibus
779 1796 946 1830 contrariis
963 1797 1029 1841 qui—

286 1848 499 1894 buscumque:
517 1854 570 1882 aut
587 1850 612 1882 si
626 1849 722 1893 aliqui
742 1849 912 1894 apostolica
937 1861 1029 1894 prae-

288 1955 429 1989 ecclesiis
446 1956 476 1988 in
498 1956 666 1990 canonicos
686 1957 748 1989 sint
763 1957 892 2001 recepti,
912 1958 971 1997 vel,
996 1962 1030 1990 ut

289 2009 491 2053 recipiantur,
509 2008 668 2050 insistant3
692 2020 746 2044 seu
769 2011 794 2043 si
813 2021 908 2054 super
928 2011 1030 2055 provi-

290 2061 430 2095 sionibus
447 2062 505 2095 sibi
530 2063 678 2096 faciendis
695 2063 733 2096 de
749 2064 984 2097 canonicatibus
1001 2069 1031 2099 et

287 2115 486 2160 praebendis,
503 2121 556 2149 aut
575 2116 788 2160 dignitatibus,
801 2118 1029 2161 personatibus,

290 2169 612 2202 administrationibus
629 2174 660 2203 et
675 2170 786 2203 officiis
810 2170 966 2204 dictarum
980 2182 1031 2205 ec-

290 2223 456 2256 clesiarum
474 2222 636 2266 speciales,
652 2223 699 2256 vel
717 2223 785 2256 aliis
800 2223 961 2257 beneficiis
985 2235 1031 2258 ec-

291 2275 471 2309 clesiasticis
486 2275 586 2308 inillis
600 2276 743 2320 partibus
757 2277 918 2319 generales
931 2277 1031 2310 dictae

290 2328 378 2363 Sedis
394 2329 442 2362 vel
459 2329 636 2372 legatorum
654 2329 722 2362 eius
739 2329 858 2363 litteras
886 2330 1032 2374 impetra-

290 2383 362 2423 rint,
379 2382 501 2416 etiamsi
518 2393 575 2427 per
590 2393 642 2415 eas
668 2383 705 2415 ad
730 2383 961 2424 inhibitionem,
986 2395 1032 2417 re-

290 2436 499 2472 servationem
516 2442 546 2470 et.
560 2437 733 2478 decretum,
749 2438 795 2470 1-6]
809 2437 886 2471 alias
902 2448 1048 2483 quomo-¹

290 2490 408 2524 dolibet
439 2491 478 2524 sit
508 2502 693 2536 processum
725 2490 853 2536 (quibus
886 2491 1032 2526 omnibus

290 2552 440 2587 personas
456 2544 631 2588 praedictas
646 2545 677 2578 in
701 2545 921 2590 assequutione
941 2555 1032 2580 cano-

290 2595 451 2630 nicatuum
473 2603 503 2630 et
526 2597 778 2642 praebendarum
793 2625 800 2639 ,
825 2598 1030 2641 dignitatum,

1060 833 1287 866 communicari
1320 842 1382 866 non
1417 833 1559 877 possint,
1591 832 1738 876 quodque
1761 833 1800 866 dc

1060 885 1294 919 canonicatibus
1314 891 1344 919 et
1359 885 1555 930 praebendis,
1573 890 1626 918 aut
1641 885 1800 929 dignitati-

1060 940 1128 979 bus,
1146 939 1382 983 personatibus,
1404 939 1728 973 administrationibus
1753 941 1799 973 vel

1061 992 1171 1026 officiis
1196 992 1394 1033 huiusmodi,
1419 998 1471 1025 aut
1493 992 1562 1025 aliis
1576 992 1738 1025 beneficiis
1755 1003 1802 1026 ec-

1061 1046 1253 1087 clesiasticis,
1271 1045 1308 1078 ad
1328 1056 1438 1079 eorum
1456 1046 1674 1086 collationem,
1699 1046 1803 1090 provi-

1061 1098 1192 1140 sionem,
1210 1099 1510 1143 praesentationem,
1535 1099 1731 1140 electionem,
1748 1109 1802 1132 seu

1061 1153 1204 1196 quamvis
1220 1153 1312 1185 aliam
1338 1153 1586 1197 dispositionem,
1610 1153 1801 1186 coniunctim

1043 1238 1044 1246 ,
1062 1206 1108 1238 vel
1119 1206 1298 1250 separatim,
1308 1205 1530 1249 spectantibus,
1538 1206 1615 1238 nulli
1624 1206 1724 1239 valeat
1733 1217 1804 1250 pro-

286 1260 471 1305 responderi
482 1260 623 1302 faciendi,
637 1272 672 1294 ac
682 1260 928 1295 contradictores
938 1271 1029 1304 quos·
1044 1278 1045 1283 ι

287 1314 372 1355 libet,
389 1314 473 1347 dicta
490 1314 673 1347 auctoritate
687 1315 804 1355 nostra,
819 1314 1028 1357 appellatione
1043 1328 1045 1341 τ

1061 1259 1159 1292 videri
1174 1270 1231 1304 per
1244 1260 1363 1294 litteras
1380 1260 1567 1304 apostolicas
1580 1270 1643 1294 non
1658 1260 1803 1296 facientes

1062 1314 1186 1357 plenam
1200 1319 1230 1347 et
1250 1324 1440 1358 expressam,
1458 1324 1493 1347 ae
1513 1314 1550 1347 de
1564 1315 1660 1348 verbo
1680 1314 1719 1347 ad
1739 1325 1805 1348 ver-

1061 1368 1136 1400 bum
1153 1368 1190 1401 de
1208 1368 1328 1401 indulto
1350 1368 1530 1401 huiusmodi
1552 1368 1756 1410 mentionem,
1774 1374 1804 1402 et

1062 1422 1201 1466 qualibet
1226 1422 1286 1454 alia
1311 1422 1411 1455 dictae
1431 1422 1519 1455 Sedis
1536 1421 1729 1466 indulgentia
1754 1433 1805 1466 ge-

1062 1475 1161 1508 nerali
1174 1476 1222 1508 vel
1236 1475 1363 1519 speciali
1374 1476 1600 1520 cuiuscumque
1613 1476 1730 1509 tenoris
1744 1476 1805 1509 exi-

1062 1532 1131 1569 stat,
1142 1539 1198 1573 per
1207 1540 1300 1572 quam
1311 1529 1530 1574 praesentibus
1544 1539 1609 1562 non
1622 1539 1804 1573 expressam

1063 1583 1109 1614 vel
1134 1582 1270 1616 totaliter
1295 1583 1446 1616 insertam
1472 1582 1600 1616 effectus
1623 1583 1804 1617 huiusmodi

1044 1663 1045 1688 ἶ
1062 1635 1181 1678 gratiae
1202 1635 1346 1680 impediri
1376 1636 1474 1668 valeat
1495 1636 1733 1679 quomodolibet
1755 1638 1804 1670 vel

1062 1689 1197 1730 differri,
1222 1695 1251 1722 et
1275 1689 1313 1722 de
1338 1700 1415 1732 qua,
1436 1689 1587 1733 cuiusque
1613 1694 1678 1722 toto
1696 1694 1804 1724 tenore

1063 1743 1206 1776 habenda
1226 1743 1263 1776 sit
1281 1743 1312 1776 in
1329 1744 1445 1776 nostris
1462 1744 1573 1777 litteris
1596 1744 1715 1777 mentio
1739 1755 1804 1788 spe-

1063 1797 1163 1837 cialis;
1182 1808 1235 1830 seu
1254 1797 1279 1830 si
1293 1808 1446 1841 personae
1464 1797 1641 1841 praedictae
1655 1808 1803 1842 praesen-

1044 1878 1046 1886 .
1062 1856 1108 1883 tes
1124 1861 1187 1884 non
1212 1851 1326 1884 suerint
1342 1851 1380 1883 ad
1397 1851 1633 1895 praestandum,
1647 1851 1684 1884 de
1698 1851 1804 1885 obscr-

288 1902 370 1936 dicta
386 1903 434 1936 vel
453 1903 513 1936 alia
538 1903 647 1947 quavis
671 1903 857 1937 auctoritate
882 1904 913 1936 in
938 1891 1046 1937 dictis³

1063 1904 1170 1937 randis
1184 1905 1305 1938 statutis
1315 1909 1345 1937 ct
1357 1904 1636 1938 consuetudinibus
1648 1904 1803 1938 dictarum

1063 1958 1285 1998 ecclesiarum,
1306 1957 1433 1991 solitum
1453 1958 1666 1990 iuramentum
1680 1985 1687 1998 ,
1713 1958 1804 1991 dum-

1063 2011 1157 2045 modo
1182 2012 1213 2044 in
1238 2012 1379 2045 absentia
1405 2013 1461 2045 sua
1483 2022 1540 2056 per
1563 2015 1804 2056 procuratorem

1045 2065 1220 2105 idoneum,
1246 2071 1286 2106 et,
1311 2076 1382 2098 cum
1407 2066 1445 2098 ad
1465 2066 1612 2099 ecclesias
1629 2066 1805 2110 praedictas

1045 2136 1047 2159 ;
1063 2119 1251 2152 accesserint
1269 2119 1487 2163 corporaliter,
1505 2119 1580 2152 illud
1597 2123 1766 2164 praestent.

1108 2173 1122 2215 ἓ
1135 2172 1165 2205 4.
1179 2172 1330 2205 Volumus
1343 2177 1459 2213 autem,
1470 2177 1513 2213 ut,
1524 2172 1549 2205 si
1563 2172 1695 2206 alicuius
1708 2183 1744 2205 ex
1756 2173 1806 2206 be-

1063 2225 1184 2258 neficiis
1202 2236 1259 2270 per
1277 2230 1305 2260 te
1322 2226 1430 2269 vigore
1450 2227 1663 2270 praesentium
1685 2226 1805 2259 collatis

1045 2278 1193 2324 ‚fruetus
1210 2278 1351 2311 redditus
1371 2283 1401 2311 et
1423 2284 1594 2323 proventus
1617 2278 1805 2323 vigintiqua-

1064 2336 1136 2364 tuor
1151 2331 1338 2365 ducatorum
1352 2332 1421 2365 auri
1438 2332 1476 2365 de
1490 2342 1615 2365 camera
1632 2332 1805 2366 secundum

1064 2394 1264 2418 communem
1275 2385 1509 2419 extimationem
1517 2386 1655 2418 valorem
1666 2395 1805 2419 annuum

1064 2437 1272 2478 excesserint,
1297 2438 1359 2478 illi,
1385 2439 1498 2482 quibus
1522 2449 1580 2482 per
1596 2444 1626 2472 te
1643 2438 1804 2483 provisum

1064 2490 1102 2524 de
1127 2491 1187 2524 illis
1212 2491 1364 2532 extiterit,
1390 2492 1470 2525 infra
1491 2502 1542 2525 sex
1568 2503 1702 2534 menses,
1719 2503 1737 2526 a
1756 2493 1806 2526 (116

1065 2545 1109 2578 eis
1124 2544 1277 2577 factarum
1293 2544 1509 2588 provisionum
1529 2545 1710 2579 huiusmodi
1724 2555 1807 2579 com·

1064 2598 1228 2644 putandos,
1253 2609 1366 2632 novam
1390 2599 1604 2642 provisionem
1628 2609 1723 2644 super
1744 2599 1806 2632 illis

291 2648 608 2694 administrationum,
622 2657 652 2687 et
666 2652 844 2688 officiorum
860 2658 892 2688 et
918 2652 1032 2688 benefi-
1064 2662 1082 2686 a
1106 2652 1191 2688 dicta
1213 2652 1293 2689 Sede
1316 2653 1497 2698 Apostolica
1522 2653 1702 2703 impetrare,
1725 2652 1828 2688 litte·-

1851 2180 2003 2202 Beneficiorum

1820 2208 1925 2228 redditum
1937 2208 2004 2233 vissin·

1821 2235 1917 2260 liquatuo
1906 2240 1929 2254 or
1939 2233 2004 2254 duca-

1821 2263 1888 2282 torum
1902 2260 2004 2281 exceden-

1821 2288 1871 2308 tium
1898 2287 2005 2317 expeditio

1820 2314 1841 2335 in
1865 2313 1950 2335 datan-ta
1975 2313 2005 2334 {³-

1821 2341 1903 2362 cienda.
