2293 3231
2248 207 2257 215 ι

308 293 356 318 An.
377 290 404 317 c.
429 290 494 318 1613
541 281 605 314 226
1083 285 1263 311 ΒυιιΑιὶιωι
1288 285 1445 310 noussen
2040 282 2091 310 An.
2107 282 2136 310 c.
2155 216 2260 366 10¹3}

508 337 547 371 ad
571 337 715 370 semitam
742 336 836 376 vulgo
867 339 1078 377 nuncupatam
1106 332 1254 366 Sentiero
1290 331 1394 369 tilatis,
1420 331 1535 364 summi
1561 332 1614 364 Dei
1639 332 1750 374 gratia,
1777 331 1935 364 mediante
1959 340 2030 374 pru·
2226 339 2235 362 ³.

509 390 793 426 diMontetov-tore,
809 391 839 420 et
852 386 1123 430 comprehendere
1138 385 1254 418 nedum
1289 384 1394 417 dentia
1415 388 1444 418 et
1459 384 1644 418 dexteritate
1657 384 1810 428 praedicti
1827 382 1888 416 ἰ11““’·
1901 388 1929 416 et
1947 381 2031 416 rev¹¹’i

510 441 726 476 molendinum
752 443 967 482 nuncupatum
984 438 1020 471 di
1045 438 1186 477 Con-sino,
1208 448 1257 470 re·
1289 437 1321 469 D.
1341 436 1508 470 cardinalis
1524 436 1628 479 legati,
1648 441 1857 469 concurrente
1880 437 1978 480 opera
1994 435 2031 468 il-

510 505 581 528 rum
608 493 702 526 etiam
734 492 846 525 domos
870 491 901 524 in
928 491 998 524 loco
1022 496 1206 534 nuncupato
1231 490 1257 522 Ii
1291 489 1554 523 lustrissimorum
1576 495 1606 523 et
1619 489 1955 522 excellentissimortun
1971 488 2030 521 DD.

511 547 634 590 Baqht',
652 545 738 583 dum,
760 545 826 578 vice
848 546 950 584 versa,
974 554 1033 588 pro
1056 549 1145 588 parte
1165 543 1257 576 Muti-
1292 543 1436 576 Herculis
1461 543 1602 586 [tangoni
1630 548 1658 575 et
1684 542 1810 586 losephi
1835 542 1974 575 Anselmi
1999 541 2034 574 il-

513 599 659 633 nensium
676 597 948 645 praetenderetur,
974 596 1054 629 fines
1080 595 1258 630 Montistur-
1291 596 1352 629 lius
1377 595 1569 636 auditorum,
1594 606 1746 639 suamque
1771 605 1900 639 operam
1924 594 2034 628 sedulo

513 653 611 693 turis,
637 652 789 686 territorii
809 650 1004 691 Mutinensis,
1032 661 1065 683 se
1090 649 1258 683 extendere
1292 649 1478 682 navantibus
1510 648 1743 692 pei-illustribus
1774 648 1834 681 DD.
1866 647 2035 691 assumptis

514 717 614 750 usque
639 706 677 739 ad
702 706 800 738 altare
831 705 933 738 maius
957 704 1109 738 ecclesiae
1133 708 1259 736 sanctae
1294 702 1354 734 illm·
1379 701 1544 745 regiminis
1569 701 1774 735 Bononiensis
1799 701 1830 734 in
1854 699 2036 733 huiusmodi

516 759 628 793 Luciae
653 759 691 792 de
717 758 850 792 Boffeno
878 759 972 801 vulg-0
996 762 1207 801 nuncupatae,
1231 760 1259 790 et
1293 755 1422 797 negotio
1447 755 1616 799 deputatis,
1641 754 1829 798 praesertim
1853 752 2037 797 perillustri-

516 812 649 858 proinde
682 812 957 856 comprehendere
989 811 1105 844 multas
1129 810 1260 849 domos,
1295 808 1353 841 bus
1390 808 1448 841 DD.
1486 807 1656 841 comitibus
1690 807 1836 851 Philippo
1866 805 1984 850 Pepulo
2008 810 2038 837 et

517 872 547 900 et
571 866 760 910 quamplura
777 871 903 899 terrena
919 865 999 898 citra
1016 866 1133 897 flumen
1153 863 1262 896 Samo·
1296 861 1400 905 Sylvio
1432 861 1618 904 Albergato,
1644 866 1672 894 et
1704 865 1893 905 cooperante
1916 859 1986 892 illmo
2009 863 2040 891 et

517 920 606 961 diae,
632 920 823 964 illorumque
853 919 1047 952 habitatores
1071 921 1101 951 et
1124 917 1262 950 incolas:
1299 921 1391 948 ext-»¹¹¹⁰
1406 915 1427 947 l.
1447 916 1479 949 L'.
1500 914 1532 947 D.
1547 915 1580 947 D.
1597 914 1762 948 Dominico
1779 913 1913 947 Medices
1929 922 2039 946 eorum

328 988 504 1015 nepuiauuinn-
562 974 701 1014 Quarum
722 972 973 1006 differentiarum
994 971 1171 1010 occasione,
1185 970 1265 1002 illas·
1299 968 1481 1002 consiliario
1502 979 1538 1001 ex
1556 970 1628 1008 una,
1645 973 1674 1001 et
1696 978 1732 1000 ex
1750 967 1849 1000 altera
1875 970 1964 1010 parte
1980 975 2042 998 me-

334 1015 504 1064 ffmfdconeor-
519 1038 581 1072 que
606 1026 814 1060 amicabiliter
838 1025 1028 1058 terminandi
1054 1024 1173 1067 gratia,
1199 1034 1266 1057 me-
1299 1021 1403 1053 diante
1428 1021 1600 1065 perillustri
1631 1025 1657 1053 et
1684 1025 1775 1053 exc¹¹¹⁰
1800 1020 1820 1053 1.
1847 1019 1881 1052 U.
1907 1018 1940 1052 D.
1965 1017 2041 1052 olim

521 1080 680 1114 diantibus
718 1080 954 1124 perillustribus
986 1079 1045 1112 DD.
1078 1078 1266 1121 assumptis,
1300 1075 1332 1108 D.
1360 1076 1452 1108 l'etro
1476 1075 1573 1108 Paulo
1589 1076 1693 1115 Catilii,
1713 1075 1789 1108 dum
1810 1074 1938 1114 viveret,
1957 1082 2044 1118 prae-

1301 1128 1376 1160 dicti
1409 1127 1603 1161 serenissimi
1639 1128 1759 1162 domini
1793 1127 1884 1161 ducis
1918 1126 1957 1160 ad
1984 1126 2045 1159 hoc

522 1135 680 1180 deputatis
704 1134 743 1166 ab
776 1133 849 1167 illuit<
873 1133 932 1166 DD.
958 1132 996 1165 de
1021 1132 1176 1175 regimine
1208 1131 1267 1165 Bo-

523 1188 647 1229 noniae,
663 1193 693 1221 et
712 1187 948 1232 perillustrilnis
964 1186 1024 1219 DD.
1042 1185 1269 1219 eonnnissariis
1302 1181 1531 1219 commissario,
1548 1187 1579 1215 et
1598 1182 1727 1222 deinde,
1743 1182 1796 1215 illo
1811 1180 1975 1226 impedito,
1991 1179 2045 1214 de-

1303 1245 1454 1278 mumque
1479 1241 1616 1272 mortuo,
1635 1235 1808 1279 perillustri
1835 1239 1864 1268 et
1890 1233 2045 1268 excellen-

525 1253 542 1275 a
565 1241 770 1275 serenissimo
794 1241 827 1274 D.
853 1240 932 1273 duee
958 1239 1093 1273 Mutinae
1111 1244 1137 1272 ct
1158 1239 1268 1281 Rhegi}

525 1295 692 1340 deputatis,
708 1296 836 1328 fuerunt
860 1293 982 1326 visitata
998 1293 1067 1326 loca
1084 1292 1272 1326 differentia-

527 1360 598 1383 rum
615 1348 809 1389 liuiusmodi,
828 1347 922 1380 ctiam
940 1358 1012 1380 euni
1030 1346 1142 1391 peritis
1158 1346 1273 1379 utrius—

527 1414 589 1448 que
617 1402 734 1447 partis,
752 1405 781 1435 et
811 1401 889 1434 liaee
918 1400 1052 1433 nedum¹
1079 1400 1194 1440 semel,
1218 1400 1273 1432 sed

528 1456 659 1502 pluries,
677 1461 707 1489 et
732 1454 830 1488 habiti
848 1454 940 1487 multi
964 1459 1115 1487 tractatus
1132 1453 1163 1485 in
1180 1454 1273 1492 facto,

528 1516 559 1544 et
583 1515 680 1550 extra,
705 1514 732 1542 et
759 1514 822 1542 tam
847 1518 955 1541 eoram
981 1507 1048 1540 ill¹¹²⁰
1071 1512 1099 1539 et
1125 1513 1215 1540 rev¹¹¹⁰
1240 1507 1272 1540 D.

529 1564 688 1598 cardinale
733 1562 906 1596 Iustiniano
929 1588 936 1601 ,
968 1566 1042 1593 tune
1086 1560 1274 1594 Bononiensi

530 1619 644 1661 legato,
669 1627 765 1660 quam
790 1626 898 1649 coram
915 1615 982 1647 ill-¹¹0
1007 1619 1036 1647 et
1053 1620 1143 1647 rev¹¹¹⁰
1159 1615 1193 1647 D.
1212 1625 1276 1647 ear-

530 1671 633 1704 dinale
658 1669 831 1703 Barberino
851 1680 909 1712 pro
927 1670 1033 1701 sancta
1051 1667 1128 1700 Sede
1146 1668 1277 1711 Aposto-

531 1724 592 1758 lica
609 1723 762 1757 moderno
781 1723 886 1766 legato
903 1721 1109 1754 meritissimo
1134 1720 1276 1754 eiusdem

532 1777 676 1818 civitatis,
694 1782 724 1810 et
741 1777 832 1821 plene
853 1775 994 1808 discussa
1018 1774 1087 1808 itu·a
1111 1774 1276 1808 ambarum

531 1831 682 1876 partium,
699 1834 729 1864 et
745 1830 811 1863 visa
827 1829 908 1862 dicta
925 1829 1064 1869 testium,
1081 1828 1278 1872 inspeetiqne

533 1885 607 1918 libri
632 1884 839 1917 aestiinorum
872 1886 902 1917 et
934 1886 1141 1922 catastorum‚
1165 1887 1196 1914 et
1218 1881 1278 1914 alia

534 1939 633 1973 multa
662 1942 885 1977 monumenta,
911 1941 941 1969 et
973 1936 1176 1979 allegationes
1206 1935 1278 1968 faeti

535 1997 566 2026 et
587 1992 665 2025 iuris
691 1991 855 2034 utriusque
880 1989 995 2034 partis,
1020 1989 1200 2032 multaeque
1224 1988 1279 2020 ha-

534 2047 618 2080 bitae
641 2045 798 2079 sessiones
814 2047 844 2078 et
862 2044 1043 2087 frequentes
1058 2042 1279 2083 discussiones,

536 2111 599 2135 non
624 2100 727 2133 solum
751 2108 860 2132 coram
885 2097 969 2130 dieto
994 2097 1062 2129 ill¹¹¹0
1084 2101 1114 2128 et
1139 2102 1228 2129 rex-¹¹¹⁰
1246 2096 1278 2128 D.

538 2154 727 2190 Bononiensi
752 2154 855 2197 legato
879 2153 912 2185 in
936 2152 994 2185 hac
1018 2151 1280 2191 cix-itate,re1·um

538 2210 633 2244 etiam
651 2209 682 2242 in
699 2207 782 2242 Urbe
799 2217 907 2240 coram
928 2205 1131 2239 Sanctissimo
1153 2205 1281 2238 domino

538 2269 647 2298 nostro
672 2261 885 2296 mediantibus
909 2258 1089 2293 oratoribus
1118 2258 1282 2302 utriusque

540 2316 686 2356 civitatis,
711 2320 741 2348 et
764 2313 900 2357 denique
925 2312 957 2345 in
980 2311 1231 2354 Congregatione
1251 2311 1284 2343 il-

541 2370 807 2405 lustrissimorum
821 2373 851 2402 et
875 2366 1215 2401 reverendissiinortun
1233 2365 1285 2398 do-

541 2424 703 2458 minorum
728 2421 935 2456 cardinalium
955 2419 1123 2464 superinde
1141 2419 1179 2452 de
1197 2429 1284 2451 man·
1319 2418 1562 2452 illustrissimam
1587 2414 1832 2449 dominationem
1863 2412 1993 2446 traditas
2021 2412 2060 2446 ad

543 2477 616 2511 dato
640 2475 835 2511 Sanctissimi
860 2475 957 2515 saeta,
980 2473 1106 2508 tandem
1139 2472 1286 2506 omnibus
1319 2471 1528 2516 praesentiam
1562 2467 1836 2511 insi-ascripturum
1870 2465 1998 2500 testium
2028 2465 2060 2499 in

544 2541 600 2576 per
612 2531 719 2576 plures
733 2540 858 2564 menses
874 2534 904 2563 et
916 2538 1014 2562 annos
1031 2528 1122 2571 plene
1136 2526 1286 2567 tractatis,
1320 2524 1524 2567 infrascripto
1548 2523 1628 2561 loeo,
1653 2526 1683 2554 et
1707 2520 1788 2553 infra
1811 2525 1882 2563 post
1905 2519 2061 2553 clausulas

545 2596 582 2620 ac
611 2585 758 2619 omnibus
789 2584 926 2628 partium
954 2581 1227 2628 praetensionibus
1257 2585 1288 2614 et
1321 2578 1484 2622 generales
1505 2573 1898 2621 praesentisinstrumenti
1917 2572 2062 2616 registra-

546 2638 669 2673 iuribus
693 2643 799 2672 exacte
822 2637 991 2678 discussis,
1015 2640 1046 2670 et
1069 2641 1193 2669 mature
1217 2644 1289 2668 ven·
1356 2648 1520 2676 μὀψςη
1541 2647 1633 2673 anem
1663 2645 1762 2672 frustra
1788 2644 1916 2681 repetitas
1941 2643 2062 2670 autemus

582 2701 596 2730 1
619 2700 764 2737 Perperam
779 2699 844 2728 edit.
865 2699 944 2728 Maia.
965 2698 1031 2735 legit
1044 2697 1174 2727 nondum
1188 2696 1286 2732 (mr).
1321 2694 1359 2730 (n.
1377 2694 1424 2727 τ.).

1304 1288 1425 1321 tissimo
1451 1288 1470 1320 l.
1490 1288 1522 1322 U.
1545 1289 1578 1321 1¹.
1605 1289 1734 1323 domino
1757 1288 1881 1322 Andrea
1906 1287 2047 1322 Codebo-

1306 1341 1355 1374 xio
1380 1341 1475 1375 nobili
1495 1342 1670 1383 Mutinensi,
1688 1342 1829 1375 eiusdem
1854 1340 2048 1375 serenissimi

1307 1395 1426 1430 domini
1451 1395 1540 1429 ducis
1565 1407 1582 1429 a
1607 1396 1737 1430 secretis
1758 1401 1789 1429 et
1811 1396 1844 1429 in
1867 1396 1927 1429 lioc
1950 1405 2048 1439 nego-

1308 1451 1350 1484 tio
1383 1451 1560 1495 specialiter
1591 1448 1793 1494 assumpto¹,
1823 1449 2050 1483 interveniente

1309 1505 1402 1538 etiam
1424 1504 1600 1538 ministerio
1617 1504 1753 1537 aliorum
1767 1502 1933 1547 utriusque
1952 1501 2051 1547 partis

1310 1559 1550 1599 ministrorum,
1581 1557 1763 1592 huiusmodi
1796 1556 2050 1597 controversiae,

1310 1624 1389 1657 quac
1403 1612 1636 1646 inextricabiles
1655 1611 1851 1651 videbantur,
1867 1615 1897 1643 et
1916 1620 2051 1654 quarum

1310 1667 1432 1710 aliquae
1458 1677 1553 1710 supra
1585 1664 1792 1699 centesimum
1816 1674 1954 1703 annum,
1978 1673 2051 1696 cum

1311 1726 1413 1754 morte
1446 1721 1620 1753 multorum
1653 1718 1853 1752 subditorum
1887 1717 2053 1761 utriusque

1312 1775 1426 1819 partis,
1443 1775 1567 1808 fuerant
1587 1778 1776 1818 protractae,
1796 1772 1930 1816 denique
1949 1771 2055 1806 termi-

1312 1834 1413 1869 natae,
1430 1828 1564 1867 sedatae,
1579 1826 1699 1871 sopitae
1719 1831 1747 1859 et
1773 1825 1965 1869 compositae
1991 1825 2055 1859 fue-

1313 1887 1386 1916 runt
1399 1881 1493 1915 modo
1507 1885 1537 1915 et
1547 1882 1648 1914 fornia
1662 1879 1883 1923 infrascriptis,
1896 1878 2054 1912 videlicet:

1357 1935 1433 1975 Quia
1457 1934 1638 1979 praedictus
1663 1932 1895 1966 illustrissimus
1923 1937 1954 1965 et
1971 1942 2057 1966 reve-

1314 1989 1521 2023 rendissimus
1535 1987 1682 2021 dominus
1702 1986 1908 2021 Bononiensis
1924 1986 2056 2030 legatus,

1314 2049 1406 2076 utens
1430 2043 1461 2075 in
1487 2043 1544 2075 hac
1568 2046 1657 2085 parte
1681 2051 1745 2074 non
1768 2040 1872 2074 solum
1895 2038 2058 2073 ordinaria

1314 2097 1459 2131 facultate
1490 2106 1564 2129 suae
1596 2094 1777 2138 legationis,
1802 2093 1857 2127 sed
1889 2093 1983 2126 etiam
2007 2103 2057 2126 se-

1315 2150 1441 2195 quendo
1466 2149 1610 2183 ordinem
1627 2148 1794 2192 specialem
1819 2157 1855 2180 ex
1881 2151 1971 2191 parte
1986 2146 2059 2180 San-

1316 2204 1448 2238 ctissimi
1465 2214 1539 2237 suae
1557 2201 1763 2236 dominationi
1776 2200 1986 2244 significatum
2002 2209 2059 2244 per

1317 2258 1438 2291 litteras
1470 2257 1530 2289 illnn
1564 2261 1591 2289 et
1629 2253 1713 2288 l'ss-v'¹¹³
1741 2253 1861 2288 domini
1892 2252 2060 2287 cardinalis

1317 2310 1484 2354 Burghesii
1501 2309 1560 2343 sub
1585 2309 1656 2342 data
1680 2307 1730 2341 die
1756 2316 1809 2340 xm
1833 2306 1958 2350 augusti
1984 2316 2059 2350 pro-

1319 2364 1400 2398 xime
1425 2363 1597 2408 praeteriti,
1622 2361 1713 2395 nobis
1734 2360 1865 2395 notariis
1888 2370 1945 2404 per
1969 2370 2059 2394 suani
