2293 3231
268 248 320 281 An.
339 249 368 277 c.
388 248 451 278 1621
501 239 566 275 570
1040 249 1221 276 auctarum
1244 249 1400 276 nomon
2005 251 2055 281 Aa,
2071 251 2103 280 c.
2121 251 2187 283 «ως

470 299 631 332 dumtaxat
655 298 820 342 exceptis),
840 297 924 331 iuxta
939 298 1074 331 similem
1091 297 1215 331 ordina-
1246 298 1387 331 sionibus
1412 298 1442 330 in
1467 308 1583 341 genere
1599 299 1647 332 vel
1667 300 1699 332 in
1724 301 1838 344 specie,
1857 310 1914 345 per
1930 310 1989 334 nos

470 352 587 385 tionem
606 350 747 383 eiusdem
769 350 1000 395 archiepiscopi
1014 361 1073 395 pro
1091 356 1214 396 tempo·
1247 356 1276 384 et
1290 351 1402 384 Sedem
1419 351 1613 396 praedictam
1628 352 1866 396 quomodolibet
1878 353 1990 387 sacien-

470 415 513 443 re,
532 405 613 437 inter
632 403 778 437 doctores
793 407 824 436 et
841 402 1010 447 magistros
1035 404 1214 448 praedictos
1247 404 1294 437 dis
1313 409 1343 437 et
1360 404 1498 446 edendis,
1515 404 1836 449 comprehendantur,
1852 417 1889 439 ex
1906 416 1991 440 nunc

470 455 695 490 distribuendis
720 455 825 489 statim
858 461 929 500 post
957 457 1213 501 assequutionem
1248 468 1321 491 vere
1345 463 1375 491 et
1399 467 1462 491 non
1486 457 1558 491 ficte
1582 458 1729 491 ellectum
1754 458 1900 499 sortitas,
1917 460 1991 504 ipsi-

472 508 681 553 possessionis
696 509 937 543 canonicatuum
963 516 992 543 et
1017 510 1214 554 praebenda·
1247 522 1308 556 que
1334 512 1529 546 universitati
1554 513 1682 556 plenum
1701 512 1749 546 ius
1774 512 1805 546 in
1829 523 1864 546 re
1889 514 1991 557 acqui-

470 573 540 595 rum
564 561 746 596 huiusmodi
765 562 873 603 (etiarn
895 564 1016 607 absque
1041 563 1147 607 aliqua
1164 573 1216 597 ex·
1248 564 1340 597 situm
1355 565 1432 605 sore,
1446 570 1476 598 et
1489 565 1632 598 eamdem
1645 565 1881 599 universitatem
1892 566 1992 600 solam

469 615 646 660 pectatione
667 625 824 649 annorum
849 616 1018 657 carentiae,
1035 622 1065 649 et
1084 622 1215 650 statuto·
1248 619 1407 651 fructuum
1427 618 1663 663 perceptionem
1681 624 1857 663 expectare,
1876 629 1913 653 ac
1931 619 1993 664 pri-

470 679 541 702 rum
558 669 746 711 solutione¹)
764 669 867 702 eidem
885 671 1002 703 rectori
1022 670 1214 715 respondere
1249 671 1363 715 vilegio
1381 672 1612 706 constitutionis
1635 678 1772 713 nostrae,
1788 679 1819 706 et
1838 674 1991 707 cancella-

471 730 651 763 teneantur;
677 729 708 758 et
732 725 770 757 ad
795 725 855 758 hoc
880 735 936 770 per
960 725 1108 759 eumdem
1131 726 1216 759 loan-
1248 725 1313 758 riae
1326 725 1519 769 apostolicae
1536 727 1647 769 regula
1658 726 1696 759 de
1712 736 1775 760 non
1788 726 1927 761 tollendo
1944 727 1992 761 ius

470 778 563 819 nem,‘
578 778 710 822 eiusque
735 788 935 812 successores
959 779 1215 823 archiepiscopos
1248 779 1425 822 quaesitum
1450 779 1605 822 gaudere;
1623 779 1731 823 sicque
1754 790 1811 823 per
1827 789 1993 823 quoscum-

470 831 683 872 Trevirenses‚
701 842 757 876 per
770 841 920 866 censuras
934 833 1173 874 ecclesiasticas,
1187 837 1216 867 et
1248 843 1309 876 que
1320 832 1438 866 iudices
1448 833 1627 867 ordinarios
1643 838 1673 867 et.
1689 834 1850 877 delegatos
1863 834 1994 869 autsub-

470 884 530 918 alia
553 885 632 918 iuris
656 885 812 926 remedia,
837 886 930 920 etiam
956 886 1044 919 inviti
1069 887 1215 931 compelli
1249 884 1419 927 delegatos
1437 890 1467 918 et
1483 886 1512 919 S.
1531 886 1565 918 R.
1583 885 1616 918 E.
1634 886 1825 927 cardinales,
1841 891 1872 919 et
1889 896 1993 921 causa-

470 939 602 984 possint,
619 944 649 972 et
673 939 821 973 debeant:
849 940 997 985 quodque
1022 941 1153 973 loannes
1170 951 1216 973 ar·
1249 948 1320 970 rum
1338 938 1445 982 palatii
1469 939 1632 983 apostolici
1649 939 1820 980 auditores,
1836 939 1868 972 in
1884 940 1994 984 quavis

471 993 690 1038 cliiepiscopus
721 999 751 1027 et
787 1004 986 1028 successores
1012 995 1142 1039 praefati
1168 994 1216 1027 his
1250 991 1408 1033 instantia,
1423 993 1516 1025 etiam
1530 992 1651 1036 primae
1668 999 1699 1026 et
1714 993 1876 1027 ulterioris
1891 994 1994 1038 appel-

471 1046 618 1080 omnibus
643 1048 913 1091 superintendere
932 1054 960 1080 et
979 1048 1018 1080 ad
1035 1058 1089 1081 eos
1114 1047 1217 1091 singu-
1250 1045 1386 1085 lationis,
1411 1045 1443 1078 in
1468 1047 1601 1079 romana
1626 1046 1715 1080 curia
1741 1047 1789 1079 vel
1813 1050 1901 1081 extra
1924 1057 1993 1081 eam

470 1099 574 1134 lorum
600 1101 756 1134 ordinatio
781 1107 811 1134 et
835 1102 1012 1141 correctio,
1038 1102 1216 1135 emendatio
1250 1099 1443 1139 sententian,
1462 1099 1637 1140 terminari,
1653 1099 1778 1133 definiri
1795 1104 1826 1133 et
1841 1100 1995 1145 interpre-

472 1159 501 1186 et
515 1155 699 1188 reformatio
717 1166 838 1195 eorum⁷
852 1166 934 1200 quae
943 1156 1027 1189 circa
1044 1155 1217 1199 praemissa
1249 1151 1310 1184 tari
1335 1151 1451 1186 debere
1470 1153 1606 1195 (sublata
1623 1153 1677 1194 cis,
1695 1158 1725 1186 ct
1742 1163 1852 1187 eorum
1865 1153 1995 1188 cuilibet

472 1217 641 1241 occurrere
658 1208 788 1252 possint,
807 1208 875 1242 iure
892 1209 1053 1242 ordinario
1074 1213 1216 1252 spectare
1250 1206 1359 1249 quavis
1383 1206 1470 1246 alias,
1487 1210 1517 1240 ct
1541 1207 1633 1239 aliter
1656 1207 1873 1248 sententiandi,
1890 1207 1995 1241 termi-

472 1260 622 1301 debeant;
643 1265 671 1295 ct
689 1262 727 1304 <si
752 1262 834 1295 dicta
854 1262 1052 1302 universitas,
1069 1262 1217 1306 illiusque
1250 1259 1344 1292 nandi
1359 1286 1366 1299 ‚
1391 1259 1559 1293 deliniendi
1592 1265 1621 1293 et
1651 1260 1878 1304 interpretandi
1902 1261 1995 1295 sacul-

472 1313 639 1356 doctorcs,
665 1315 807 1358 magistri
832 1321 863 1348 et
887 1315 1047 1349 scholares
1081 1315 1110 1347 in
1135 1315 1217 1348 dicta
1250 1318 1323 1353 tate,
1341 1317 1493 1357 potestate
1511 1319 1538 1346 et
1560 1314 1776 1358 auctoritate);
1801 1319 1842 1355 et,
1862 1314 1887 1347 si
1904 1325 1994 1350 secus

473 1368 596 1402 civitate
628 1374 736 1402 contra
769 1379 879 1402 eorum
912 1369 1151 1403 constitutiones
1188 1375 1216 1402 et
1251 1377 1346 1410 super
1362 1367 1411 1400 liis
1435 1378 1453 1399 a
1477 1377 1648 1411 quoquam,
1665 1367 1774 1411 quavis
1798 1368 1994 1411 auctoritate,

471 1422 637 1466 privilegia
665 1433 680 1455 a
706 1423 871 1467 praesectis
896 1428 925 1455 et
949 1422 1217 1466 gubernatoribus
1251 1420 1386 1453 scienter
1411 1421 1458 1453 vel
1485 1421 1678 1463 ignoranter,
1703 1421 1773 1455 fieri
1799 1426 1830 1455 et
1848 1423 1995 1458 attentari

473 1486 527 1509 seu
552 1476 672 1509 civibus
702 1482 731 1509 et
748 1477 859 1510 incolis
876 1477 976 1510 dictae
994 1476 1128 1509 civitatis
1153 1476 1217 1510 ullo
1251 1473 1435 1517 contigerit,
1460 1474 1587 1507 irritum
1612 1479 1642 1508 et
1667 1475 1759 1508 inane
1784 1475 1993 1510 decernimus.

473 1539 611 1574 unquam
641 1536 784 1574 tempore
819 1530 955 1563 indebite
987 1535 1216 1573 gravarentur,
1251 1528 1319 1561 Non
1344 1527 1541 1561 obstantibus
1566 1528 1674 1573 priore
1699 1528 1858 1563 voluntate
1873 1533 1994 1572 nostra,

473 1592 528 1616 seu
552 1583 628 1616 alias
653 1583 757 1616 minus
781 1583 915 1617 civiliter
935 1588 1158 1624 tractarentur,
1175 1584 1217 1616 ita
1251 1586 1282 1613 et
1305 1580 1374 1613 aliis
1398 1581 1590 1625 praemissis,
1615 1592 1651 1615 ac
1675 1582 1706 1615 in
1730 1582 1870 1616 savorem
1895 1582 1994 1618 dicto-

472 1636 557 1679 quod
582 1636 689 1669 loanni
706 1636 948 1681 archiepiscopo
977 1641 1007 1669 ct
1031 1636 1218 1670 successori-
1252 1645 1323 1666 rum
1347 1634 1589 1668 Ordinariorum
1613 1635 1714 1676 editis,
1739 1639 1769 1670 et
1792 1636 1995 1678 alternativis,

473 1690 532 1722 bus
549 1689 697 1733 praefatis
718 1700 754 1723 ex
775 1690 823 1723 his
847 1690 895 1723 rel
913 1689 981 1722 aliis
999 1689 1088 1723 iustis
1115 1690 1218 1723 causis
1251 1693 1279 1720 ct
1306 1688 1515 1730 concordatis,
1532 1694 1563 1722 et
1579 1689 1648 1722 aliis
1672 1689 1949 1724 constitutionibus
1965 1696 1995 1724 et.

473 1749 503 1776 et
527 1743 676 1786 legitimis
700 1743 860 1777 videretur
885 1743 1024 1777 studium
1050 1744 1217 1778 commode
1251 1741 1503 1775 ordinationibus
1516 1743 1707 1786 apostolicis,
1721 1749 1750 1777 et
1767 1743 1923 1777 dictarum
1934 1755 1996 1778 me-

472 1797 503 1830 in
528 1797 639 1831 eadem
665 1798 788 1832 civitate
813 1799 990 1832 continuari
1020 1808 1084 1832 non
1111 1800 1217 1843 posse)
1252 1795 1513 1839 tl'opolltanarum
1528 1796 1575 1829 vel
1593 1796 1832 1839 collegiatarum
1847 1797 1995 1831 ecclesia-

473 1851 558 1894 quod
568 1862 604 1885 ex
616 1850 896 1892 tune‚durantibus
909 1851 1011 1885 causis
1023 1851 1217 1893 huiusmodi,
1233 1845 1236 1889 Ι
1252 1859 1322 1881 rum
1348 1849 1471 1882 statutis
1488 1854 1519 1882 ct
1536 1849 1826 1890 consuctudinibus,
1843 1850 1935 1883 etiam
1956 1851 1996 1885 de

472 1903 563 1938 liceat
587 1905 687 1937 eidem
706 1904 813 1938 loanni
830 1905 1071 1950 archiepiscopo
1096 1910 1126 1938 et
1150 1916 1219 1938 suc·
1251 1902 1405 1936 servando
1429 1903 1558 1943 amicos,
1579 1903 1774 1948 expectando
1799 1910 1828 1937 et
1851 1904 1995 1939 faciendo

472 1958 652 1991 cessoribus
675 1960 732 1991 sua
749 1958 910 1993 ordinaria
937 1960 1133 1998 auctoritate,
1154 1965 1217 1992 tam
1251 1957 1388 2000 primam
1402 1958 1580 1997 ammalem,
1593 1957 1786 1999 continuam,
1795 1959 1995 2002 personalem

474 2011 728 2049 universitatem,
753 2023 847 2056 quam
873 2023 982 2046 omncs
1011 2012 1055 2045 illi
1079 2023 1218 2047 annexos
1251 2009 1475 2051 residentiam,
1501 2022 1536 2044 ac
1561 2011 1598 2045 de
1628 2012 1777 2046 solvendo
1802 2017 1920 2046 certam
1943 2023 1996 2057 pe-

471 2065 605 2105 t'ructus‚
621 2064 762 2098 redditus
781 2070 810 2098 ct
827 2071 999 2109 proventus
1023 2066 1219 2110 ubicumque
1252 2065 1362 2098 cuniae
1387 2065 1604 2109 quantitatem,
1621 2077 1676 2099 seu
1693 2072 1778 2100 certa
1795 2067 1855 2100 alia
1874 2067 1943 2101 iura
1962 2067 1995 2101 in

473 2119 690 2160 consistentes,
708 2119 746 2151 ad
766 2119 893 2163 aliquod
918 2120 1071 2164 oppidum
1096 2120 1218 2163 insigne
1252 2119 1355 2162 prima
1379 2119 1560 2163 receptione
1576 2119 1616 2153 ad
1632 2120 1834 2154 canonicatus
1857 2126 1888 2154 et
1907 2132 1996 2165 prae-

473 2172 573 2206 dictae
590 2173 785 2206 Trcrirensis
809 2174 962 2206 dioecesis
985 2174 1075 2207 toties
1095 2175 1218 2217 quoties
1252 2172 1369 2206 bcudas
1400 2173 1584 2206 earumdem
1615 2174 1856 2217 collegiatarum
1888 2175 1992 2208 eccle-

473 2226 655 2266 transl'errc‚
679 2231 707 2259 et
735 2226 853 2260 ibidem
878 2227 1018 2270 quandiu
1035 2227 1071 2260 iis
1091 2228 1218 2271 placue-
1253 2227 1390 2265 siarum,
1415 2227 1510 2260 etiam
1536 2227 1730 2268 iuramento,
1756 2227 1995 2263 confirmatione

473 2279 514 2312 rit
531 2283 560 2313 et
580 2279 681 2313 visum
699 2280 804 2320 suerit,
821 2280 1015 2322 continuare,
1033 2281 1218 2314 auctoritate
1252 2280 1437 2324 apostolica,
1454 2281 1502 2314 vel
1520 2281 1629 2325 quavis
1646 2281 1795 2314 firmitate
1819 2281 1881 2314 alia
1904 2281 1996 2315 robo-

473 2333 645 2376 apostolica
670 2339 699 2366 ct
723 2338 832 2367 tenore
852 2333 1033 2377 praedictis,
1051 2334 1217 2368 statuimus
1252 2332 1338 2373 ratis,
1353 2333 1526 2377 privilegiis
1542 2344 1678 2377 quoque,
1696 2333 1825 2367 indultis
1838 2338 1868 2366 et
1880 2334 1993 2368 litteris

473 2391 501 2419 et
527 2386 721 2420 ordinamus
747 2386 899 2430 Quodque
930 2388 1078 2421 unionem
1108 2393 1138 2422 et
1167 2399 1219 2421 an·
1251 2387 1443 2430 apostolicis,
1458 2387 1606 2432 praefatis
1618 2387 1787 2421 ordinariis
1800 2393 1829 2421 et
1843 2387 1992 2430 ecclesiis,

471 2440 637 2474 nexionem
668 2447 697 2473 et
727 2441 1014 2485 incorporationem
1041 2441 1086 2475 sic
1109 2442 1218 2475 revali-
1251 2450 1424 2485 earumque
1454 2441 1598 2485 capitulis
1630 2445 1660 2475 ct
1689 2441 1852 2485 personis,
1877 2446 1907 2477 et
1935 2453 1994 2487 per

473 2493 571 2535 datas,
595 2494 785 2538 illorumque
810 2494 1025 2529 extensionem
1043 2501 1074 2528 et
1090 2495 1218 2539 amplia-
1232 2500 1235 2554 l
1250 2494 1413 2528 Nicolaum
1439 2500 1467 2528 et
1489 2495 1620 2535 sixtum,
1636 2499 1668 2527 et
1683 2504 1899 2539 quoscumque
1915 2495 1993 2530 alios

472 2548 590 2581 tionem
615 2548 810 2592 praedictas,
835 2549 874 2581 ad
898 2549 957 2582 hoc
986 2559 1025 2583 ne
1048 2549 1086 2583 de
1111 2556 1216 2584 cetero
1231 2555 1235 2590 t
1250 2547 1995 2592 RomanosPontisicespraedecessoresnostros,

473 2600 530 2633 sub
554 2600 711 2643 aliquibus
735 2601 988 2636 revocationibus
1017 2603 1064 2635 vel
1089 2613 1217 2647 suspen·
1232 2596 1236 2646 l
1251 2602 1344 2635 etiam
1370 2607 1459 2635 motu
1481 2601 1624 2646 proprio,
1641 2607 1672 2635 et
1689 2612 1724 2635 ex
1751 2605 1836 2636 certa
1852 2602 1992 2644 scientia,

509 2661 610 2691 inan.
626 2662 705 2692 nain.
721 2663 787 2700 tegit
799 2664 966 2695 notationem
982 2667 1023 2702 (a.
1040 2665 1089 2702 12),
1231 2647 1286 2700 lac
1309 2655 1348 2690 de
1372 2655 1562 2701 apostolicae
1591 2656 1755 2700 potestatis
1779 2655 1991 2701 plenitudine,
