2293 3231
59 279 112 308 An.
127 279 154 309 C.
173 280 237 309 1621

86 1141 184 1171 Breuem
193 1139 242 1161 Gre-

60 1173 138 1195 gorius.

14 2031 18 2033 λ
64 2042 131 2070 quue
142 2041 246 2063 efficiendi

63 2069 186 2096 Ebroicensi
204 2070 247 2095 epi-

63 2095 249 2143 isssstftasst‘sswffl

853 281 1030 309 GREGORIUS
1054 282 1096 308 XV
1119 283 1167 308 Pr.

256 327 330 363 dicti
346 328 430 363 tertii
443 327 578 370 Ordinis,
595 339 653 363 nec
672 329 801 364 alterius
818 330 993 364 cuiuscum-
1008 337 1010 378 '3

256 391 317 425 que
335 381 497 424 religionis
510 408 518 422 ,
542 392 604 416 non
629 382 798 416 emiserant
814 394 908 427 super
930 394 993 428 quo
1010 386 1011 420 ξ

256 443 313 478 per
326 433 444 467 dictum
459 434 588 467 Paulum
602 435 877 479 praedecessorem
892 447 908 468 a
922 442 993 470 voto

257 491 287 520 et
303 486 478 521 iuramento
495 487 662 532 praedictis
675 489 804 529 absolvi,
816 493 846 523 et
858 490 995 534 superio·
1010 503 1011 507 ¹

255 539 345 575 ribus
357 550 393 573 ac
413 540 561 573 fratribus
574 540 791 574 tertiiOrdinis
805 542 994 583 huiusmodi,
1011 567 1012 579 ³

257 592 350 627 etiam
374 593 413 627 de
437 594 567 627 consilio
593 599 623 627 et
646 600 718 628 voto
743 588 1013 645 congregationis}

258 646 481 680 venerabilium
506 648 638 680 fratrum
658 653 840 682 nostrorum
861 650 889 683 S.
910 650 944 682 R.
962 649 993 684 E.

257 699 464 734 cardinalium
486 700 626 743 negociis
649 701 840 744 regularium
862 705 1013 746 praepo-1

256 752 399 793 sitorum,
416 751 574 786 silentium
599 759 787 797 perpetuum
808 754 926 798 imponi
944 753 1013 788 ob-i

258 805 432 849 tinuerunt)
452 805 687 850 impositionem
711 807 856 851 perpetui
881 807 995 840 silentii

257 857 437 892 huiusmodi
453 868 510 902 per
533 868 591 892 nos
612 864 642 892 et
658 859 768 893 Sedem
785 860 1013 904 Apostolicam‘

258 911 429 956 approbari
441 915 471 946 et
484 912 675 953 confirmari;
686 923 784 956 quare
797 913 887 946 nobis
898 914 998 947 humi-

258 964 328 998 liter
345 964 514 1009 supplicari
531 966 672 1000 fecerunt
686 966 781 999 iidem
796 972 996 1011 exponentes,
1012 985 1013 992 κ

258 1023 292 1051 ut
315 1018 360 1052 eis
383 1018 416 1052 in
439 1018 619 1063 praemissis
637 1024 813 1064 opportune
830 1021 1013 1065 providere*

259 1071 297 1105 de
312 1072 504 1115 benignitate
519 1073 691 1117 apostolica
708 1073 929 1116 dignaremur:

302 1125 317 1169 ἓ
341 1125 370 1159 6.
395 1126 469 1166 Nos,
484 1126 540 1169 qui
564 1126 627 1169 pia,
652 1131 682 1159 et
705 1126 737 1159 in
762 1127 996 1161 subventionem

257 1178 396 1223 proximi
422 1178 578 1212 tendentia
603 1179 751 1221 instituta,
778 1184 811 1212 ut
835 1190 927 1212 suum
947 1180 998 1213 de-

258 1231 361 1265 bitum
385 1231 556 1265 sortiantur
581 1231 735 1273 effectum,
753 1237 904 1276 quantum
925 1244 996 1266 cum

257 1284 390 1318 Domino
415 1295 591 1328 possumus,
616 1285 820 1326 adiuramus,
846 1296 999 1330 exponen-

258 1342 303 1372 tes
325 1337 512 1382 praedictos,
533 1348 706 1382 eorumque
730 1342 869 1372 sanctum
886 1349 999 1383 propo-

259 1391 352 1425 situm
377 1391 558 1425 huiusmodi
584 1391 771 1435 specialibus
790 1392 949 1425 favoribus
969 1398 998 1425 et

259 1445 367 1490 gratiis
391 1444 541 1489 prosequi
566 1445 718 1487 volentes,
745 1455 867 1478 necnon
892 1456 945 1478 eos
969 1452 997 1479 et

259 1509 369 1533 eorum
398 1498 569 1542 quemlibet
593 1508 611 1530 a
635 1498 796 1542 quibusvis
821 1509 1000 1532 excommu-

258 1552 434 1594 nicationis,
455 1552 670 1596 suspensionis
689 1557 719 1586 et
736 1552 902 1593 interdicti,
920 1553 1000 1586 aliis-

259 1616 320 1651 que
348 1605 566 1639 ecclesiasticis
599 1605 780 1646 sententiis,
805 1606 945 1639 censuris
970 1611 999 1638 et

260 1658 380 1703 poenis,
398 1668 415 1691 a
435 1658 503 1691 iure
528 1659 576 1691 vel
599 1658 638 1691 ab
662 1659 800 1698 homine,
817 1658 925 1701 quavis
950 1669 999 1692 oc-

261 1712 385 1746 casione
409 1711 457 1745 vel
483 1713 577 1744 causa
600 1711 680 1753 latis,
694 1711 720 1744 si
737 1711 851 1755 quibus
871 1722 1000 1754 quomo-

260 1765 378 1799 dolibet
389 1764 527 1798 innodati
542 1764 687 1804 existunt,
702 1764 739 1796 ad
753 1764 897 1797 effectum
912 1775 1000 1808 prae-

261 1818 395 1853 sentium
419 1818 580 1851 dumtaxat
604 1818 869 1860 consequendum,
886 1818 999 1850 harum

260 1873 342 1906 serie
366 1872 571 1912 absolventes,
597 1874 626 1905 et
649 1871 808 1904 absolutos
833 1872 899 1903 fore
928 1881 999 1904 cen-

261 1929 379 1967 senteS,
403 1924 585 1958 huiusmodi
612 1924 891 1968 supplicationibus
915 1924 1000 1957 incli—

261 1978 335 2019 nati,
358 1977 543 2012 fraternitati
566 1982 647 2018 tuae,
672 1977 710 2010 de
727 1983 798 2010 voto
816 1977 999 2010 eorumdem

262 2032 395 2066 fratrum
418 2036 600 2064 nostrorum
619 2031 648 2064 S.
675 2031 709 2063 R,
735 2031 767 2064 E.
794 2031 999 2063 cardinalium

262 2085 402 2128 negociis
425 2084 619 2127 regularium
643 2083 914 2127 praepositorum,
943 2095 1000 2127 per

264 2142 444 2183 praesentes
479 2137 702 2171 committimus
735 2142 764 2170 et
794 2136 999 2177 mandamus,

263 2195 416 2236 quatenus
439 2190 665 2234 praeinsertam
690 2190 868 2230 formulam,
886 2200 941 2223 seu
958 2190 1001 2222 in-

263 2245 407 2278 stitutum
431 2243 564 2284 vivendi,
583 2253 704 2276 necnon
728 2243 852 2276 habitus
877 2248 906 2276 et
930 2243 1002 2276 insi-

263 2298 373 2342 gnium
397 2296 579 2330 huiusmodi
603 2296 790 2329 delationem
809 2301 838 2329 et
858 2296 1002 2339 gestatio-

262 2361 335 2384 nem
350 2350 535 2384 auctoritate
551 2351 659 2383 nostra
675 2354 826 2393 perpetuo
846 2350 1001 2393 approbes

263 2409 293 2438 et
317 2403 503 2444 confirmes,
529 2403 636 2446 eisque
659 2406 832 2447 perpetuae
856 2406 886 2436 et
908 2403 1002 2435 invio-

262 2457 364 2490 labilis
378 2456 567 2501 apostolicae
581 2456 737 2489 firmitatis
752 2455 851 2488 robur
864 2455 1000 2496 adiicias,

263 2520 436 2554 omnesque
459 2514 489 2543 et
513 2509 675 2552 singulos⁷
700 2514 763 2541 tam
799 2509 876 2541 iuris
908 2519 1000 2552 quam

263 2563 336 2596 facti
359 2563 508 2604 defectus,
536 2563 561 2595 si
586 2562 640 2606 qui
673 2562 808 2605 desuper
832 2562 1019 2605 quomodo-¹

263 2616 339 2649 libet
368 2616 592 2650 intervenerint
621 2616 651 2648 in
676 2615 811 2656 eisdem,
837 2615 1000 2659 suppleas;

1011 678 1013 689 ,
1029 647 1162 690 gationis
1186 649 1346 691 praesules
1361 676 1367 688 ‚

263 2680 385 2706 necnon
408 2681 502 2705 unam
529 2670 811 2715 Congregationem
835 2670 1002 2715 hospitala-

1027 331 1148 365 riorum
1163 335 1192 366 et
1204 331 1481 375 liospitalariarum
1505 331 1601 365 sancti
1616 330 1765 364 Ludovici

1027 384 1110 427 regis
1130 384 1279 417 Franciae
1293 387 1323 418 et
1339 389 1462 417 sanctae
1480 383 1674 417 Elisabctbae
1692 383 1765 416 olim

1028 436 1154 479 reginae
1167 437 1344 479 Ungliariae
1362 437 1419 469 sub
1434 438 1542 480 regula
1561 436 1658 469 sancti
1675 436 1768 469 Fran-

1028 488 1101 521 cisci
1127 500 1183 533 per
1207 500 1264 533 pro
1298 495 1439 532 tempore
1470 490 1637 522 existentes
1668 489 1767 523 dicto-

1030 551 1098 574 rum
1132 542 1263 574 fratrum
1299 543 1455 575 Minorum
1490 542 1528 576 de
1564 542 1768 576 Observantia

1029 595 1206 627 ministrum
1225 596 1415 637 generalem,
1434 602 1463 629 et
1481 596 1619 629 eiusdem
1637 595 1769 638 Congre-

1393 659 1426 681 ac
1459 649 1535 682 alios
1572 649 1654 682 illius
1680 649 1768 682 mini-

1029 706 1120 740 stros,
1146 701 1246 734 eidem
1274 702 1417 735 ministro
1442 703 1581 741 generali
1606 702 1767 743 subditos,

1030 754 1144 787 electos
1169 759 1199 787 et
1223 765 1282 798 pro
1307 759 1450 798 tempore
1474 755 1644 798 eligendos,
1662 765 1769 798 regen-

1012 806 1099 842 idam
1125 812 1154 840 et
1179 807 1425 851 gubernandam,
1443 819 1477 841 ac
1500 819 1573 848 uno,
1594 808 1769 853 eodemque

1030 865 1172 903 tempore
1193 860 1224 893 in
1249 860 1331 893 dicto
1356 860 1472 904 oppido
1488 861 1706 894 Locovariensi
1723 861 1769 894 di-

1031 916 1078 945 cta
1102 912 1164 946 duo
1194 913 1382 946 monasteria
1415 916 1478 946 una
1515 925 1586 947 cuin
1622 914 1769 957 hospitali

1032 976 1089 1009 pro
1116 966 1263 1009 quolibet,
1288 977 1323 999 ac
1349 967 1505 1007 ecclesiis,
1534 968 1768 1011 campanilibus,

1031 1019 1200 1062 campanis,
1219 1020 1373 1059 claustris,
1400 1020 1612 1060 dormitoriis,
1641 1021 1771 1054 refecto-

1032 1071 1096 1111 riis,
1114 1072 1321 1112 coemeteriis,
1345 1072 1435 1112 areis,
1457 1072 1567 1113 hortis,
1593 1073 1769 1112 hortalffiis,

1031 1125 1128 1164 celtis,
1153 1125 1283 1168 aliisque
1308 1125 1440 1158 officinis
1465 1126 1649 1159 necessariis
1667 1131 1695 1159 et
1714 1137 1770 1170 op-

1031 1178 1173 1220 portunis
1200 1178 1384 1219 (dummodo
1404 1183 1508 1211 tamen
1528 1179 1569 1211 ita
1591 1185 1771 1212 constructa

1031 1235 1059 1262 et
1085 1230 1228 1263 edificata
1259 1231 1395 1272 suerint,
1420 1237 1452 1264 ut
1479 1232 1527 1264 via
1553 1232 1698 1275 publica,
1725 1232 1770 1265 vel

1031 1283 1111 1315 atrio
1136 1284 1244 1316 saltem
1274 1284 1461 1318 intermedio
1492 1296 1549 1328 pro
1575 1285 1673 1328 spatio
1689 1312 1696 1325 ,
1722 1296 1771 1318 ar-

1031 1336 1125 1369 bitrio
1150 1342 1203 1369 tuo
1228 1342 1257 1368 et
1281 1336 1519 1370 Ordinariorum
1545 1338 1688 1371 locorum
1714 1349 1772 1381 pro

1032 1382 1175 1433 tempore
1208 1390 1405 1423 existentium
1437 1392 1622 1432 statuendo,
1651 1402 1772 1425 necnon

1033 1443 1131 1475 muris
1148 1443 1218 1475 altis
1247 1449 1274 1476 et
1296 1444 1564 1477 inaccessibilibus
1581 1445 1619 1477 ab
1640 1445 1771 1478 invicem

1032 1501 1227 1539 separentur,
1245 1502 1273 1530 et
1300 1497 1445 1529 distincta
1469 1498 1538 1538 sint,
1564 1503 1593 1531 et
1618 1498 1649 1530 in
1674 1498 1772 1531 muris

1032 1549 1213 1582 huiusmodi
1238 1551 1341 1583 nullae
1366 1551 1494 1584 omnino
1520 1551 1621 1585 adsint
1645 1551 1772 1589 ianuae,

1032 1613 1133 1645 neque
1158 1603 1321 1643 fenestrae,
1339 1613 1396 1636 nec
1414 1604 1628 1644 collocutoria,
1645 1609 1698 1637 aut
1713 1604 1772 1637 alia

1032 1656 1196 1695 foramina,
1209 1656 1376 1699 minusque
1395 1657 1432 1689 ab
1446 1667 1508 1690 uno
1522 1657 1559 1689 ad
1574 1658 1707 1690 alterum
1721 1668 1774 1701 pa-

1034 1714 1095 1742 teat
1119 1710 1220 1742 aditus
1244 1710 1292 1742 vel
1316 1716 1502 1754 prospectus
1527 1711 1557 1743 in
1583 1711 1772 1744 monasteria

1033 1768 1063 1795 et
1087 1763 1251 1806 hospitalia
1275 1763 1376 1796 dictae
1400 1764 1669 1807 congregationis,
1694 1775 1773 1808 quo-

1034 1826 1103 1848 rum
1129 1827 1225 1849 unum
1263 1816 1300 1848 ad
1336 1817 1498 1857 virorum,
1524 1823 1553 1850 et
1577 1819 1712 1850 alterum
1736 1818 1774 1850 ad

1034 1869 1214 1910 mulierum,
1229 1870 1266 1902 ad
1284 1880 1451 1903 numerum
1477 1876 1597 1903 certum
1616 1871 1699 1903 iuxta
1716 1871 1775 1904 sor-

1034 1933 1116 1955 mam
1142 1927 1171 1957 et
1195 1923 1423 1967 praescriptum
1454 1924 1534 1957 sacri
1559 1924 1687 1957 Concilii
1712 1925 1776 1957 Tri-

1034 1976 1162 2016 dentini,
1181 1981 1207 2009 et
1227 1987 1299 2009 cum
1317 1977 1387 2010 dote
1405 1988 1462 2021 pro
1480 1976 1617 2021 qualibet
1637 1977 1775 2015 moniali,

1034 2035 1064 2062 et
1080 2030 1212 2063 arbitrio
1236 2035 1289 2063 tuo
1315 2031 1417 2075 quoad
1442 2031 1648 2074 quantitatem
1667 2034 1696 2064 et
1712 2031 1776 2063 sor-

1035 2094 1128 2123 mam,
1149 2083 1177 2115 in
1197 2083 1256 2115 iltis
1277 2083 1448 2127 respective
1475 2084 1727 2127 recipiendorum
1746 2089 1773 2116 et

1034 2137 1286 2181 recipiendarum
1301 2148 1392 2170 usum
1407 2138 1557 2170 inservire
1572 2138 1696 2181 debeat)
1711 2138 1776 2170 sine

1034 2191 1165 2224 alicuius
1189 2190 1382 2234 praeiudicio
1406 2191 1487 2223 dicta
1512 2193 1619 2224 nosti-a
1645 2191 1777 2224 auctori-

1035 2248 1096 2277 tate
1127 2244 1219 2276 ctiam
1252 2249 1404 2287 perpetuo
1429 2243 1532 2286 erigas
1558 2249 1586 2275 et
1612 2244 1774 2279 instituas:

1036 2297 1159 2340 illisque
1185 2302 1210 2329 ct
1239 2308 1348 2330 eorum
1375 2297 1502 2329 cuilibet.
1519 2308 1553 2329 ex
1571 2306 1663 2333 nuuc,
1682 2302 1774 2339 prout

1035 2353 1202 2393 postquam
1227 2350 1269 2382 sic
1295 2354 1398 2382 erecta
1424 2355 1450 2381 ct
1477 2349 1618 2381 instituta
1643 2350 1775 2388 fuerint,

1035 2413 1093 2446 pro
1119 2413 1228 2435 eorum
1255 2403 1336 2443 dote,
1353 2413 1387 2435 ac
1406 2403 1532 2435 illorum
1553 2402 1774 2444 religiosorum

1036 2461 1065 2488 et
1083 2455 1265 2489 monialium
1292 2456 1321 2488 in
1348 2455 1422 2498 ipsis
1448 2455 1645 2488 monasteriis
1662 2466 1718 2498 per
1735 2461 1774 2496 te,

1035 2520 1093 2552 pro
1118 2509 1175 2542 hac
1198 2510 1301 2552 prima
1319 2510 1394 2550 vice,
1412 2520 1447 2542 ac
1468 2520 1577 2542 eorum
1595 2510 1775 2552 superiores

1035 2567 1142 2606 postea
1167 2573 1225 2605 pro
1250 2567 1390 2606 tempore
1417 2562 1717 2595 introducendorum
1746 2567 1775 2596 et

1036 2616 1334 2649 introducendarum
1361 2616 1602 2657 sustentatione,
1627 2626 1775 2649 onerum·

1035 2681 1094 2714 que
1112 2670 1173 2703 illis
1187 2669 1434 2703 incumbentium
1449 2669 1698 2713 supportatione,
1711 2673 1774 2703 tarn
1812 2664 1816 2667 ’

1675 272 1739 307 639
1786 283 1835 308 An.
1852 282 1878 308 c.
1900 282 1959 309 1621

1816 1779 1866 1800 Cum
1881 1780 1928 1800 aliis
1944 1780 1973 1800 sa-

1790 1807 1903 1827 cuttatilius
1939 1807 1972 1827 luc

1790 1839 1901 1859 expressn.
