<?xml version="1.0" encoding="UTF-8"?>
<!DOCTYPE html PUBLIC "-//W3C//DTD XHTML 1.0 Transitional//EN"
    "http://www.w3.org/TR/xhtml1/DTD/xhtml1-transitional.dtd">
<html xmlns="http://www.w3.org/1999/xhtml" xml:lang="en" lang="en">
 <head>
  <title>
</title>
<meta http-equiv="Content-Type" content="text/html;charset=utf-8" />
  <meta name='ocr-system' content='tesseract 3.04.00' />
  <meta name='ocr-capabilities' content='ocr_page ocr_carea ocr_par ocr_line ocrx_word'/>
</head>
<body>
  <div class='ocr_page' id='page_1' title='image "./bullarumdiplomat12cath_0715.png"; bbox 0 0 2293 3231; ppageno 0'>
   <div class='ocr_carea' id='block_1_1' title="bbox 0 0 32 3231">
    <p class='ocr_par' dir='ltr' id='par_1_1' title="bbox 0 0 32 3231">
     <span class='ocr_line' id='line_1_1' title="bbox 0 0 32 3231; baseline 0 0"><span class='ocrx_word' id='word_1_1' title='bbox 0 0 32 3231; x_wconf 95' lang='lat' dir='ltr'> </span> 
     </span>
    </p>
   </div>
   <div class='ocr_carea' id='block_1_2' title="bbox 94 270 276 299">
    <p class='ocr_par' dir='ltr' id='par_1_2' title="bbox 94 270 276 299">
     <span class='ocr_line' id='line_1_2' title="bbox 94 270 276 299; baseline -0.005 0"><span class='ocrx_word' id='word_1_2' title='bbox 94 272 142 299; x_wconf 76' lang='lat' dir='ltr'>An.</span> <span class='ocrx_word' id='word_1_3' title='bbox 160 270 188 298; x_wconf 90' lang='lat' dir='ltr'>C.</span> <span class='ocrx_word' id='word_1_4' title='bbox 209 270 276 299; x_wconf 77' lang='lat'>1622</span> 
     </span>
    </p>
   </div>
   <div class='ocr_carea' id='block_1_3' title="bbox 87 1185 273 1474">
    <p class='ocr_par' dir='ltr' id='par_1_3' title="bbox 87 1185 273 1474">
     <span class='ocr_line' id='line_1_3' title="bbox 103 1185 273 1207; baseline -0.006 0"><span class='ocrx_word' id='word_1_5' title='bbox 103 1185 206 1207; x_wconf 67' lang='lat' dir='ltr'>Therasia</span> <span class='ocrx_word' id='word_1_6' title='bbox 221 1188 273 1206; x_wconf 84' lang='lat' dir='ltr'>tam-</span> 
     </span>
     <span class='ocr_line' id='line_1_4' title="bbox 90 1212 273 1233; baseline 0 0"><span class='ocrx_word' id='word_1_7' title='bbox 90 1212 138 1233; x_wconf 72' lang='lat' dir='ltr'>dem</span> <span class='ocrx_word' id='word_1_8' title='bbox 165 1213 273 1233; x_wconf 82' lang='lat' dir='ltr'>sororibus</span> 
     </span>
     <span class='ocr_line' id='line_1_5' title="bbox 89 1239 272 1265; baseline 0 -6"><span class='ocrx_word' id='word_1_9' title='bbox 89 1239 132 1260; x_wconf 75' lang='lat' dir='ltr'>suis</span> <span class='ocrx_word' id='word_1_10' title='bbox 155 1242 272 1265; x_wconf 78' lang='lat' dir='ltr'>pauperta-</span> 
     </span>
     <span class='ocr_line' id='line_1_6' title="bbox 89 1266 273 1290; baseline 0.005 -4"><span class='ocrx_word' id='word_1_11' title='bbox 89 1267 144 1290; x_wconf 77' lang='lat' dir='ltr'>tem,</span> <span class='ocrx_word' id='word_1_12' title='bbox 172 1266 273 1287; x_wconf 84' lang='lat' dir='ltr'>obedien-</span> 
     </span>
     <span class='ocr_line' id='line_1_7' title="bbox 89 1292 273 1318; baseline 0 -5"><span class='ocrx_word' id='word_1_13' title='bbox 89 1292 182 1318; x_wconf 73' lang='lat' dir='ltr'>tiamque</span> <span class='ocrx_word' id='word_1_14' title='bbox 217 1298 273 1313; x_wconf 88' lang='lat' dir='ltr'>com-</span> 
     </span>
     <span class='ocr_line' id='line_1_8' title="bbox 88 1318 273 1343; baseline 0.005 -4"><span class='ocrx_word' id='word_1_15' title='bbox 88 1318 204 1343; x_wconf 77' lang='lat' dir='ltr'>mendans,</span> <span class='ocrx_word' id='word_1_16' title='bbox 237 1325 273 1340; x_wconf 79' lang='lat' dir='ltr'>eu-</span> 
     </span>
     <span class='ocr_line' id='line_1_9' title="bbox 89 1345 272 1367; baseline 0 -1"><span class='ocrx_word' id='word_1_17' title='bbox 89 1345 190 1366; x_wconf 72' lang='lat' dir='ltr'>charistia</span> <span class='ocrx_word' id='word_1_18' title='bbox 203 1351 229 1367; x_wconf 81' lang='lat' dir='ltr'>ac</span> <span class='ocrx_word' id='word_1_19' title='bbox 239 1352 272 1367; x_wconf 81' lang='lat' dir='ltr'>ex·</span> 
     </span>
     <span class='ocr_line' id='line_1_10' title="bbox 89 1373 272 1393; baseline 0 0"><span class='ocrx_word' id='word_1_20' title='bbox 89 1373 156 1393; x_wconf 76' lang='lat' dir='ltr'>trema</span> <span class='ocrx_word' id='word_1_21' title='bbox 173 1373 272 1393; x_wconf 82' lang='lat' dir='ltr'>unctione</span> 
     </span>
     <span class='ocr_line' id='line_1_11' title="bbox 88 1399 273 1424; baseline 0.011 -6"><span class='ocrx_word' id='word_1_22' title='bbox 88 1399 186 1424; x_wconf 73' lang='lat' dir='ltr'>receptis,</span> <span class='ocrx_word' id='word_1_23' title='bbox 205 1400 273 1420; x_wconf 81' lang='lat' dir='ltr'>cruci·</span> 
     </span>
     <span class='ocr_line' id='line_1_12' title="bbox 87 1425 273 1451; baseline 0.011 -6"><span class='ocrx_word' id='word_1_24' title='bbox 87 1425 121 1446; x_wconf 82' lang='lat' dir='ltr'>fixi</span> <span class='ocrx_word' id='word_1_25' title='bbox 130 1425 220 1451; x_wconf 79' lang='lat' dir='ltr'>effigiem</span> <span class='ocrx_word' id='word_1_26' title='bbox 229 1432 273 1447; x_wconf 90' lang='lat' dir='ltr'>ma-</span> 
     </span>
     <span class='ocr_line' id='line_1_13' title="bbox 87 1453 265 1474; baseline 0.011 -2"><span class='ocrx_word' id='word_1_27' title='bbox 87 1453 191 1474; x_wconf 79' lang='lat' dir='ltr'>nutenens</span> <span class='ocrx_word' id='word_1_28' title='bbox 205 1453 265 1474; x_wconf 82' lang='lat' dir='ltr'>obiit.</span> 
     </span>
    </p>
   </div>
   <div class='ocr_carea' id='block_1_4' title="bbox 89 2091 273 2195">
    <p class='ocr_par' dir='ltr' id='par_1_4' title="bbox 89 2091 273 2195">
     <span class='ocr_line' id='line_1_14' title="bbox 130 2091 273 2113; baseline 0 0"><span class='ocrx_word' id='word_1_29' title='bbox 130 2091 157 2113; x_wconf 75' lang='lat' dir='ltr'>Ei</span> <span class='ocrx_word' id='word_1_30' title='bbox 171 2095 220 2113; x_wconf 80' lang='lat' dir='ltr'>tunc</span> <span class='ocrx_word' id='word_1_31' title='bbox 234 2092 273 2113; x_wconf 91' lang='lat' dir='ltr'>mi-</span> 
     </span>
     <span class='ocr_line' id='line_1_15' title="bbox 89 2120 272 2145; baseline 0 -5"><span class='ocrx_word' id='word_1_32' title='bbox 89 2120 164 2141; x_wconf 75' lang='lat' dir='ltr'>rabilia</span> <span class='ocrx_word' id='word_1_33' title='bbox 193 2120 272 2145; x_wconf 73' lang='lat' dir='ltr'>gloriae</span> 
     </span>
     <span class='ocr_line' id='line_1_16' title="bbox 89 2145 273 2172; baseline 0 -5"><span class='ocrx_word' id='word_1_34' title='bbox 89 2145 204 2168; x_wconf 73' lang='lat' dir='ltr'>Therasiae</span> <span class='ocrx_word' id='word_1_35' title='bbox 214 2147 273 2172; x_wconf 77' lang='lat' dir='ltr'>signa</span> 
     </span>
     <span class='ocr_line' id='line_1_17' title="bbox 89 2173 241 2195; baseline 0 0"><span class='ocrx_word' id='word_1_36' title='bbox 89 2173 135 2195; x_wconf 75' lang='lat' dir='ltr'>vina</span> <span class='ocrx_word' id='word_1_37' title='bbox 151 2174 241 2195; x_wconf 81' lang='lat' dir='ltr'>suerunt.</span> 
     </span>
    </p>
   </div>
   <div class='ocr_carea' id='block_1_5' title="bbox 883 269 1197 295">
    <p class='ocr_par' dir='ltr' id='par_1_5' title="bbox 883 269 1197 295">
     <span class='ocr_line' id='line_1_18' title="bbox 883 269 1197 295; baseline -0.003 -1"><span class='ocrx_word' id='word_1_38' title='bbox 883 269 1060 295; x_wconf 83' lang='lat' dir='ltr'>GREGORIUS</span> <span class='ocrx_word' id='word_1_39' title='bbox 1084 271 1126 295; x_wconf 82' lang='lat' dir='ltr'>XV</span> <span class='ocrx_word' id='word_1_40' title='bbox 1149 271 1197 294; x_wconf 85' lang='lat' dir='ltr'>PP.</span> 
     </span>
    </p>
   </div>
   <div class='ocr_carea' id='block_1_6' title="bbox 286 316 1032 2666">
    <p class='ocr_par' dir='ltr' id='par_1_6' title="bbox 288 316 1032 1154">
     <span class='ocr_line' id='line_1_19' title="bbox 290 316 1030 362; baseline 0.003 -12"><span class='ocrx_word' id='word_1_41' title='bbox 290 317 346 351; x_wconf 92' lang='lat' dir='ltr'>Dei</span> <span class='ocrx_word' id='word_1_42' title='bbox 368 316 501 358; x_wconf 86' lang='lat' dir='ltr'>fierent,</span> <span class='ocrx_word' id='word_1_43' title='bbox 525 328 697 361; x_wconf 83' lang='lat' dir='ltr'>numquam</span> <span class='ocrx_word' id='word_1_44' title='bbox 732 323 836 351; x_wconf 86' lang='lat' dir='ltr'>tamen</span> <span class='ocrx_word' id='word_1_45' title='bbox 868 329 968 362; x_wconf 89' lang='lat' dir='ltr'>usque</span> <span class='ocrx_word' id='word_1_46' title='bbox 992 319 1030 352; x_wconf 93' lang='lat' dir='ltr'>ad</span> 
     </span>
     <span class='ocr_line' id='line_1_20' title="bbox 290 371 1032 416; baseline 0.003 -13"><span class='ocrx_word' id='word_1_47' title='bbox 290 381 386 404; x_wconf 84' lang='lat' dir='ltr'>novas</span> <span class='ocrx_word' id='word_1_48' title='bbox 409 371 516 414; x_wconf 82' lang='lat' dir='ltr'>fruges</span> <span class='ocrx_word' id='word_1_49' title='bbox 540 371 778 405; x_wconf 71' lang='lat' dir='ltr'>diminueretur.</span> <span class='ocrx_word' id='word_1_50' title='bbox 812 372 904 406; x_wconf 88' lang='lat' dir='ltr'>Gravi</span> <span class='ocrx_word' id='word_1_51' title='bbox 936 373 1032 416; x_wconf 61' lang='lat' dir='ltr'>erysi-</span> 
     </span>
     <span class='ocr_line' id='line_1_21' title="bbox 290 424 1031 469; baseline 0.001 -12"><span class='ocrx_word' id='word_1_52' title='bbox 290 424 384 469; x_wconf 90' lang='lat' dir='ltr'>pilate</span> <span class='ocrx_word' id='word_1_53' title='bbox 399 425 431 458; x_wconf 91' lang='lat' dir='ltr'>in</span> <span class='ocrx_word' id='word_1_54' title='bbox 455 426 543 458; x_wconf 89' lang='lat' dir='ltr'>vultu</span> <span class='ocrx_word' id='word_1_55' title='bbox 567 436 602 459; x_wconf 84' lang='lat' dir='ltr'>ac</span> <span class='ocrx_word' id='word_1_56' title='bbox 626 425 704 458; x_wconf 82' lang='lat' dir='ltr'><strong>febri</strong></span> <span class='ocrx_word' id='word_1_57' title='bbox 721 426 927 459; x_wconf 81' lang='lat' dir='ltr'>afflictabatur</span> <span class='ocrx_word' id='word_1_58' title='bbox 943 427 1031 459; x_wconf 86' lang='lat' dir='ltr'>Anna</span> 
     </span>
     <span class='ocr_line' id='line_1_22' title="bbox 290 478 1031 519; baseline 0.001 -8"><span class='ocrx_word' id='word_1_59' title='bbox 290 488 308 511; x_wconf 90' lang='lat' dir='ltr'>a</span> <span class='ocrx_word' id='word_1_60' title='bbox 331 478 479 512; x_wconf 88' lang='lat' dir='ltr'>Trinitate</span> <span class='ocrx_word' id='word_1_61' title='bbox 493 505 500 519; x_wconf 97' lang='lat'>,</span> <span class='ocrx_word' id='word_1_62' title='bbox 527 479 672 512; x_wconf 90' lang='lat' dir='ltr'>monialis</span> <span class='ocrx_word' id='word_1_63' title='bbox 696 484 867 512; x_wconf 86' lang='lat' dir='ltr'>conventus</span> <span class='ocrx_word' id='word_1_64' title='bbox 891 479 1031 512; x_wconf 84' lang='lat' dir='ltr'>Medinae</span> 
     </span>
     <span class='ocr_line' id='line_1_23' title="bbox 290 531 1030 576; baseline 0 -11"><span class='ocrx_word' id='word_1_65' title='bbox 290 531 328 565; x_wconf 87' lang='lat' dir='ltr'>de</span> <span class='ocrx_word' id='word_1_66' title='bbox 343 531 471 576; x_wconf 89' lang='lat' dir='ltr'>Campo,</span> <span class='ocrx_word' id='word_1_67' title='bbox 489 532 539 566; x_wconf 89' lang='lat' dir='ltr'>cui</span> <span class='ocrx_word' id='word_1_68' title='bbox 555 532 703 566; x_wconf 90' lang='lat' dir='ltr'>Theresia</span> <span class='ocrx_word' id='word_1_69' title='bbox 720 532 856 576; x_wconf 88' lang='lat' dir='ltr'>primum</span> <span class='ocrx_word' id='word_1_70' title='bbox 882 533 1030 573; x_wconf 89' lang='lat' dir='ltr'>blandita,</span> 
     </span>
     <span class='ocr_line' id='line_1_24' title="bbox 290 585 1030 631; baseline 0 -12"><span class='ocrx_word' id='word_1_71' title='bbox 290 585 402 619; x_wconf 87' lang='lat' dir='ltr'>deinde</span> <span class='ocrx_word' id='word_1_72' title='bbox 425 586 508 619; x_wconf 87' lang='lat' dir='ltr'>laesa</span> <span class='ocrx_word' id='word_1_73' title='bbox 532 586 674 619; x_wconf 87' lang='lat' dir='ltr'>membra</span> <span class='ocrx_word' id='word_1_74' title='bbox 706 586 816 619; x_wconf 90' lang='lat' dir='ltr'>leviter</span> <span class='ocrx_word' id='word_1_75' title='bbox 839 591 1008 631; x_wconf 77' lang='lat' dir='ltr'>attrectans</span> <span class='ocrx_word' id='word_1_76' title='bbox 1023 614 1030 627; x_wconf 94' lang='lat'>,</span> 
     </span>
     <span class='ocr_line' id='line_1_25' title="bbox 290 638 1031 685; baseline 0.001 -13"><span class='ocrx_word' id='word_1_77' title='bbox 290 638 368 672; x_wconf 81' lang='lat' dir='ltr'>bono</span> <span class='ocrx_word' id='word_1_78' title='bbox 392 639 525 681; x_wconf 81' lang='lat' dir='ltr'>animo,</span> <span class='ocrx_word' id='word_1_79' title='bbox 553 639 665 685; x_wconf 88' lang='lat' dir='ltr'>inquit,</span> <span class='ocrx_word' id='word_1_80' title='bbox 689 640 734 673; x_wconf 71' lang='lat' dir='ltr'>sis</span> <span class='ocrx_word' id='word_1_81' title='bbox 757 640 842 683; x_wconf 78' lang='lat' dir='ltr'>filia,</span> <span class='ocrx_word' id='word_1_82' title='bbox 871 641 967 681; x_wconf 81' lang='lat' dir='ltr'>Deus,</span> <span class='ocrx_word' id='word_1_83' title='bbox 995 644 1031 673; x_wconf 84' lang='lat' dir='ltr'>ut</span> 
     </span>
     <span class='ocr_line' id='line_1_26' title="bbox 289 693 1031 738; baseline 0.003 -13"><span class='ocrx_word' id='word_1_84' title='bbox 289 702 391 736; x_wconf 80' lang='lat' dir='ltr'>spero,</span> <span class='ocrx_word' id='word_1_85' title='bbox 411 696 439 726; x_wconf 80' lang='lat' dir='ltr'>te</span> <span class='ocrx_word' id='word_1_86' title='bbox 457 693 513 726; x_wconf 82' lang='lat' dir='ltr'>hoc</span> <span class='ocrx_word' id='word_1_87' title='bbox 533 693 644 726; x_wconf 82' lang='lat' dir='ltr'>modo¹</span> <span class='ocrx_word' id='word_1_88' title='bbox 667 694 838 734; x_wconf 77' lang='lat' dir='ltr'>liberabit;</span> <span class='ocrx_word' id='word_1_89' title='bbox 864 694 1031 738; x_wconf 90' lang='lat' dir='ltr'>statimque</span> 
     </span>
     <span class='ocr_line' id='line_1_27' title="bbox 288 746 1030 791; baseline 0.004 -13"><span class='ocrx_word' id='word_1_90' title='bbox 288 746 395 788; x_wconf 83' lang='lat' dir='ltr'>febris,</span> <span class='ocrx_word' id='word_1_91' title='bbox 415 747 581 791; x_wconf 90' lang='lat' dir='ltr'>omnisque</span> <span class='ocrx_word' id='word_1_92' title='bbox 598 747 728 782; x_wconf 86' lang='lat' dir='ltr'>morbus</span> <span class='ocrx_word' id='word_1_93' title='bbox 748 748 786 781; x_wconf 91' lang='lat' dir='ltr'>ab</span> <span class='ocrx_word' id='word_1_94' title='bbox 810 750 847 781; x_wconf 74' lang='lat' dir='ltr'>ea</span> <span class='ocrx_word' id='word_1_95' title='bbox 871 748 1030 781; x_wconf 81' lang='lat' dir='ltr'>abscessit.</span> 
     </span>
     <span class='ocr_line' id='line_1_28' title="bbox 288 799 1030 846; baseline 0.003 -14"><span class='ocrx_word' id='word_1_96' title='bbox 288 799 416 833; x_wconf 86' lang='lat' dir='ltr'>Alberta</span> <span class='ocrx_word' id='word_1_97' title='bbox 456 801 595 834; x_wconf 90' lang='lat' dir='ltr'>eiusdem</span> <span class='ocrx_word' id='word_1_98' title='bbox 638 801 821 835; x_wconf 88' lang='lat' dir='ltr'>monasterii</span> <span class='ocrx_word' id='word_1_99' title='bbox 858 801 1009 846; x_wconf 81' lang='lat' dir='ltr'>priorissa</span> <span class='ocrx_word' id='word_1_100' title='bbox 1023 828 1030 842; x_wconf 87' lang='lat'>‚</span> 
     </span>
     <span class='ocr_line' id='line_1_29' title="bbox 290 854 1032 899; baseline 0.001 -12"><span class='ocrx_word' id='word_1_101' title='bbox 290 854 467 897; x_wconf 88' lang='lat' dir='ltr'>pleuritide,</span> <span class='ocrx_word' id='word_1_102' title='bbox 485 865 520 888; x_wconf 87' lang='lat' dir='ltr'>ac</span> <span class='ocrx_word' id='word_1_103' title='bbox 545 855 642 896; x_wconf 82' lang='lat' dir='ltr'>febre,</span> <span class='ocrx_word' id='word_1_104' title='bbox 658 866 721 889; x_wconf 92' lang='lat' dir='ltr'>non</span> <span class='ocrx_word' id='word_1_105' title='bbox 745 856 863 898; x_wconf 80' lang='lat' dir='ltr'>absque</span> <span class='ocrx_word' id='word_1_106' title='bbox 883 856 963 888; x_wconf 90' lang='lat' dir='ltr'>vitac</span> <span class='ocrx_word' id='word_1_107' title='bbox 980 866 1032 899; x_wconf 89' lang='lat' dir='ltr'>pe-</span> 
     </span>
     <span class='ocr_line' id='line_1_30' title="bbox 288 907 1030 951; baseline 0 -11"><span class='ocrx_word' id='word_1_108' title='bbox 288 907 400 949; x_wconf 86' lang='lat' dir='ltr'>riculo,</span> <span class='ocrx_word' id='word_1_109' title='bbox 417 907 593 948; x_wconf 88' lang='lat' dir='ltr'>laborabat;</span> <span class='ocrx_word' id='word_1_110' title='bbox 607 914 637 941; x_wconf 89' lang='lat' dir='ltr'>at</span> <span class='ocrx_word' id='word_1_111' title='bbox 651 914 757 942; x_wconf 86' lang='lat' dir='ltr'>sancta</span> <span class='ocrx_word' id='word_1_112' title='bbox 770 909 859 951; x_wconf 83' lang='lat' dir='ltr'>virgo</span> <span class='ocrx_word' id='word_1_113' title='bbox 873 907 1030 948; x_wconf 88' lang='lat' dir='ltr'>Theresia,</span> 
     </span>
     <span class='ocr_line' id='line_1_31' title="bbox 290 962 1029 1005; baseline -0.001 -11"><span class='ocrx_word' id='word_1_114' title='bbox 290 965 371 994; x_wconf 89' lang='lat' dir='ltr'>tacto</span> <span class='ocrx_word' id='word_1_115' title='bbox 396 962 502 1002; x_wconf 90' lang='lat' dir='ltr'>latere,</span> <span class='ocrx_word' id='word_1_116' title='bbox 519 962 603 1005; x_wconf 91' lang='lat' dir='ltr'>quod</span> <span class='ocrx_word' id='word_1_117' title='bbox 626 962 739 995; x_wconf 90' lang='lat' dir='ltr'>morbo</span> <span class='ocrx_word' id='word_1_118' title='bbox 759 962 944 1004; x_wconf 80' lang='lat' dir='ltr'>urgebatur,</span> <span class='ocrx_word' id='word_1_119' title='bbox 962 972 1029 994; x_wconf 91' lang='lat' dir='ltr'>eam</span> 
     </span>
     <span class='ocr_line' id='line_1_32' title="bbox 289 1014 1029 1059; baseline 0 -12"><span class='ocrx_word' id='word_1_120' title='bbox 289 1025 397 1047; x_wconf 87' lang='lat' dir='ltr'>sanam</span> <span class='ocrx_word' id='word_1_121' title='bbox 411 1025 478 1048; x_wconf 91' lang='lat' dir='ltr'>esse</span> <span class='ocrx_word' id='word_1_122' title='bbox 490 1015 718 1059; x_wconf 81' lang='lat' dir='ltr'>pronunciavit,</span> <span class='ocrx_word' id='word_1_123' title='bbox 733 1026 768 1049; x_wconf 87' lang='lat' dir='ltr'>ac</span> <span class='ocrx_word' id='word_1_124' title='bbox 783 1025 914 1057; x_wconf 78' lang='lat' dir='ltr'>surgere</span> <span class='ocrx_word' id='word_1_125' title='bbox 931 1014 1029 1055; x_wconf 73' lang='lat' dir='ltr'>iussit,</span> 
     </span>
     <span class='ocr_line' id='line_1_33' title="bbox 288 1068 1029 1112; baseline 0 -11"><span class='ocrx_word' id='word_1_126' title='bbox 288 1068 341 1101; x_wconf 90' lang='lat' dir='ltr'>illa</span> <span class='ocrx_word' id='word_1_127' title='bbox 364 1068 500 1112; x_wconf 79' lang='lat' dir='ltr'>perfecte</span> <span class='ocrx_word' id='word_1_128' title='bbox 525 1073 632 1101; x_wconf 90' lang='lat' dir='ltr'>sanata</span> <span class='ocrx_word' id='word_1_129' title='bbox 655 1068 760 1101; x_wconf 91' lang='lat' dir='ltr'>statim</span> <span class='ocrx_word' id='word_1_130' title='bbox 778 1079 794 1101; x_wconf 90' lang='lat' dir='ltr'>e</span> <span class='ocrx_word' id='word_1_131' title='bbox 815 1069 896 1101; x_wconf 86' lang='lat' dir='ltr'>lecto</span> <span class='ocrx_word' id='word_1_132' title='bbox 922 1068 1029 1109; x_wconf 81' lang='lat' dir='ltr'>exiliit,</span> 
     </span>
     <span class='ocr_line' id='line_1_34' title="bbox 288 1120 549 1154; baseline 0.004 -1"><span class='ocrx_word' id='word_1_133' title='bbox 288 1120 418 1153; x_wconf 87' lang='lat' dir='ltr'>laudans</span> <span class='ocrx_word' id='word_1_134' title='bbox 440 1121 549 1154; x_wconf 87' lang='lat' dir='ltr'>Deum.</span> 
     </span>
    </p>

    <p class='ocr_par' dir='ltr' id='par_1_7' title="bbox 286 1174 1030 2076">
     <span class='ocr_line' id='line_1_35' title="bbox 332 1174 1030 1218; baseline 0 -11"><span class='ocrx_word' id='word_1_135' title='bbox 332 1174 347 1218; x_wconf 66' lang='grc' dir='ltr'><strong>ἓ</strong></span> <span class='ocrx_word' id='word_1_136' title='bbox 364 1174 415 1207; x_wconf 77' lang='grc'>19.</span> <span class='ocrx_word' id='word_1_137' title='bbox 433 1174 623 1208; x_wconf 86' lang='lat' dir='ltr'>Adveniente</span> <span class='ocrx_word' id='word_1_138' title='bbox 643 1174 770 1208; x_wconf 90' lang='lat' dir='ltr'>demum</span> <span class='ocrx_word' id='word_1_139' title='bbox 791 1179 945 1218; x_wconf 86' lang='lat' dir='ltr'>tempore,</span> <span class='ocrx_word' id='word_1_140' title='bbox 967 1185 1030 1218; x_wconf 89' lang='lat' dir='ltr'>quo</span> 
     </span>
     <span class='ocr_line' id='line_1_36' title="bbox 287 1227 1030 1271; baseline 0 -11"><span class='ocrx_word' id='word_1_141' title='bbox 287 1237 346 1271; x_wconf 90' lang='lat' dir='ltr'>pro</span> <span class='ocrx_word' id='word_1_142' title='bbox 360 1232 405 1261; x_wconf 90' lang='lat' dir='ltr'>tot</span> <span class='ocrx_word' id='word_1_143' title='bbox 416 1227 577 1261; x_wconf 86' lang='lat' dir='ltr'>laboribus</span> <span class='ocrx_word' id='word_1_144' title='bbox 590 1238 648 1271; x_wconf 91' lang='lat' dir='ltr'>pro</span> <span class='ocrx_word' id='word_1_145' title='bbox 661 1227 766 1261; x_wconf 88' lang='lat' dir='ltr'>divino</span> <span class='ocrx_word' id='word_1_146' title='bbox 781 1228 902 1260; x_wconf 89' lang='lat' dir='ltr'>honore</span> <span class='ocrx_word' id='word_1_147' title='bbox 916 1227 1030 1260; x_wconf 80' lang='lat' dir='ltr'>exhau-</span> 
     </span>
     <span class='ocr_line' id='line_1_37' title="bbox 288 1280 1030 1324; baseline 0.001 -12"><span class='ocrx_word' id='word_1_148' title='bbox 288 1280 364 1323; x_wconf 87' lang='lat' dir='ltr'>stis,</span> <span class='ocrx_word' id='word_1_149' title='bbox 389 1291 425 1314; x_wconf 85' lang='lat' dir='ltr'>ac</span> <span class='ocrx_word' id='word_1_150' title='bbox 448 1285 493 1314; x_wconf 88' lang='lat' dir='ltr'>tot</span> <span class='ocrx_word' id='word_1_151' title='bbox 521 1280 612 1314; x_wconf 90' lang='lat' dir='ltr'>bonis</span> <span class='ocrx_word' id='word_1_152' title='bbox 643 1280 792 1324; x_wconf 89' lang='lat' dir='ltr'>operibus</span> <span class='ocrx_word' id='word_1_153' title='bbox 817 1280 848 1312; x_wconf 94' lang='lat' dir='ltr'>in</span> <span class='ocrx_word' id='word_1_154' title='bbox 873 1280 1030 1313; x_wconf 82' lang='lat' dir='ltr'>Ecclesiae</span> 
     </span>
     <span class='ocr_line' id='line_1_38' title="bbox 288 1333 1030 1378; baseline 0.001 -12"><span class='ocrx_word' id='word_1_155' title='bbox 288 1333 452 1368; x_wconf 85' lang='lat' dir='ltr'>utilitatem</span> <span class='ocrx_word' id='word_1_156' title='bbox 482 1334 693 1378; x_wconf 87' lang='lat' dir='ltr'>perpetratis,</span> <span class='ocrx_word' id='word_1_157' title='bbox 725 1344 874 1367; x_wconf 89' lang='lat' dir='ltr'>coronam</span> <span class='ocrx_word' id='word_1_158' title='bbox 906 1334 1030 1367; x_wconf 88' lang='lat' dir='ltr'>decoris</span> 
     </span>
     <span class='ocr_line' id='line_1_39' title="bbox 288 1386 1029 1431; baseline 0 -12"><span class='ocrx_word' id='word_1_159' title='bbox 288 1386 327 1419; x_wconf 90' lang='lat' dir='ltr'>de</span> <span class='ocrx_word' id='word_1_160' title='bbox 344 1397 440 1420; x_wconf 88' lang='lat' dir='ltr'>manu</span> <span class='ocrx_word' id='word_1_161' title='bbox 454 1387 509 1420; x_wconf 90' lang='lat' dir='ltr'>Dei</span> <span class='ocrx_word' id='word_1_162' title='bbox 526 1391 607 1421; x_wconf 85' lang='lat' dir='ltr'>esset</span> <span class='ocrx_word' id='word_1_163' title='bbox 623 1391 799 1431; x_wconf 86' lang='lat' dir='ltr'>receptura,</span> <span class='ocrx_word' id='word_1_164' title='bbox 813 1387 900 1430; x_wconf 85' lang='lat' dir='ltr'>gravi</span> <span class='ocrx_word' id='word_1_165' title='bbox 917 1387 1029 1420; x_wconf 87' lang='lat' dir='ltr'>morbo</span> 
     </span>
     <span class='ocr_line' id='line_1_40' title="bbox 287 1440 1030 1482; baseline 0.001 -9"><span class='ocrx_word' id='word_1_166' title='bbox 287 1440 365 1473; x_wconf 89' lang='lat' dir='ltr'>Albe</span> <span class='ocrx_word' id='word_1_167' title='bbox 391 1440 603 1482; x_wconf 84' lang='lat' dir='ltr'>decumbens,</span> <span class='ocrx_word' id='word_1_168' title='bbox 636 1452 708 1474; x_wconf 88' lang='lat' dir='ltr'>cum</span> <span class='ocrx_word' id='word_1_169' title='bbox 743 1447 808 1475; x_wconf 89' lang='lat' dir='ltr'>toto</span> <span class='ocrx_word' id='word_1_170' title='bbox 840 1441 1030 1474; x_wconf 85' lang='lat' dir='ltr'>infirmitatis</span> 
     </span>
     <span class='ocr_line' id='line_1_41' title="bbox 289 1495 1029 1540; baseline 0 -13"><span class='ocrx_word' id='word_1_171' title='bbox 289 1499 431 1539; x_wconf 87' lang='lat' dir='ltr'>tempore</span> <span class='ocrx_word' id='word_1_172' title='bbox 455 1495 634 1539; x_wconf 85' lang='lat' dir='ltr'>frequentes</span> <span class='ocrx_word' id='word_1_173' title='bbox 654 1506 690 1528; x_wconf 87' lang='lat' dir='ltr'>ac</span> <span class='ocrx_word' id='word_1_174' title='bbox 713 1496 803 1540; x_wconf 88' lang='lat' dir='ltr'>plene</span> <span class='ocrx_word' id='word_1_175' title='bbox 828 1495 1029 1528; x_wconf 84' lang='lat' dir='ltr'>admirabiles</span> 
     </span>
     <span class='ocr_line' id='line_1_42' title="bbox 287 1548 1030 1583; baseline 0.001 -2"><span class='ocrx_word' id='word_1_176' title='bbox 287 1548 325 1582; x_wconf 89' lang='lat' dir='ltr'>de</span> <span class='ocrx_word' id='word_1_177' title='bbox 342 1549 448 1582; x_wconf 78' lang='lat' dir='ltr'>divina</span> <span class='ocrx_word' id='word_1_178' title='bbox 469 1550 620 1583; x_wconf 82' lang='lat' dir='ltr'>charitate</span> <span class='ocrx_word' id='word_1_179' title='bbox 637 1560 709 1582; x_wconf 86' lang='lat' dir='ltr'>eum</span> <span class='ocrx_word' id='word_1_180' title='bbox 726 1549 890 1583; x_wconf 87' lang='lat' dir='ltr'>sororibus</span> <span class='ocrx_word' id='word_1_181' title='bbox 913 1559 1030 1582; x_wconf 90' lang='lat' dir='ltr'>sermo-</span> 
     </span>
     <span class='ocr_line' id='line_1_43' title="bbox 286 1602 1029 1647; baseline 0.001 -12"><span class='ocrx_word' id='word_1_182' title='bbox 286 1613 342 1636; x_wconf 92' lang='lat' dir='ltr'>nes</span> <span class='ocrx_word' id='word_1_183' title='bbox 361 1602 532 1644; x_wconf 89' lang='lat' dir='ltr'>habuisset,</span> <span class='ocrx_word' id='word_1_184' title='bbox 548 1603 671 1647; x_wconf 87' lang='lat' dir='ltr'>saepius</span> <span class='ocrx_word' id='word_1_185' title='bbox 695 1603 811 1646; x_wconf 81' lang='lat' dir='ltr'>gratias</span> <span class='ocrx_word' id='word_1_186' title='bbox 835 1603 898 1636; x_wconf 91' lang='lat' dir='ltr'>Deo</span> <span class='ocrx_word' id='word_1_187' title='bbox 921 1613 1029 1646; x_wconf 82' lang='lat' dir='ltr'>agens,</span> 
     </span>
     <span class='ocr_line' id='line_1_44' title="bbox 287 1656 1028 1701; baseline -0.001 -11"><span class='ocrx_word' id='word_1_188' title='bbox 287 1656 372 1701; x_wconf 88' lang='lat' dir='ltr'>quod</span> <span class='ocrx_word' id='word_1_189' title='bbox 389 1667 422 1690; x_wconf 91' lang='lat' dir='ltr'>se</span> <span class='ocrx_word' id='word_1_190' title='bbox 442 1657 613 1691; x_wconf 85' lang='lat' dir='ltr'>catholicae</span> <span class='ocrx_word' id='word_1_191' title='bbox 634 1657 791 1690; x_wconf 86' lang='lat' dir='ltr'>Ecclesiae</span> <span class='ocrx_word' id='word_1_192' title='bbox 816 1662 1028 1700; x_wconf 75' lang='lat' dir='ltr'>aggregasset,</span> 
     </span>
     <span class='ocr_line' id='line_1_45' title="bbox 288 1710 1028 1755; baseline 0.001 -12"><span class='ocrx_word' id='word_1_193' title='bbox 288 1711 512 1744; x_wconf 86' lang='lat' dir='ltr'>commendans</span> <span class='ocrx_word' id='word_1_194' title='bbox 527 1738 534 1752; x_wconf 86' lang='lat'>‚</span> <span class='ocrx_word' id='word_1_195' title='bbox 559 1716 718 1755; x_wconf 88' lang='lat' dir='ltr'>tamquam</span> <span class='ocrx_word' id='word_1_196' title='bbox 743 1711 913 1755; x_wconf 85' lang='lat' dir='ltr'>praecipua</span> <span class='ocrx_word' id='word_1_197' title='bbox 936 1710 1028 1752; x_wconf 90' lang='lat' dir='ltr'>bona,</span> 
     </span>
     <span class='ocr_line' id='line_1_46' title="bbox 287 1764 1030 1810; baseline 0.001 -13"><span class='ocrx_word' id='word_1_198' title='bbox 287 1770 514 1809; x_wconf 87' lang='lat' dir='ltr'>paupertatem,</span> <span class='ocrx_word' id='word_1_199' title='bbox 532 1775 568 1798; x_wconf 86' lang='lat' dir='ltr'>ac</span> <span class='ocrx_word' id='word_1_200' title='bbox 584 1764 722 1798; x_wconf 88' lang='lat' dir='ltr'>debitam</span> <span class='ocrx_word' id='word_1_201' title='bbox 745 1764 934 1810; x_wconf 87' lang='lat' dir='ltr'>praepositis</span> <span class='ocrx_word' id='word_1_202' title='bbox 959 1764 1030 1798; x_wconf 91' lang='lat' dir='ltr'>obe-</span> 
     </span>
     <span class='ocr_line' id='line_1_47' title="bbox 287 1817 1030 1863; baseline 0.001 -13"><span class='ocrx_word' id='word_1_203' title='bbox 287 1817 446 1859; x_wconf 90' lang='lat' dir='ltr'>dientiam,</span> <span class='ocrx_word' id='word_1_204' title='bbox 462 1823 590 1863; x_wconf 88' lang='lat' dir='ltr'>accepto</span> <span class='ocrx_word' id='word_1_205' title='bbox 609 1818 796 1860; x_wconf 82' lang='lat' dir='ltr'>humillime,</span> <span class='ocrx_word' id='word_1_206' title='bbox 813 1828 849 1852; x_wconf 88' lang='lat' dir='ltr'>ac</span> <span class='ocrx_word' id='word_1_207' title='bbox 870 1829 941 1852; x_wconf 90' lang='lat' dir='ltr'>cum</span> <span class='ocrx_word' id='word_1_208' title='bbox 962 1829 1030 1852; x_wconf 89' lang='lat' dir='ltr'>cae-</span> 
     </span>
     <span class='ocr_line' id='line_1_48' title="bbox 287 1869 1028 1916; baseline 0.003 -13"><span class='ocrx_word' id='word_1_209' title='bbox 287 1869 356 1905; x_wconf 87' lang='lat' dir='ltr'>lesti</span> <span class='ocrx_word' id='word_1_210' title='bbox 379 1882 510 1916; x_wconf 87' lang='lat' dir='ltr'>prorsus</span> <span class='ocrx_word' id='word_1_211' title='bbox 545 1872 698 1905; x_wconf 87' lang='lat' dir='ltr'>charitate</span> <span class='ocrx_word' id='word_1_212' title='bbox 728 1883 819 1906; x_wconf 90' lang='lat' dir='ltr'>sacro</span> <span class='ocrx_word' id='word_1_213' title='bbox 844 1872 1028 1916; x_wconf 84' lang='lat' dir='ltr'>peregrina-</span> 
     </span>
     <span class='ocr_line' id='line_1_49' title="bbox 287 1923 1029 1966; baseline 0.001 -9"><span class='ocrx_word' id='word_1_214' title='bbox 287 1923 381 1957; x_wconf 89' lang='lat' dir='ltr'>tionis</span> <span class='ocrx_word' id='word_1_215' title='bbox 402 1935 476 1958; x_wconf 87' lang='lat' dir='ltr'>suae</span> <span class='ocrx_word' id='word_1_216' title='bbox 500 1925 623 1966; x_wconf 86' lang='lat' dir='ltr'>viatico,</span> <span class='ocrx_word' id='word_1_217' title='bbox 640 1936 676 1959; x_wconf 86' lang='lat' dir='ltr'>ac</span> <span class='ocrx_word' id='word_1_218' title='bbox 689 1930 848 1959; x_wconf 85' lang='lat' dir='ltr'>extremae</span> <span class='ocrx_word' id='word_1_219' title='bbox 872 1926 1029 1959; x_wconf 89' lang='lat' dir='ltr'>unctionis</span> 
     </span>
     <span class='ocr_line' id='line_1_50' title="bbox 288 1978 1028 2023; baseline 0.004 -14"><span class='ocrx_word' id='word_1_220' title='bbox 288 1983 494 2019; x_wconf 86' lang='lat' dir='ltr'>sacramento,</span> <span class='ocrx_word' id='word_1_221' title='bbox 511 1978 625 2012; x_wconf 86' lang='lat' dir='ltr'>Christi</span> <span class='ocrx_word' id='word_1_222' title='bbox 643 1979 784 2012; x_wconf 85' lang='lat' dir='ltr'>crucifixi</span> <span class='ocrx_word' id='word_1_223' title='bbox 808 1979 944 2023; x_wconf 80' lang='lat' dir='ltr'>effigiem</span> <span class='ocrx_word' id='word_1_224' title='bbox 962 1989 1028 2012; x_wconf 90' lang='lat' dir='ltr'>rna-</span> 
     </span>
     <span class='ocr_line' id='line_1_51' title="bbox 288 2032 1026 2076; baseline 0.003 -13"><span class='ocrx_word' id='word_1_225' title='bbox 288 2036 450 2071; x_wconf 88' lang='lat' dir='ltr'>nutenens,</span> <span class='ocrx_word' id='word_1_226' title='bbox 471 2032 509 2064; x_wconf 91' lang='lat' dir='ltr'>ad</span> <span class='ocrx_word' id='word_1_227' title='bbox 533 2033 698 2067; x_wconf 87' lang='lat' dir='ltr'>caelestem</span> <span class='ocrx_word' id='word_1_228' title='bbox 724 2033 859 2076; x_wconf 87' lang='lat' dir='ltr'>patriam</span> <span class='ocrx_word' id='word_1_229' title='bbox 885 2033 1026 2066; x_wconf 79' lang='lat' dir='ltr'>evolavit.</span> 
     </span>
    </p>

    <p class='ocr_par' dir='ltr' id='par_1_8' title="bbox 286 2084 1029 2666">
     <span class='ocr_line' id='line_1_52' title="bbox 335 2084 1029 2130; baseline 0.001 -12"><span class='ocrx_word' id='word_1_230' title='bbox 335 2085 350 2128; x_wconf 71' lang='lat'>§,</span> <span class='ocrx_word' id='word_1_231' title='bbox 374 2084 426 2118; x_wconf 71' lang='lat'>20.</span> <span class='ocrx_word' id='word_1_232' title='bbox 452 2085 597 2119; x_wconf 86' lang='lat' dir='ltr'>Pluribus</span> <span class='ocrx_word' id='word_1_233' title='bbox 618 2096 692 2119; x_wconf 85' lang='lat' dir='ltr'>vero</span> <span class='ocrx_word' id='word_1_234' title='bbox 710 2086 807 2130; x_wconf 83' lang='lat' dir='ltr'>signis</span> <span class='ocrx_word' id='word_1_235' title='bbox 822 2085 1029 2120; x_wconf 80' lang='lat' dir='ltr'>manifestavit</span> 
     </span>
     <span class='ocr_line' id='line_1_53' title="bbox 287 2137 1026 2182; baseline 0.001 -11"><span class='ocrx_word' id='word_1_236' title='bbox 287 2137 369 2171; x_wconf 89' lang='lat' dir='ltr'>Deus</span> <span class='ocrx_word' id='word_1_237' title='bbox 403 2148 497 2182; x_wconf 89' lang='lat' dir='ltr'>quam</span> <span class='ocrx_word' id='word_1_238' title='bbox 534 2139 700 2172; x_wconf 89' lang='lat' dir='ltr'>sublimem</span> <span class='ocrx_word' id='word_1_239' title='bbox 739 2139 858 2182; x_wconf 89' lang='lat' dir='ltr'>gloriae</span> <span class='ocrx_word' id='word_1_240' title='bbox 893 2139 1026 2182; x_wconf 83' lang='lat' dir='ltr'>gradum</span> 
     </span>
     <span class='ocr_line' id='line_1_54' title="bbox 287 2191 1028 2235; baseline 0.003 -12"><span class='ocrx_word' id='word_1_241' title='bbox 287 2191 454 2224; x_wconf 84' lang='lat' dir='ltr'>Theresiae</span> <span class='ocrx_word' id='word_1_242' title='bbox 477 2191 627 2235; x_wconf 86' lang='lat' dir='ltr'>elargitus</span> <span class='ocrx_word' id='word_1_243' title='bbox 655 2192 686 2225; x_wconf 90' lang='lat' dir='ltr'>in</span> <span class='ocrx_word' id='word_1_244' title='bbox 711 2193 805 2226; x_wconf 86' lang='lat' dir='ltr'>caelis</span> <span class='ocrx_word' id='word_1_245' title='bbox 829 2198 928 2226; x_wconf 89' lang='lat' dir='ltr'>esset:</span> <span class='ocrx_word' id='word_1_246' title='bbox 946 2193 1028 2226; x_wconf 91' lang='lat' dir='ltr'>mul-</span> 
     </span>
     <span class='ocr_line' id='line_1_55' title="bbox 288 2244 1028 2288; baseline 0.001 -11"><span class='ocrx_word' id='word_1_247' title='bbox 288 2249 336 2277; x_wconf 86' lang='lat' dir='ltr'>tae</span> <span class='ocrx_word' id='word_1_248' title='bbox 353 2244 469 2277; x_wconf 85' lang='lat' dir='ltr'>etenim</span> <span class='ocrx_word' id='word_1_249' title='bbox 493 2245 655 2285; x_wconf 90' lang='lat' dir='ltr'>monialas,</span> <span class='ocrx_word' id='word_1_250' title='bbox 673 2245 849 2288; x_wconf 86' lang='lat' dir='ltr'>religiosae,</span> <span class='ocrx_word' id='word_1_251' title='bbox 867 2256 903 2279; x_wconf 85' lang='lat' dir='ltr'>ac</span> <span class='ocrx_word' id='word_1_252' title='bbox 921 2246 1028 2280; x_wconf 87' lang='lat' dir='ltr'>timen-</span> 
     </span>
     <span class='ocr_line' id='line_1_56' title="bbox 288 2298 1026 2342; baseline 0.001 -11"><span class='ocrx_word' id='word_1_253' title='bbox 288 2303 333 2331; x_wconf 88' lang='lat' dir='ltr'>tes</span> <span class='ocrx_word' id='word_1_254' title='bbox 356 2298 464 2339; x_wconf 90' lang='lat' dir='ltr'>Deum,</span> <span class='ocrx_word' id='word_1_255' title='bbox 482 2298 625 2333; x_wconf 87' lang='lat' dir='ltr'>viderunt</span> <span class='ocrx_word' id='word_1_256' title='bbox 642 2299 789 2332; x_wconf 85' lang='lat' dir='ltr'>decorem</span> <span class='ocrx_word' id='word_1_257' title='bbox 807 2299 926 2342; x_wconf 84' lang='lat' dir='ltr'>gloriae</span> <span class='ocrx_word' id='word_1_258' title='bbox 950 2299 1026 2333; x_wconf 87' lang='lat' dir='ltr'>eius.</span> 
     </span>
     <span class='ocr_line' id='line_1_57' title="bbox 286 2352 1027 2397; baseline 0.001 -12"><span class='ocrx_word' id='word_1_259' title='bbox 286 2352 354 2385; x_wconf 84' lang='lat' dir='ltr'>Alia</span> <span class='ocrx_word' id='word_1_260' title='bbox 377 2353 492 2386; x_wconf 89' lang='lat' dir='ltr'>etenim</span> <span class='ocrx_word' id='word_1_261' title='bbox 517 2353 680 2397; x_wconf 79' lang='lat' dir='ltr'>conspexit</span> <span class='ocrx_word' id='word_1_262' title='bbox 713 2363 807 2397; x_wconf 88' lang='lat' dir='ltr'>supra</span> <span class='ocrx_word' id='word_1_263' title='bbox 831 2357 948 2387; x_wconf 89' lang='lat' dir='ltr'>tectum</span> <span class='ocrx_word' id='word_1_264' title='bbox 976 2363 1027 2386; x_wconf 92' lang='lat' dir='ltr'>ec-</span> 
     </span>
     <span class='ocr_line' id='line_1_58' title="bbox 287 2406 1028 2450; baseline -0.001 -11"><span class='ocrx_word' id='word_1_265' title='bbox 287 2406 409 2447; x_wconf 88' lang='lat' dir='ltr'>clesiae,</span> <span class='ocrx_word' id='word_1_266' title='bbox 427 2411 457 2439; x_wconf 86' lang='lat' dir='ltr'>et</span> <span class='ocrx_word' id='word_1_267' title='bbox 474 2407 505 2439; x_wconf 92' lang='lat' dir='ltr'>in</span> <span class='ocrx_word' id='word_1_268' title='bbox 522 2407 631 2447; x_wconf 85' lang='lat' dir='ltr'>choro,</span> <span class='ocrx_word' id='word_1_269' title='bbox 649 2411 679 2439; x_wconf 89' lang='lat' dir='ltr'>et</span> <span class='ocrx_word' id='word_1_270' title='bbox 696 2417 790 2450; x_wconf 90' lang='lat' dir='ltr'>super</span> <span class='ocrx_word' id='word_1_271' title='bbox 813 2406 1028 2440; x_wconf 88' lang='lat' dir='ltr'>decumbentis</span> 
     </span>
     <span class='ocr_line' id='line_1_59' title="bbox 287 2459 1028 2493; baseline 0 0"><span class='ocrx_word' id='word_1_272' title='bbox 287 2459 469 2493; x_wconf 88' lang='lat' dir='ltr'>cubiculum</span> <span class='ocrx_word' id='word_1_273' title='bbox 486 2460 718 2493; x_wconf 88' lang='lat' dir='ltr'>multitudinem</span> <span class='ocrx_word' id='word_1_274' title='bbox 740 2460 921 2493; x_wconf 88' lang='lat' dir='ltr'>caelestium</span> <span class='ocrx_word' id='word_1_275' title='bbox 938 2460 1028 2493; x_wconf 88' lang='lat' dir='ltr'>lumi-</span> 
     </span>
     <span class='ocr_line' id='line_1_60' title="bbox 286 2513 1026 2556; baseline 0.001 -11"><span class='ocrx_word' id='word_1_276' title='bbox 286 2513 426 2554; x_wconf 87' lang='lat' dir='ltr'>narium;</span> <span class='ocrx_word' id='word_1_277' title='bbox 452 2514 512 2547; x_wconf 90' lang='lat' dir='ltr'>alia</span> <span class='ocrx_word' id='word_1_278' title='bbox 535 2514 693 2548; x_wconf 88' lang='lat' dir='ltr'>Christum</span> <span class='ocrx_word' id='word_1_279' title='bbox 718 2514 886 2547; x_wconf 91' lang='lat' dir='ltr'>Dominum</span> <span class='ocrx_word' id='word_1_280' title='bbox 912 2523 1026 2556; x_wconf 87' lang='lat' dir='ltr'>magno</span> 
     </span>
     <span class='ocr_line' id='line_1_61' title="bbox 287 2567 1028 2612; baseline -0.001 -12"><span class='ocrx_word' id='word_1_281' title='bbox 287 2573 505 2601; x_wconf 86' lang='lat' dir='ltr'>coruscantem</span> <span class='ocrx_word' id='word_1_282' title='bbox 530 2567 714 2612; x_wconf 87' lang='lat' dir='ltr'>splendore,</span> <span class='ocrx_word' id='word_1_283' title='bbox 740 2573 769 2600; x_wconf 89' lang='lat' dir='ltr'>et</span> <span class='ocrx_word' id='word_1_284' title='bbox 793 2567 911 2610; x_wconf 87' lang='lat' dir='ltr'>ingenti</span> <span class='ocrx_word' id='word_1_285' title='bbox 936 2577 1028 2609; x_wconf 83' lang='lat' dir='ltr'>ange-</span> 
     </span>
     <span class='ocr_line' id='line_1_62' title="bbox 287 2621 1025 2666; baseline 0 -12"><span class='ocrx_word' id='word_1_286' title='bbox 287 2621 391 2655; x_wconf 91' lang='lat' dir='ltr'>lorum</span> <span class='ocrx_word' id='word_1_287' title='bbox 408 2622 584 2666; x_wconf 72' lang='lat' dir='ltr'>frequentia</span> <span class='ocrx_word' id='word_1_288' title='bbox 600 2622 840 2662; x_wconf 87' lang='lat' dir='ltr'>cireumdatum‚</span> <span class='ocrx_word' id='word_1_289' title='bbox 861 2621 927 2655; x_wconf 91' lang='lat' dir='ltr'>eius</span> <span class='ocrx_word' id='word_1_290' title='bbox 944 2621 1025 2655; x_wconf 89' lang='lat' dir='ltr'>lecto</span> 
     </span>
    </p>
   </div>
   <div class='ocr_carea' id='block_1_7' title="bbox 322 2684 839 2721">
    <p class='ocr_par' dir='ltr' id='par_1_9' title="bbox 322 2684 839 2721">
     <span class='ocr_line' id='line_1_63' title="bbox 322 2684 839 2721; baseline -0.002 -9"><span class='ocrx_word' id='word_1_291' title='bbox 322 2685 335 2712; x_wconf 82' lang='lat'><strong>1</strong></span> <span class='ocrx_word' id='word_1_292' title='bbox 354 2684 409 2712; x_wconf 81' lang='lat' dir='ltr'>Nisi</span> <span class='ocrx_word' id='word_1_293' title='bbox 422 2685 567 2721; x_wconf 79' lang='lat' dir='ltr'>legendum</span> <span class='ocrx_word' id='word_1_294' title='bbox 581 2685 615 2713; x_wconf 88' lang='lat' dir='ltr'>sit</span> <span class='ocrx_word' id='word_1_295' title='bbox 628 2686 724 2713; x_wconf 86' lang='lat' dir='ltr'>morbo</span> <span class='ocrx_word' id='word_1_296' title='bbox 742 2689 775 2718; x_wconf 70' lang='lat' dir='ltr'>(a.</span> <span class='ocrx_word' id='word_1_297' title='bbox 791 2687 839 2718; x_wconf 83' lang='grc' dir='ltr'>τ.).</span> 
     </span>
    </p>
   </div>
   <div class='ocr_carea' id='block_1_8' title="bbox 1044 324 1051 2279">
    <p class='ocr_par' dir='ltr' id='par_1_10' title="bbox 1044 324 1051 2279">
     <span class='ocr_line' id='line_1_64' title="bbox 1044 324 1051 2279; baseline 0 0"><span class='ocrx_word' id='word_1_298' title='bbox 1044 324 1051 2279; x_wconf 95' lang='lat' dir='ltr'> </span> 
     </span>
    </p>
   </div>
   <div class='ocr_carea' id='block_1_9' title="bbox 1059 317 1833 2721">
    <p class='ocr_par' dir='ltr' id='par_1_11' title="bbox 1059 317 1807 2672">
     <span class='ocr_line' id='line_1_65' title="bbox 1063 317 1805 361; baseline -0.003 -10"><span class='ocrx_word' id='word_1_299' title='bbox 1063 319 1280 357; x_wconf 84' lang='lat' dir='ltr'>assistentem;</span> <span class='ocrx_word' id='word_1_300' title='bbox 1306 317 1364 350; x_wconf 87' lang='lat' dir='ltr'>alia</span> <span class='ocrx_word' id='word_1_301' title='bbox 1393 317 1546 361; x_wconf 88' lang='lat' dir='ltr'>plurimos</span> <span class='ocrx_word' id='word_1_302' title='bbox 1571 317 1649 349; x_wconf 87' lang='lat' dir='ltr'>albis</span> <span class='ocrx_word' id='word_1_303' title='bbox 1674 317 1805 350; x_wconf 71' lang='lat' dir='ltr'>amictos</span> 
     </span>
     <span class='ocr_line' id='line_1_66' title="bbox 1064 370 1805 415; baseline -0.001 -11"><span class='ocrx_word' id='word_1_304' title='bbox 1064 372 1201 405; x_wconf 81' lang='lat' dir='ltr'>vestibus</span> <span class='ocrx_word' id='word_1_305' title='bbox 1225 371 1322 415; x_wconf 85' lang='lat' dir='ltr'>ipsius</span> <span class='ocrx_word' id='word_1_306' title='bbox 1359 372 1469 404; x_wconf 87' lang='lat' dir='ltr'>cellam</span> <span class='ocrx_word' id='word_1_307' title='bbox 1506 370 1738 414; x_wconf 84' lang='lat' dir='ltr'>ingredientes,</span> <span class='ocrx_word' id='word_1_308' title='bbox 1770 381 1805 403; x_wconf 88' lang='lat' dir='ltr'>ac</span> 
     </span>
     <span class='ocr_line' id='line_1_67' title="bbox 1064 424 1804 469; baseline -0.001 -11"><span class='ocrx_word' id='word_1_309' title='bbox 1064 426 1158 459; x_wconf 85' lang='lat' dir='ltr'>cubili</span> <span class='ocrx_word' id='word_1_310' title='bbox 1175 425 1392 463; x_wconf 49' lang='lat' dir='ltr'>circumfuso&amp;</span> <span class='ocrx_word' id='word_1_311' title='bbox 1407 425 1559 469; x_wconf 83' lang='lat' dir='ltr'>quaedam</span> <span class='ocrx_word' id='word_1_312' title='bbox 1577 425 1670 458; x_wconf 83' lang='lat' dir='ltr'>etiam</span> <span class='ocrx_word' id='word_1_313' title='bbox 1689 424 1718 457; x_wconf 91' lang='lat' dir='ltr'>in</span> <span class='ocrx_word' id='word_1_314' title='bbox 1737 425 1804 469; x_wconf 88' lang='lat' dir='ltr'>ipso</span> 
     </span>
     <span class='ocr_line' id='line_1_68' title="bbox 1064 479 1805 513; baseline -0.003 0"><span class='ocrx_word' id='word_1_315' title='bbox 1064 480 1212 513; x_wconf 87' lang='lat' dir='ltr'>transitus</span> <span class='ocrx_word' id='word_1_316' title='bbox 1224 486 1384 513; x_wconf 88' lang='lat' dir='ltr'>momento</span> <span class='ocrx_word' id='word_1_317' title='bbox 1397 480 1561 513; x_wconf 86' lang='lat' dir='ltr'>candidam</span> <span class='ocrx_word' id='word_1_318' title='bbox 1576 479 1754 513; x_wconf 85' lang='lat' dir='ltr'>columbam</span> <span class='ocrx_word' id='word_1_319' title='bbox 1768 489 1805 511; x_wconf 85' lang='lat' dir='ltr'>ex</span> 
     </span>
     <span class='ocr_line' id='line_1_69' title="bbox 1064 532 1807 577; baseline -0.003 -11"><span class='ocrx_word' id='word_1_320' title='bbox 1064 533 1162 577; x_wconf 89' lang='lat' dir='ltr'>ipsius</span> <span class='ocrx_word' id='word_1_321' title='bbox 1187 544 1241 567; x_wconf 91' lang='lat' dir='ltr'>ore</span> <span class='ocrx_word' id='word_1_322' title='bbox 1256 533 1287 566; x_wconf 94' lang='lat' dir='ltr'>in</span> <span class='ocrx_word' id='word_1_323' title='bbox 1299 534 1418 567; x_wconf 88' lang='lat' dir='ltr'>caelum</span> <span class='ocrx_word' id='word_1_324' title='bbox 1434 534 1618 573; x_wconf 77' lang='lat' dir='ltr'>evolantem3</span> <span class='ocrx_word' id='word_1_325' title='bbox 1632 533 1691 565; x_wconf 86' lang='lat' dir='ltr'>alia</span> <span class='ocrx_word' id='word_1_326' title='bbox 1708 532 1807 576; x_wconf 85' lang='lat' dir='ltr'>splen-</span> 
     </span>
     <span class='ocr_line' id='line_1_70' title="bbox 1064 587 1805 631; baseline 0 -12"><span class='ocrx_word' id='word_1_327' title='bbox 1064 587 1189 628; x_wconf 86' lang='lat' dir='ltr'>dorem,</span> <span class='ocrx_word' id='word_1_328' title='bbox 1217 587 1376 631; x_wconf 66' lang='lat' dir='ltr'>chrystalli</span> <span class='ocrx_word' id='word_1_329' title='bbox 1403 587 1517 627; x_wconf 85' lang='lat' dir='ltr'>instar,</span> <span class='ocrx_word' id='word_1_330' title='bbox 1545 589 1683 619; x_wconf 75' lang='lat' dir='ltr'>fenestra</span> <span class='ocrx_word' id='word_1_331' title='bbox 1715 597 1805 629; x_wconf 88' lang='lat' dir='ltr'>egre-</span> 
     </span>
     <span class='ocr_line' id='line_1_71' title="bbox 1064 639 1804 684; baseline -0.003 -11"><span class='ocrx_word' id='word_1_332' title='bbox 1064 640 1201 673; x_wconf 89' lang='lat' dir='ltr'>dientem</span> <span class='ocrx_word' id='word_1_333' title='bbox 1218 640 1302 680; x_wconf 71' lang='lat' dir='ltr'>vidit,</span> <span class='ocrx_word' id='word_1_334' title='bbox 1320 641 1395 684; x_wconf 84' lang='lat' dir='ltr'>quin</span> <span class='ocrx_word' id='word_1_335' title='bbox 1413 641 1506 673; x_wconf 87' lang='lat' dir='ltr'>etiam</span> <span class='ocrx_word' id='word_1_336' title='bbox 1524 640 1677 684; x_wconf 83' lang='lat' dir='ltr'>quaedam</span> <span class='ocrx_word' id='word_1_337' title='bbox 1700 639 1804 680; x_wconf 87' lang='lat' dir='ltr'>arbor,</span> 
     </span>
     <span class='ocr_line' id='line_1_72' title="bbox 1064 693 1805 734; baseline -0.001 -8"><span class='ocrx_word' id='word_1_338' title='bbox 1064 694 1148 727; x_wconf 89' lang='lat' dir='ltr'>calce</span> <span class='ocrx_word' id='word_1_339' title='bbox 1165 704 1201 727; x_wconf 89' lang='lat' dir='ltr'>ac</span> <span class='ocrx_word' id='word_1_340' title='bbox 1217 694 1352 727; x_wconf 83' lang='lat' dir='ltr'>macerie</span> <span class='ocrx_word' id='word_1_341' title='bbox 1373 694 1544 734; x_wconf 75' lang='lat' dir='ltr'>obstructa,</span> <span class='ocrx_word' id='word_1_342' title='bbox 1565 704 1600 726; x_wconf 81' lang='lat' dir='ltr'>ae</span> <span class='ocrx_word' id='word_1_343' title='bbox 1622 693 1805 726; x_wconf 87' lang='lat' dir='ltr'>iamdudum</span> 
     </span>
     <span class='ocr_line' id='line_1_73' title="bbox 1065 747 1805 792; baseline -0.001 -12"><span class='ocrx_word' id='word_1_344' title='bbox 1065 747 1162 788; x_wconf 79' lang='lat' dir='ltr'>arida,</span> <span class='ocrx_word' id='word_1_345' title='bbox 1176 758 1255 791; x_wconf 89' lang='lat' dir='ltr'>quae</span> <span class='ocrx_word' id='word_1_346' title='bbox 1271 747 1415 781; x_wconf 91' lang='lat' dir='ltr'>cubiculo</span> <span class='ocrx_word' id='word_1_347' title='bbox 1428 748 1573 792; x_wconf 82' lang='lat' dir='ltr'>proxima</span> <span class='ocrx_word' id='word_1_348' title='bbox 1588 752 1664 788; x_wconf 90' lang='lat' dir='ltr'>erat,</span> <span class='ocrx_word' id='word_1_349' title='bbox 1680 752 1805 791; x_wconf 86' lang='lat' dir='ltr'>praeter</span> 
     </span>
     <span class='ocr_line' id='line_1_74' title="bbox 1065 801 1806 844; baseline 0 -11"><span class='ocrx_word' id='word_1_350' title='bbox 1065 811 1191 834; x_wconf 90' lang='lat' dir='ltr'>omnem</span> <span class='ocrx_word' id='word_1_351' title='bbox 1217 801 1368 844; x_wconf 86' lang='lat' dir='ltr'>temporis</span> <span class='ocrx_word' id='word_1_352' title='bbox 1383 807 1411 834; x_wconf 91' lang='lat' dir='ltr'>et</span> <span class='ocrx_word' id='word_1_353' title='bbox 1428 805 1557 835; x_wconf 89' lang='lat' dir='ltr'>naturae</span> <span class='ocrx_word' id='word_1_354' title='bbox 1577 801 1742 841; x_wconf 84' lang='lat' dir='ltr'>rationem,</span> <span class='ocrx_word' id='word_1_355' title='bbox 1760 811 1806 833; x_wconf 87' lang='lat' dir='ltr'>re-</span> 
     </span>
     <span class='ocr_line' id='line_1_75' title="bbox 1065 854 1804 899; baseline 0 -12"><span class='ocrx_word' id='word_1_356' title='bbox 1065 860 1157 898; x_wconf 91' lang='lat' dir='ltr'>pente</span> <span class='ocrx_word' id='word_1_357' title='bbox 1171 854 1303 888; x_wconf 85' lang='lat' dir='ltr'>floribus</span> <span class='ocrx_word' id='word_1_358' title='bbox 1313 860 1424 888; x_wconf 85' lang='lat' dir='ltr'>onusta</span> <span class='ocrx_word' id='word_1_359' title='bbox 1438 855 1468 887; x_wconf 90' lang='lat' dir='ltr'>in</span> <span class='ocrx_word' id='word_1_360' title='bbox 1484 855 1550 899; x_wconf 79' lang='lat' dir='ltr'>ipsa</span> <span class='ocrx_word' id='word_1_361' title='bbox 1566 855 1714 888; x_wconf 89' lang='lat' dir='ltr'>transitus</span> <span class='ocrx_word' id='word_1_362' title='bbox 1727 855 1804 887; x_wconf 73' lang='lat' dir='ltr'>hora</span> 
     </span>
     <span class='ocr_line' id='line_1_76' title="bbox 1064 908 1804 952; baseline 0.003 -13"><span class='ocrx_word' id='word_1_363' title='bbox 1064 909 1224 951; x_wconf 88' lang='lat' dir='ltr'>apparuit;</span> <span class='ocrx_word' id='word_1_364' title='bbox 1238 919 1353 952; x_wconf 90' lang='lat' dir='ltr'>corpus</span> <span class='ocrx_word' id='word_1_365' title='bbox 1371 909 1524 949; x_wconf 78' lang='lat' dir='ltr'>exanime,</span> <span class='ocrx_word' id='word_1_366' title='bbox 1539 908 1804 952; x_wconf 78' lang='lat' dir='ltr'>speciosissimum</span> 
     </span>
     <span class='ocr_line' id='line_1_77' title="bbox 1064 962 1806 1005; baseline 0 -11"><span class='ocrx_word' id='word_1_367' title='bbox 1064 972 1099 994; x_wconf 87' lang='lat' dir='ltr'>ac</span> <span class='ocrx_word' id='word_1_368' title='bbox 1122 962 1208 994; x_wconf 75' lang='lat' dir='ltr'>nulla</span> <span class='ocrx_word' id='word_1_369' title='bbox 1232 964 1312 1005; x_wconf 76' lang='lat' dir='ltr'>ruga</span> <span class='ocrx_word' id='word_1_370' title='bbox 1337 968 1532 995; x_wconf 84' lang='lat' dir='ltr'>contractum</span> <span class='ocrx_word' id='word_1_371' title='bbox 1558 973 1593 994; x_wconf 87' lang='lat' dir='ltr'>ac</span> <span class='ocrx_word' id='word_1_372' title='bbox 1619 962 1699 995; x_wconf 90' lang='lat' dir='ltr'>miro</span> <span class='ocrx_word' id='word_1_373' title='bbox 1717 962 1806 995; x_wconf 85' lang='lat' dir='ltr'>deco-</span> 
     </span>
     <span class='ocr_line' id='line_1_78' title="bbox 1063 1015 1806 1059; baseline 0.003 -13"><span class='ocrx_word' id='word_1_374' title='bbox 1063 1020 1166 1047; x_wconf 90' lang='lat' dir='ltr'>ratum</span> <span class='ocrx_word' id='word_1_375' title='bbox 1191 1015 1327 1048; x_wconf 88' lang='lat' dir='ltr'>candore</span> <span class='ocrx_word' id='word_1_376' title='bbox 1352 1016 1506 1059; x_wconf 87' lang='lat' dir='ltr'>apparuit,</span> <span class='ocrx_word' id='word_1_377' title='bbox 1524 1026 1559 1048; x_wconf 87' lang='lat' dir='ltr'>ac</span> <span class='ocrx_word' id='word_1_378' title='bbox 1584 1018 1646 1048; x_wconf 78' lang='lat' dir='ltr'>una</span> <span class='ocrx_word' id='word_1_379' title='bbox 1671 1025 1743 1048; x_wconf 88' lang='lat' dir='ltr'>cum</span> <span class='ocrx_word' id='word_1_380' title='bbox 1757 1026 1806 1048; x_wconf 90' lang='lat' dir='ltr'>ve-</span> 
     </span>
     <span class='ocr_line' id='line_1_79' title="bbox 1064 1067 1804 1113; baseline 0.001 -13"><span class='ocrx_word' id='word_1_381' title='bbox 1064 1067 1163 1101; x_wconf 89' lang='lat' dir='ltr'>stibus</span> <span class='ocrx_word' id='word_1_382' title='bbox 1187 1079 1222 1101; x_wconf 91' lang='lat' dir='ltr'>ac</span> <span class='ocrx_word' id='word_1_383' title='bbox 1246 1068 1392 1109; x_wconf 89' lang='lat' dir='ltr'>linteolis,</span> <span class='ocrx_word' id='word_1_384' title='bbox 1413 1069 1526 1113; x_wconf 89' lang='lat' dir='ltr'>quibus</span> <span class='ocrx_word' id='word_1_385' title='bbox 1544 1079 1638 1112; x_wconf 87' lang='lat' dir='ltr'>aegra</span> <span class='ocrx_word' id='word_1_386' title='bbox 1656 1080 1711 1101; x_wconf 84' lang='lat' dir='ltr'>usa</span> <span class='ocrx_word' id='word_1_387' title='bbox 1728 1073 1804 1108; x_wconf 89' lang='lat' dir='ltr'>erat,</span> 
     </span>
     <span class='ocr_line' id='line_1_80' title="bbox 1064 1121 1805 1166; baseline 0.003 -13"><span class='ocrx_word' id='word_1_388' title='bbox 1064 1121 1211 1154; x_wconf 91' lang='lat' dir='ltr'>omnibus</span> <span class='ocrx_word' id='word_1_389' title='bbox 1246 1122 1494 1163; x_wconf 90' lang='lat' dir='ltr'>admirantibus,</span> <span class='ocrx_word' id='word_1_390' title='bbox 1525 1123 1657 1155; x_wconf 81' lang='lat' dir='ltr'>mirifice</span> <span class='ocrx_word' id='word_1_391' title='bbox 1682 1123 1805 1166; x_wconf 88' lang='lat' dir='ltr'>spirans</span> 
     </span>
     <span class='ocr_line' id='line_1_81' title="bbox 1063 1174 1805 1220; baseline 0.003 -13"><span class='ocrx_word' id='word_1_392' title='bbox 1063 1174 1203 1207; x_wconf 87' lang='lat' dir='ltr'>odorem.</span> <span class='ocrx_word' id='word_1_393' title='bbox 1222 1176 1316 1209; x_wconf 83' lang='lat' dir='ltr'>Multa</span> <span class='ocrx_word' id='word_1_394' title='bbox 1341 1176 1434 1210; x_wconf 86' lang='lat' dir='ltr'>etiam</span> <span class='ocrx_word' id='word_1_395' title='bbox 1460 1176 1625 1219; x_wconf 84' lang='lat' dir='ltr'>magnalia,</span> <span class='ocrx_word' id='word_1_396' title='bbox 1646 1186 1725 1220; x_wconf 84' lang='lat' dir='ltr'>quae</span> <span class='ocrx_word' id='word_1_397' title='bbox 1743 1186 1805 1208; x_wconf 84' lang='lat' dir='ltr'>rne-</span> 
     </span>
     <span class='ocr_line' id='line_1_82' title="bbox 1063 1228 1804 1273; baseline 0.004 -13"><span class='ocrx_word' id='word_1_398' title='bbox 1063 1228 1131 1261; x_wconf 91' lang='lat' dir='ltr'>ritis</span> <span class='ocrx_word' id='word_1_399' title='bbox 1154 1229 1284 1262; x_wconf 86' lang='lat' dir='ltr'>ancillae</span> <span class='ocrx_word' id='word_1_400' title='bbox 1320 1228 1416 1262; x_wconf 79' lang='lat' dir='ltr'>suae¹</span> <span class='ocrx_word' id='word_1_401' title='bbox 1442 1236 1588 1273; x_wconf 81' lang='lat' dir='ltr'>operatus</span> <span class='ocrx_word' id='word_1_402' title='bbox 1624 1235 1671 1263; x_wconf 89' lang='lat' dir='ltr'>est</span> <span class='ocrx_word' id='word_1_403' title='bbox 1701 1230 1804 1269; x_wconf 90' lang='lat' dir='ltr'>Deus,</span> 
     </span>
     <span class='ocr_line' id='line_1_83' title="bbox 1063 1282 1805 1326; baseline 0.001 -11"><span class='ocrx_word' id='word_1_404' title='bbox 1063 1282 1160 1326; x_wconf 91' lang='lat' dir='ltr'>ipsius</span> <span class='ocrx_word' id='word_1_405' title='bbox 1175 1283 1205 1315; x_wconf 89' lang='lat' dir='ltr'>in</span> <span class='ocrx_word' id='word_1_406' title='bbox 1222 1283 1402 1326; x_wconf 87' lang='lat' dir='ltr'>paradisum</span> <span class='ocrx_word' id='word_1_407' title='bbox 1420 1284 1585 1316; x_wconf 89' lang='lat' dir='ltr'>transitum</span> <span class='ocrx_word' id='word_1_408' title='bbox 1603 1283 1805 1317; x_wconf 84' lang='lat' dir='ltr'>exultabilem</span> 
     </span>
     <span class='ocr_line' id='line_1_84' title="bbox 1063 1335 1804 1380; baseline 0.001 -12"><span class='ocrx_word' id='word_1_409' title='bbox 1063 1335 1283 1369; x_wconf 87' lang='lat' dir='ltr'>reddiderunt:</span> <span class='ocrx_word' id='word_1_410' title='bbox 1309 1336 1461 1380; x_wconf 89' lang='lat' dir='ltr'>quaedam</span> <span class='ocrx_word' id='word_1_411' title='bbox 1498 1337 1612 1370; x_wconf 89' lang='lat' dir='ltr'>etenim</span> <span class='ocrx_word' id='word_1_412' title='bbox 1641 1337 1804 1376; x_wconf 87' lang='lat' dir='ltr'>monialis,</span> 
     </span>
     <span class='ocr_line' id='line_1_85' title="bbox 1062 1388 1806 1434; baseline 0.003 -13"><span class='ocrx_word' id='word_1_413' title='bbox 1062 1388 1182 1422; x_wconf 89' lang='lat' dir='ltr'>dudum</span> <span class='ocrx_word' id='word_1_414' title='bbox 1206 1390 1317 1434; x_wconf 87' lang='lat' dir='ltr'>capitis</span> <span class='ocrx_word' id='word_1_415' title='bbox 1333 1395 1362 1423; x_wconf 92' lang='lat' dir='ltr'>et</span> <span class='ocrx_word' id='word_1_416' title='bbox 1380 1391 1545 1424; x_wconf 87' lang='lat' dir='ltr'>oculorum</span> <span class='ocrx_word' id='word_1_417' title='bbox 1571 1391 1751 1423; x_wconf 80' lang='lat' dir='ltr'>infirmitate</span> <span class='ocrx_word' id='word_1_418' title='bbox 1765 1391 1806 1423; x_wconf 88' lang='lat' dir='ltr'>la—</span> 
     </span>
     <span class='ocr_line' id='line_1_86' title="bbox 1062 1443 1804 1487; baseline 0.001 -12"><span class='ocrx_word' id='word_1_419' title='bbox 1062 1443 1187 1484; x_wconf 86' lang='lat' dir='ltr'>borans,</span> <span class='ocrx_word' id='word_1_420' title='bbox 1197 1444 1394 1487; x_wconf 80' lang='lat' dir='ltr'>apprehensa</span> <span class='ocrx_word' id='word_1_421' title='bbox 1405 1450 1546 1477; x_wconf 87' lang='lat' dir='ltr'>mortuae</span> <span class='ocrx_word' id='word_1_422' title='bbox 1559 1444 1688 1487; x_wconf 81' lang='lat' dir='ltr'>virginis</span> <span class='ocrx_word' id='word_1_423' title='bbox 1701 1454 1804 1484; x_wconf 75' lang='lat' dir='ltr'>manu,</span> 
     </span>
     <span class='ocr_line' id='line_1_87' title="bbox 1062 1497 1805 1541; baseline 0.001 -12"><span class='ocrx_word' id='word_1_424' title='bbox 1062 1507 1096 1530; x_wconf 85' lang='lat' dir='ltr'>ac</span> <span class='ocrx_word' id='word_1_425' title='bbox 1114 1497 1218 1540; x_wconf 81' lang='lat' dir='ltr'>capiti,</span> <span class='ocrx_word' id='word_1_426' title='bbox 1236 1497 1398 1541; x_wconf 87' lang='lat' dir='ltr'>oculisque</span> <span class='ocrx_word' id='word_1_427' title='bbox 1418 1497 1555 1538; x_wconf 76' lang='lat' dir='ltr'>admota,</span> <span class='ocrx_word' id='word_1_428' title='bbox 1573 1498 1678 1530; x_wconf 86' lang='lat' dir='ltr'>statim</span> <span class='ocrx_word' id='word_1_429' title='bbox 1696 1507 1805 1531; x_wconf 88' lang='lat' dir='ltr'>conva-</span> 
     </span>
     <span class='ocr_line' id='line_1_88' title="bbox 1062 1550 1803 1595; baseline 0.001 -13"><span class='ocrx_word' id='word_1_430' title='bbox 1062 1550 1133 1590; x_wconf 86' lang='lat' dir='ltr'>luit;</span> <span class='ocrx_word' id='word_1_431' title='bbox 1155 1550 1253 1583; x_wconf 87' lang='lat' dir='ltr'>altera</span> <span class='ocrx_word' id='word_1_432' title='bbox 1270 1551 1343 1583; x_wconf 88' lang='lat' dir='ltr'>item</span> <span class='ocrx_word' id='word_1_433' title='bbox 1367 1551 1435 1584; x_wconf 88' lang='lat' dir='ltr'>eius</span> <span class='ocrx_word' id='word_1_434' title='bbox 1452 1551 1640 1584; x_wconf 83' lang='lat' dir='ltr'>exosculatis</span> <span class='ocrx_word' id='word_1_435' title='bbox 1658 1551 1803 1595; x_wconf 89' lang='lat' dir='ltr'>pedibus,</span> 
     </span>
     <span class='ocr_line' id='line_1_89' title="bbox 1062 1604 1803 1648; baseline 0 -11"><span class='ocrx_word' id='word_1_436' title='bbox 1062 1614 1188 1637; x_wconf 88' lang='lat' dir='ltr'>sensum</span> <span class='ocrx_word' id='word_1_437' title='bbox 1214 1604 1363 1637; x_wconf 89' lang='lat' dir='ltr'>odoratus</span> <span class='ocrx_word' id='word_1_438' title='bbox 1398 1605 1548 1637; x_wconf 90' lang='lat' dir='ltr'>amissum</span> <span class='ocrx_word' id='word_1_439' title='bbox 1582 1604 1803 1648; x_wconf 80' lang='lat' dir='ltr'>recuperavit,</span> 
     </span>
     <span class='ocr_line' id='line_1_90' title="bbox 1062 1657 1803 1701; baseline -0.001 -10"><span class='ocrx_word' id='word_1_440' title='bbox 1062 1663 1092 1691; x_wconf 87' lang='lat' dir='ltr'>et</span> <span class='ocrx_word' id='word_1_441' title='bbox 1108 1657 1315 1701; x_wconf 86' lang='lat' dir='ltr'>corporaliter</span> <span class='ocrx_word' id='word_1_442' title='bbox 1331 1657 1462 1691; x_wconf 89' lang='lat' dir='ltr'>odorem</span> <span class='ocrx_word' id='word_1_443' title='bbox 1480 1663 1724 1700; x_wconf 87' lang='lat' dir='ltr'>unguentorum,</span> <span class='ocrx_word' id='word_1_444' title='bbox 1741 1667 1803 1701; x_wconf 90' lang='lat' dir='ltr'>quo</span> 
     </span>
     <span class='ocr_line' id='line_1_91' title="bbox 1062 1710 1804 1755; baseline 0 -12"><span class='ocrx_word' id='word_1_445' title='bbox 1062 1716 1296 1744; x_wconf 87' lang='lat' dir='ltr'>sacrosanctum</span> <span class='ocrx_word' id='word_1_446' title='bbox 1321 1711 1388 1744; x_wconf 90' lang='lat' dir='ltr'>eius</span> <span class='ocrx_word' id='word_1_447' title='bbox 1414 1721 1530 1755; x_wconf 92' lang='lat' dir='ltr'>corpus</span> <span class='ocrx_word' id='word_1_448' title='bbox 1550 1721 1567 1743; x_wconf 89' lang='lat' dir='ltr'>a</span> <span class='ocrx_word' id='word_1_449' title='bbox 1587 1710 1718 1744; x_wconf 89' lang='lat' dir='ltr'>Domino</span> <span class='ocrx_word' id='word_1_450' title='bbox 1735 1720 1804 1754; x_wconf 89' lang='lat' dir='ltr'>per-</span> 
     </span>
     <span class='ocr_line' id='line_1_92' title="bbox 1062 1764 1803 1809; baseline 0 -12"><span class='ocrx_word' id='word_1_451' title='bbox 1062 1765 1163 1798; x_wconf 75' lang='lat' dir='ltr'>fusum</span> <span class='ocrx_word' id='word_1_452' title='bbox 1190 1770 1266 1806; x_wconf 88' lang='lat' dir='ltr'>erat,</span> <span class='ocrx_word' id='word_1_453' title='bbox 1283 1765 1432 1809; x_wconf 87' lang='lat' dir='ltr'>percepit;</span> <span class='ocrx_word' id='word_1_454' title='bbox 1453 1776 1569 1809; x_wconf 83' lang='lat' dir='ltr'>corpus</span> <span class='ocrx_word' id='word_1_455' title='bbox 1593 1766 1661 1798; x_wconf 92' lang='lat' dir='ltr'>eius</span> <span class='ocrx_word' id='word_1_456' title='bbox 1684 1764 1803 1808; x_wconf 90' lang='lat' dir='ltr'>absque</span> 
     </span>
     <span class='ocr_line' id='line_1_93' title="bbox 1062 1818 1803 1863; baseline -0.001 -12"><span class='ocrx_word' id='word_1_457' title='bbox 1062 1818 1126 1852; x_wconf 90' lang='lat' dir='ltr'>ullo</span> <span class='ocrx_word' id='word_1_458' title='bbox 1142 1829 1273 1863; x_wconf 89' lang='lat' dir='ltr'>prorsus</span> <span class='ocrx_word' id='word_1_459' title='bbox 1290 1819 1497 1852; x_wconf 89' lang='lat' dir='ltr'>medicamine</span> <span class='ocrx_word' id='word_1_460' title='bbox 1517 1819 1621 1861; x_wconf 85' lang='lat' dir='ltr'>ligneo</span> <span class='ocrx_word' id='word_1_461' title='bbox 1640 1818 1743 1851; x_wconf 88' lang='lat' dir='ltr'>loculo</span> <span class='ocrx_word' id='word_1_462' title='bbox 1761 1818 1803 1850; x_wconf 85' lang='lat' dir='ltr'>in-</span> 
     </span>
     <span class='ocr_line' id='line_1_94' title="bbox 1062 1872 1800 1917; baseline 0.001 -12"><span class='ocrx_word' id='word_1_463' title='bbox 1062 1873 1194 1913; x_wconf 88' lang='lat' dir='ltr'>clusum,</span> <span class='ocrx_word' id='word_1_464' title='bbox 1208 1873 1269 1905; x_wconf 90' lang='lat' dir='ltr'>alte</span> <span class='ocrx_word' id='word_1_465' title='bbox 1288 1872 1402 1906; x_wconf 78' lang='lat' dir='ltr'>effossa</span> <span class='ocrx_word' id='word_1_466' title='bbox 1419 1873 1458 1905; x_wconf 91' lang='lat' dir='ltr'>ad</span> <span class='ocrx_word' id='word_1_467' title='bbox 1478 1873 1675 1917; x_wconf 88' lang='lat' dir='ltr'>sepulturam</span> <span class='ocrx_word' id='word_1_468' title='bbox 1693 1873 1800 1913; x_wconf 90' lang='lat' dir='ltr'>humo,</span> 
     </span>
     <span class='ocr_line' id='line_1_95' title="bbox 1061 1925 1802 1970; baseline 0 -12"><span class='ocrx_word' id='word_1_469' title='bbox 1061 1936 1097 1959; x_wconf 89' lang='lat' dir='ltr'>ac</span> <span class='ocrx_word' id='word_1_470' title='bbox 1121 1925 1299 1969; x_wconf 82' lang='lat' dir='ltr'>ingentibus</span> <span class='ocrx_word' id='word_1_471' title='bbox 1330 1926 1485 1970; x_wconf 89' lang='lat' dir='ltr'>lapidibus</span> <span class='ocrx_word' id='word_1_472' title='bbox 1509 1931 1539 1959; x_wconf 87' lang='lat' dir='ltr'>et</span> <span class='ocrx_word' id='word_1_473' title='bbox 1563 1927 1646 1959; x_wconf 89' lang='lat' dir='ltr'>calce</span> <span class='ocrx_word' id='word_1_474' title='bbox 1674 1926 1802 1970; x_wconf 74' lang='lat' dir='ltr'>oppleta</span> 
     </span>
     <span class='ocr_line' id='line_1_96' title="bbox 1062 1979 1802 2023; baseline 0.001 -12"><span class='ocrx_word' id='word_1_475' title='bbox 1062 1979 1183 2019; x_wconf 87' lang='lat' dir='ltr'>scrobe,</span> <span class='ocrx_word' id='word_1_476' title='bbox 1197 1980 1354 2023; x_wconf 84' lang='lat' dir='ltr'>sepultum</span> <span class='ocrx_word' id='word_1_477' title='bbox 1372 1985 1428 2020; x_wconf 92' lang='lat' dir='ltr'>est,</span> <span class='ocrx_word' id='word_1_478' title='bbox 1446 1979 1500 2012; x_wconf 90' lang='lat' dir='ltr'>sed</span> <span class='ocrx_word' id='word_1_479' title='bbox 1516 1990 1532 2012; x_wconf 92' lang='lat' dir='ltr'>e</span> <span class='ocrx_word' id='word_1_480' title='bbox 1549 1980 1718 2023; x_wconf 85' lang='lat' dir='ltr'>sepulchro</span> <span class='ocrx_word' id='word_1_481' title='bbox 1735 1979 1802 2012; x_wconf 89' lang='lat' dir='ltr'>eius</span> 
     </span>
     <span class='ocr_line' id='line_1_97' title="bbox 1061 2031 1801 2076; baseline 0.001 -12"><span class='ocrx_word' id='word_1_482' title='bbox 1061 2031 1140 2065; x_wconf 88' lang='lat' dir='ltr'>odor</span> <span class='ocrx_word' id='word_1_483' title='bbox 1156 2032 1234 2066; x_wconf 90' lang='lat' dir='ltr'>adeo</span> <span class='ocrx_word' id='word_1_484' title='bbox 1258 2033 1369 2076; x_wconf 84' lang='lat' dir='ltr'>ingens</span> <span class='ocrx_word' id='word_1_485' title='bbox 1394 2043 1429 2065; x_wconf 91' lang='lat' dir='ltr'>ac</span> <span class='ocrx_word' id='word_1_486' title='bbox 1454 2033 1606 2066; x_wconf 84' lang='lat' dir='ltr'>mirificus</span> <span class='ocrx_word' id='word_1_487' title='bbox 1626 2033 1801 2073; x_wconf 86' lang='lat' dir='ltr'>emanabat,</span> 
     </span>
     <span class='ocr_line' id='line_1_98' title="bbox 1061 2085 1802 2130; baseline 0 -12"><span class='ocrx_word' id='word_1_488' title='bbox 1061 2089 1094 2119; x_wconf 88' lang='lat' dir='ltr'>ut</span> <span class='ocrx_word' id='word_1_489' title='bbox 1117 2085 1279 2119; x_wconf 87' lang='lat' dir='ltr'>decretum</span> <span class='ocrx_word' id='word_1_490' title='bbox 1299 2086 1404 2127; x_wconf 77' lang='lat' dir='ltr'>fuerit,</span> <span class='ocrx_word' id='word_1_491' title='bbox 1421 2097 1546 2119; x_wconf 88' lang='lat' dir='ltr'>sacrum</span> <span class='ocrx_word' id='word_1_492' title='bbox 1572 2097 1686 2130; x_wconf 90' lang='lat' dir='ltr'>corpus</span> <span class='ocrx_word' id='word_1_493' title='bbox 1707 2087 1802 2119; x_wconf 84' lang='lat' dir='ltr'>exhu-</span> 
     </span>
     <span class='ocr_line' id='line_1_99' title="bbox 1061 2140 1802 2184; baseline 0.001 -12"><span class='ocrx_word' id='word_1_494' title='bbox 1061 2150 1157 2180; x_wconf 89' lang='lat' dir='ltr'>mare,</span> <span class='ocrx_word' id='word_1_495' title='bbox 1171 2145 1262 2184; x_wconf 88' lang='lat' dir='ltr'>atque</span> <span class='ocrx_word' id='word_1_496' title='bbox 1286 2140 1363 2173; x_wconf 90' lang='lat' dir='ltr'>illud</span> <span class='ocrx_word' id='word_1_497' title='bbox 1381 2151 1455 2173; x_wconf 84' lang='lat' dir='ltr'>sane</span> <span class='ocrx_word' id='word_1_498' title='bbox 1468 2140 1636 2183; x_wconf 83' lang='lat' dir='ltr'>integrum,</span> <span class='ocrx_word' id='word_1_499' title='bbox 1652 2151 1687 2173; x_wconf 86' lang='lat' dir='ltr'>ac</span> <span class='ocrx_word' id='word_1_500' title='bbox 1700 2140 1802 2173; x_wconf 85' lang='lat' dir='ltr'>incor-</span> 
     </span>
     <span class='ocr_line' id='line_1_100' title="bbox 1061 2194 1800 2238; baseline 0 -12"><span class='ocrx_word' id='word_1_501' title='bbox 1061 2199 1208 2237; x_wconf 88' lang='lat' dir='ltr'>ruptum,</span> <span class='ocrx_word' id='word_1_502' title='bbox 1233 2204 1267 2227; x_wconf 87' lang='lat' dir='ltr'>ac</span> <span class='ocrx_word' id='word_1_503' title='bbox 1292 2194 1318 2227; x_wconf 90' lang='lat' dir='ltr'>si</span> <span class='ocrx_word' id='word_1_504' title='bbox 1342 2204 1444 2238; x_wconf 90' lang='lat' dir='ltr'>nuper</span> <span class='ocrx_word' id='word_1_505' title='bbox 1470 2195 1657 2227; x_wconf 86' lang='lat' dir='ltr'>tumulatum</span> <span class='ocrx_word' id='word_1_506' title='bbox 1683 2194 1800 2234; x_wconf 84' lang='lat' dir='ltr'>suisset,</span> 
     </span>
     <span class='ocr_line' id='line_1_101' title="bbox 1060 2247 1801 2291; baseline -0.001 -11"><span class='ocrx_word' id='word_1_507' title='bbox 1060 2252 1223 2291; x_wconf 73' lang='lat' dir='ltr'>repertum</span> <span class='ocrx_word' id='word_1_508' title='bbox 1250 2247 1318 2287; x_wconf 83' lang='lat' dir='ltr'>fuit,</span> <span class='ocrx_word' id='word_1_509' title='bbox 1335 2248 1466 2281; x_wconf 89' lang='lat' dir='ltr'>odorato</span> <span class='ocrx_word' id='word_1_510' title='bbox 1487 2247 1608 2291; x_wconf 88' lang='lat' dir='ltr'>liquore</span> <span class='ocrx_word' id='word_1_511' title='bbox 1633 2247 1801 2280; x_wconf 86' lang='lat' dir='ltr'>circumsu-</span> 
     </span>
     <span class='ocr_line' id='line_1_102' title="bbox 1061 2301 1800 2344; baseline -0.003 -10"><span class='ocrx_word' id='word_1_512' title='bbox 1061 2311 1141 2341; x_wconf 89' lang='lat' dir='ltr'>sum,</span> <span class='ocrx_word' id='word_1_513' title='bbox 1161 2312 1223 2344; x_wconf 91' lang='lat' dir='ltr'>quo</span> <span class='ocrx_word' id='word_1_514' title='bbox 1239 2301 1420 2344; x_wconf 88' lang='lat' dir='ltr'>perenniter</span> <span class='ocrx_word' id='word_1_515' title='bbox 1437 2312 1536 2344; x_wconf 88' lang='lat' dir='ltr'>usque</span> <span class='ocrx_word' id='word_1_516' title='bbox 1556 2301 1587 2333; x_wconf 91' lang='lat' dir='ltr'>in</span> <span class='ocrx_word' id='word_1_517' title='bbox 1604 2306 1800 2344; x_wconf 87' lang='lat' dir='ltr'>praesentem</span> 
     </span>
     <span class='ocr_line' id='line_1_103' title="bbox 1060 2354 1799 2397; baseline -0.003 -10"><span class='ocrx_word' id='word_1_518' title='bbox 1060 2354 1154 2395; x_wconf 89' lang='lat' dir='ltr'>diem,</span> <span class='ocrx_word' id='word_1_519' title='bbox 1171 2355 1234 2387; x_wconf 91' lang='lat' dir='ltr'>Deo</span> <span class='ocrx_word' id='word_1_520' title='bbox 1259 2354 1389 2387; x_wconf 89' lang='lat' dir='ltr'>ancillae</span> <span class='ocrx_word' id='word_1_521' title='bbox 1414 2365 1488 2387; x_wconf 86' lang='lat' dir='ltr'>suae</span> <span class='ocrx_word' id='word_1_522' title='bbox 1513 2354 1708 2387; x_wconf 83' lang='lat' dir='ltr'>sanctitatem</span> <span class='ocrx_word' id='word_1_523' title='bbox 1735 2354 1799 2397; x_wconf 79' lang='lat' dir='ltr'>iugi</span> 
     </span>
     <span class='ocr_line' id='line_1_104' title="bbox 1060 2407 1800 2451; baseline -0.001 -11"><span class='ocrx_word' id='word_1_524' title='bbox 1060 2408 1213 2440; x_wconf 91' lang='lat' dir='ltr'>miraculo</span> <span class='ocrx_word' id='word_1_525' title='bbox 1237 2413 1411 2447; x_wconf 87' lang='lat' dir='ltr'>attestante,</span> <span class='ocrx_word' id='word_1_526' title='bbox 1437 2408 1584 2445; x_wconf 74' lang='lat' dir='ltr'>desudat3</span> <span class='ocrx_word' id='word_1_527' title='bbox 1610 2418 1706 2451; x_wconf 86' lang='lat' dir='ltr'>quare</span> <span class='ocrx_word' id='word_1_528' title='bbox 1731 2407 1800 2439; x_wconf 83' lang='lat' dir='ltr'>aliis</span> 
     </span>
     <span class='ocr_line' id='line_1_105' title="bbox 1060 2461 1799 2505; baseline 0.001 -12"><span class='ocrx_word' id='word_1_529' title='bbox 1060 2461 1197 2494; x_wconf 86' lang='lat' dir='ltr'>vestibus</span> <span class='ocrx_word' id='word_1_530' title='bbox 1211 2461 1365 2501; x_wconf 88' lang='lat' dir='ltr'>indutum,</span> <span class='ocrx_word' id='word_1_531' title='bbox 1382 2463 1526 2505; x_wconf 71' lang='lat' dir='ltr'>novaque</span> <span class='ocrx_word' id='word_1_532' title='bbox 1543 2463 1615 2494; x_wconf 79' lang='lat' dir='ltr'>arca</span> <span class='ocrx_word' id='word_1_533' title='bbox 1634 2461 1799 2502; x_wconf 85' lang='lat' dir='ltr'>inclusum,</span> 
     </span>
     <span class='ocr_line' id='line_1_106' title="bbox 1060 2514 1799 2558; baseline 0.001 -11"><span class='ocrx_word' id='word_1_534' title='bbox 1060 2525 1131 2547; x_wconf 90' lang='lat' dir='ltr'>cum</span> <span class='ocrx_word' id='word_1_535' title='bbox 1155 2514 1263 2558; x_wconf 89' lang='lat' dir='ltr'>priora</span> <span class='ocrx_word' id='word_1_536' title='bbox 1287 2515 1572 2558; x_wconf 85' lang='lat' dir='ltr'>computruissent,</span> <span class='ocrx_word' id='word_1_537' title='bbox 1596 2515 1707 2548; x_wconf 84' lang='lat' dir='ltr'>eodem</span> <span class='ocrx_word' id='word_1_538' title='bbox 1729 2516 1799 2548; x_wconf 92' lang='lat' dir='ltr'>loco</span> 
     </span>
     <span class='ocr_line' id='line_1_107' title="bbox 1060 2568 1798 2613; baseline 0.003 -13"><span class='ocrx_word' id='word_1_539' title='bbox 1060 2568 1220 2601; x_wconf 88' lang='lat' dir='ltr'>conditum</span> <span class='ocrx_word' id='word_1_540' title='bbox 1252 2568 1330 2609; x_wconf 90' lang='lat' dir='ltr'>fuit,</span> <span class='ocrx_word' id='word_1_541' title='bbox 1356 2569 1507 2613; x_wconf 86' lang='lat' dir='ltr'>lapsoque</span> <span class='ocrx_word' id='word_1_542' title='bbox 1540 2569 1698 2609; x_wconf 90' lang='lat' dir='ltr'>triennio,</span> <span class='ocrx_word' id='word_1_543' title='bbox 1727 2580 1798 2602; x_wconf 89' lang='lat' dir='ltr'>cum</span> 
     </span>
     <span class='ocr_line' id='line_1_108' title="bbox 1059 2622 1798 2672; baseline 0.004 -18"><span class='ocrx_word' id='word_1_544' title='bbox 1059 2632 1169 2655; x_wconf 90' lang='lat' dir='ltr'>rursus</span> <span class='ocrx_word' id='word_1_545' title='bbox 1193 2622 1291 2666; x_wconf 91' lang='lat' dir='ltr'>ipsius</span> <span class='ocrx_word' id='word_1_546' title='bbox 1326 2629 1567 2656; x_wconf 89' lang='lat' dir='ltr'>monumentum</span> <span class='ocrx_word' id='word_1_547' title='bbox 1599 2623 1798 2672; x_wconf 55' lang='lat' dir='ltr'>weriretur,</span> 
     </span>
    </p>

    <p class='ocr_par' dir='ltr' id='par_1_12' title="bbox 1096 2674 1833 2721">
     <span class='ocr_line' id='line_1_109' title="bbox 1096 2674 1833 2721; baseline 0.005 -9"><span class='ocrx_word' id='word_1_548' title='bbox 1096 2686 1106 2712; x_wconf 84' lang='lat'>1</span> <span class='ocrx_word' id='word_1_549' title='bbox 1126 2686 1244 2714; x_wconf 85' lang='lat' dir='ltr'>Erronee</span> <span class='ocrx_word' id='word_1_550' title='bbox 1260 2686 1323 2714; x_wconf 85' lang='lat' dir='ltr'>edit.</span> <span class='ocrx_word' id='word_1_551' title='bbox 1342 2685 1420 2714; x_wconf 83' lang='lat' dir='ltr'>Main.</span> <span class='ocrx_word' id='word_1_552' title='bbox 1438 2686 1500 2721; x_wconf 73' lang='lat' dir='ltr'>legit</span> <span class='ocrx_word' id='word_1_553' title='bbox 1515 2695 1565 2713; x_wconf 84' lang='lat' dir='ltr'>suo</span> <span class='ocrx_word' id='word_1_554' title='bbox 1587 2687 1623 2721; x_wconf 78' lang='lat' dir='ltr'>(a.</span> <span class='ocrx_word' id='word_1_555' title='bbox 1636 2687 1684 2721; x_wconf 86' lang='lat' dir='ltr'>T.).</span> <span class='ocrx_word' id='word_1_556' title='bbox 1828 2674 1833 2677; x_wconf 83' lang='lat'><strong>.</strong></span> 
     </span>
    </p>
   </div>
   <div class='ocr_carea' id='block_1_10' title="bbox 1711 259 2005 295">
    <p class='ocr_par' dir='ltr' id='par_1_13' title="bbox 1711 259 2005 295">
     <span class='ocr_line' id='line_1_110' title="bbox 1711 259 2005 295; baseline 0.01 -3"><span class='ocrx_word' id='word_1_557' title='bbox 1711 259 1773 292; x_wconf 68' lang='lat'>(377</span> <span class='ocrx_word' id='word_1_558' title='bbox 1821 268 1869 294; x_wconf 76' lang='lat' dir='ltr'>An.</span> <span class='ocrx_word' id='word_1_559' title='bbox 1886 268 1913 294; x_wconf 87' lang='lat' dir='ltr'>C.</span> <span class='ocrx_word' id='word_1_560' title='bbox 1938 268 2005 295; x_wconf 67' lang='lat'><strong>¹622</strong></span> 
     </span>
    </p>
   </div>
  </div>
 </body>
</html>
