<?xml version="1.0" encoding="UTF-8"?>
<!DOCTYPE html PUBLIC "-//W3C//DTD XHTML 1.0 Transitional//EN"
    "http://www.w3.org/TR/xhtml1/DTD/xhtml1-transitional.dtd">
<html xmlns="http://www.w3.org/1999/xhtml" xml:lang="en" lang="en">
 <head>
  <title>
</title>
<meta http-equiv="Content-Type" content="text/html;charset=utf-8" />
  <meta name='ocr-system' content='tesseract 3.04.00' />
  <meta name='ocr-capabilities' content='ocr_page ocr_carea ocr_par ocr_line ocrx_word'/>
</head>
<body>
  <div class='ocr_page' id='page_1' title='image "./bullarumdiplomat12cath_0216.png"; bbox 0 0 2293 3231; ppageno 0'>
   <div class='ocr_carea' id='block_1_1' title="bbox 273 265 458 294">
    <p class='ocr_par' dir='ltr' id='par_1_1' title="bbox 273 265 458 294">
     <span class='ocr_line' id='line_1_1' title="bbox 273 265 458 294; baseline 0.005 -1"><span class='ocrx_word' id='word_1_1' title='bbox 273 268 322 293; x_wconf 79' lang='lat' dir='ltr'>An.</span> <span class='ocrx_word' id='word_1_2' title='bbox 343 266 371 293; x_wconf 88' lang='lat' dir='ltr'>C.</span> <span class='ocrx_word' id='word_1_3' title='bbox 392 265 458 294; x_wconf 74' lang='lat' dir='ltr'>tot-2</span> 
     </span>
    </p>
   </div>
   <div class='ocr_carea' id='block_1_2' title="bbox 274 594 465 675">
    <p class='ocr_par' dir='ltr' id='par_1_2' title="bbox 274 594 465 675">
     <span class='ocr_line' id='line_1_2' title="bbox 317 594 460 623; baseline 0 -8"><span class='ocrx_word' id='word_1_4' title='bbox 317 594 446 623; x_wconf 65' lang='lat' dir='ltr'>Euclionem</span> <span class='ocrx_word' id='word_1_5' title='bbox 456 609 460 615; x_wconf 92' lang='lat'><em>.</em></span> 
     </span>
     <span class='ocr_line' id='line_1_3' title="bbox 274 622 465 641; baseline -0.005 0"><span class='ocrx_word' id='word_1_6' title='bbox 274 622 465 641; x_wconf 76' lang='lat' dir='ltr'>contii-mationem-</span> 
     </span>
     <span class='ocr_line' id='line_1_4' title="bbox 277 649 439 675; baseline 0 -7"><span class='ocrx_word' id='word_1_7' title='bbox 277 654 318 675; x_wconf 77' lang='lat' dir='ltr'>que</span> <span class='ocrx_word' id='word_1_8' title='bbox 334 649 439 668; x_wconf 78' lang='lat' dir='ltr'>recenset.</span> 
     </span>
    </p>
   </div>
   <div class='ocr_carea' id='block_1_3' title="bbox 282 1341 469 1497">
    <p class='ocr_par' dir='ltr' id='par_1_3' title="bbox 282 1341 469 1497">
     <span class='ocr_line' id='line_1_5' title="bbox 282 1341 469 1362; baseline -0.005 0"><span class='ocrx_word' id='word_1_9' title='bbox 282 1341 469 1362; x_wconf 74' lang='lat' dir='ltr'>Facutiaiemcnn-</span> 
     </span>
     <span class='ocr_line' id='line_1_6' title="bbox 282 1367 466 1393; baseline -0.011 -4"><span class='ocrx_word' id='word_1_10' title='bbox 282 1369 346 1392; x_wconf 75' lang='lat' dir='ltr'>cedit,</span> <span class='ocrx_word' id='word_1_11' title='bbox 355 1368 380 1388; x_wconf 74' lang='lat' dir='ltr'>de</span> <span class='ocrx_word' id='word_1_12' title='bbox 394 1373 436 1393; x_wconf 77' lang='lat' dir='ltr'>qua</span> <span class='ocrx_word' id='word_1_13' title='bbox 447 1367 466 1387; x_wconf 93' lang='lat' dir='ltr'>in</span> 
     </span>
     <span class='ocr_line' id='line_1_7' title="bbox 284 1395 466 1418; baseline -0.011 -2"><span class='ocrx_word' id='word_1_14' title='bbox 284 1395 466 1418; x_wconf 58' lang='lat' dir='ltr'>rubricasoniuu·</span> 
     </span>
     <span class='ocr_line' id='line_1_8' title="bbox 283 1421 467 1442; baseline -0.005 0"><span class='ocrx_word' id='word_1_15' title='bbox 283 1424 316 1442; x_wconf 84' lang='lat' dir='ltr'>eto</span> <span class='ocrx_word' id='word_1_16' title='bbox 333 1427 397 1442; x_wconf 72' lang='lat' dir='ltr'>onere</span> <span class='ocrx_word' id='word_1_17' title='bbox 412 1421 467 1441; x_wconf 79' lang='lat' dir='ltr'>iura-</span> 
     </span>
     <span class='ocr_line' id='line_1_9' title="bbox 283 1451 466 1474; baseline -0.005 -5"><span class='ocrx_word' id='word_1_18' title='bbox 283 1451 376 1469; x_wconf 79' lang='lat' dir='ltr'>mentum</span> <span class='ocrx_word' id='word_1_19' title='bbox 405 1454 466 1474; x_wconf 78' lang='lat' dir='ltr'>prae-</span> 
     </span>
     <span class='ocr_line' id='line_1_10' title="bbox 283 1475 360 1497; baseline -0.013 -1"><span class='ocrx_word' id='word_1_20' title='bbox 283 1475 360 1497; x_wconf 68' lang='lat' dir='ltr'>standi.</span> 
     </span>
    </p>
   </div>
   <div class='ocr_carea' id='block_1_4' title="bbox 292 2300 477 2353">
    <p class='ocr_par' dir='ltr' id='par_1_4' title="bbox 292 2300 477 2353">
     <span class='ocr_line' id='line_1_11' title="bbox 303 2300 477 2326; baseline 0.006 -7"><span class='ocrx_word' id='word_1_21' title='bbox 303 2300 348 2320; x_wconf 74' lang='lat' dir='ltr'>Sub</span> <span class='ocrx_word' id='word_1_22' title='bbox 357 2301 431 2326; x_wconf 71' lang='lat' dir='ltr'>poenis</span> <span class='ocrx_word' id='word_1_23' title='bbox 441 2301 477 2321; x_wconf 81' lang='lat' dir='ltr'>hic</span> 
     </span>
     <span class='ocr_line' id='line_1_12' title="bbox 292 2333 406 2353; baseline 0 -5"><span class='ocrx_word' id='word_1_24' title='bbox 292 2333 406 2353; x_wconf 57' lang='lat' dir='ltr'>Olllft&#39;sbls.</span> 
     </span>
    </p>
   </div>
   <div class='ocr_carea' id='block_1_5' title="bbox 474 256 1253 2498">
    <p class='ocr_par' dir='ltr' id='par_1_5' title="bbox 474 256 1235 545">
     <span class='ocr_line' id='line_1_13' title="bbox 510 256 568 291; baseline 0.017 -1"><span class='ocrx_word' id='word_1_25' title='bbox 510 256 568 291; x_wconf 77' lang='grc'>178</span> 
     </span>
     <span class='ocr_line' id='line_1_14' title="bbox 697 313 992 348; baseline -0.01 -6"><span class='ocrx_word' id='word_1_26' title='bbox 697 315 809 342; x_wconf 75' lang='lat' dir='ltr'>Paulus</span> <span class='ocrx_word' id='word_1_27' title='bbox 826 313 992 348; x_wconf 74' lang='lat' dir='ltr'><strong>Episcopus</strong></span> 
     </span>
     <span class='ocr_line' id='line_1_15' title="bbox 671 364 1022 394; baseline -0.009 0"><span class='ocrx_word' id='word_1_28' title='bbox 671 373 777 394; x_wconf 79' lang='lat' dir='ltr'>servus</span> <span class='ocrx_word' id='word_1_29' title='bbox 798 371 951 393; x_wconf 79' lang='lat' dir='ltr'>servorum</span> <span class='ocrx_word' id='word_1_30' title='bbox 970 364 1022 392; x_wconf 78' lang='lat' dir='ltr'>Dei</span> 
     </span>
     <span class='ocr_line' id='line_1_16' title="bbox 474 412 1235 463; baseline -0.008 -6"><span class='ocrx_word' id='word_1_31' title='bbox 474 430 590 457; x_wconf 71' lang='lat' dir='ltr'>nileczo</span> <span class='ocrx_word' id='word_1_32' title='bbox 620 428 682 457; x_wconf 79' lang='lat' dir='ltr'>fluo</span> <span class='ocrx_word' id='word_1_33' title='bbox 711 428 807 455; x_wconf 74' lang='lat' dir='ltr'>Marco</span> <span class='ocrx_word' id='word_1_34' title='bbox 832 426 925 453; x_wconf 69' lang='lat' dir='ltr'>sarco</span> <span class='ocrx_word' id='word_1_35' title='bbox 945 426 1044 453; x_wconf 73' lang='lat' dir='ltr'>eiecto</span> <span class='ocrx_word' id='word_1_36' title='bbox 1065 412 1235 463; x_wconf 47' lang='lat' dir='ltr'>sanaim-2</span> 
     </span>
     <span class='ocr_line' id='line_1_17' title="bbox 510 465 1235 509; baseline -0.004 -8"><span class='ocrx_word' id='word_1_37' title='bbox 510 473 606 509; x_wconf 68' lang='lat' dir='ltr'>gensi,</span> <span class='ocrx_word' id='word_1_38' title='bbox 623 473 754 500; x_wconf 76' lang='lat' dir='ltr'>satutem</span> <span class='ocrx_word' id='word_1_39' title='bbox 769 473 800 499; x_wconf 80' lang='lat' dir='ltr'>et</span> <span class='ocrx_word' id='word_1_40' title='bbox 815 470 1013 506; x_wconf 76' lang='lat' dir='ltr'>apostolicam</span> <span class='ocrx_word' id='word_1_41' title='bbox 1034 469 1219 498; x_wconf 75' lang='lat' dir='ltr'>benedictio·</span> <span class='ocrx_word' id='word_1_42' title='bbox 1234 465 1235 478; x_wconf 73' lang='lat'><em>³</em></span> 
     </span>
     <span class='ocr_line' id='line_1_18' title="bbox 510 525 587 545; baseline -0.013 0"><span class='ocrx_word' id='word_1_43' title='bbox 510 525 587 545; x_wconf 81' lang='lat' dir='ltr'>nem.</span> 
     </span>
    </p>

    <p class='ocr_par' dir='ltr' id='par_1_6' title="bbox 477 575 1239 1320">
     <span class='ocr_line' id='line_1_19' title="bbox 522 575 1237 623; baseline -0.004 -11"><span class='ocrx_word' id='word_1_44' title='bbox 522 583 536 621; x_wconf 61' lang='grc' dir='ltr'>,ξ’</span> <span class='ocrx_word' id='word_1_45' title='bbox 566 579 590 612; x_wconf 90' lang='lat' dir='ltr'>l.</span> <span class='ocrx_word' id='word_1_46' title='bbox 617 580 691 612; x_wconf 71' lang='lat' dir='ltr'>Cum</span> <span class='ocrx_word' id='word_1_47' title='bbox 718 588 774 610; x_wconf 87' lang='lat' dir='ltr'>nos</span> <span class='ocrx_word' id='word_1_48' title='bbox 804 575 944 621; x_wconf 84' lang='lat' dir='ltr'>pridem¹</span> <span class='ocrx_word' id='word_1_49' title='bbox 970 576 1156 610; x_wconf 70' lang='lat' dir='ltr'>electionem</span> <span class='ocrx_word' id='word_1_50' title='bbox 1181 576 1237 623; x_wconf 45' lang='lat' dir='ltr'>de¹</span> 
     </span>
     <span class='ocr_line' id='line_1_20' title="bbox 478 629 1220 675; baseline -0.005 -10"><span class='ocrx_word' id='word_1_51' title='bbox 478 634 612 675; x_wconf 80' lang='lat' dir='ltr'>persona</span> <span class='ocrx_word' id='word_1_52' title='bbox 639 633 690 663; x_wconf 78' lang='lat' dir='ltr'>tua</span> <span class='ocrx_word' id='word_1_53' title='bbox 711 630 742 663; x_wconf 91' lang='lat' dir='ltr'>in</span> <span class='ocrx_word' id='word_1_54' title='bbox 766 629 1042 674; x_wconf 78' lang='lat' dir='ltr'>archiepiscopum</span> <span class='ocrx_word' id='word_1_55' title='bbox 1067 629 1220 662; x_wconf 77' lang='lat' dir='ltr'>Salisbur-</span> 
     </span>
     <span class='ocr_line' id='line_1_21' title="bbox 477 683 1237 729; baseline -0.005 -10"><span class='ocrx_word' id='word_1_56' title='bbox 477 696 606 729; x_wconf 79' lang='lat' dir='ltr'>gensem</span> <span class='ocrx_word' id='word_1_57' title='bbox 632 696 690 729; x_wconf 88' lang='lat' dir='ltr'>per</span> <span class='ocrx_word' id='word_1_58' title='bbox 714 685 845 717; x_wconf 86' lang='lat' dir='ltr'>dilectos</span> <span class='ocrx_word' id='word_1_59' title='bbox 869 683 952 717; x_wconf 86' lang='lat' dir='ltr'>tilios</span> <span class='ocrx_word' id='word_1_60' title='bbox 976 683 1149 727; x_wconf 90' lang='lat' dir='ltr'>capitulum</span> <span class='ocrx_word' id='word_1_61' title='bbox 1173 694 1237 716; x_wconf 51' lang='lat' dir='ltr'>ec-¹</span> 
     </span>
     <span class='ocr_line' id='line_1_22' title="bbox 478 723 1239 780; baseline -0.005 -9"><span class='ocrx_word' id='word_1_62' title='bbox 478 739 590 772; x_wconf 83' lang='lat' dir='ltr'>clesiae</span> <span class='ocrx_word' id='word_1_63' title='bbox 616 737 874 780; x_wconf 61' lang='lat' dir='ltr'>salisburgensis,</span> <span class='ocrx_word' id='word_1_64' title='bbox 899 736 1032 770; x_wconf 76' lang='lat' dir='ltr'>ecclesia</span> <span class='ocrx_word' id='word_1_65' title='bbox 1052 736 1122 780; x_wconf 79' lang='lat' dir='ltr'>ipsa</span> <span class='ocrx_word' id='word_1_66' title='bbox 1146 723 1239 768; x_wconf 77' lang='lat' dir='ltr'>tunc&#39;</span> 
     </span>
     <span class='ocr_line' id='line_1_23' title="bbox 479 789 1220 835; baseline -0.005 -10"><span class='ocrx_word' id='word_1_67' title='bbox 479 796 566 826; x_wconf 86' lang='lat' dir='ltr'>certo</span> <span class='ocrx_word' id='word_1_68' title='bbox 599 791 693 825; x_wconf 86' lang='lat' dir='ltr'>modo</span> <span class='ocrx_word' id='word_1_69' title='bbox 727 790 863 835; x_wconf 83' lang='lat' dir='ltr'>pastoris</span> <span class='ocrx_word' id='word_1_70' title='bbox 901 789 1013 824; x_wconf 86' lang='lat' dir='ltr'>solatio</span> <span class='ocrx_word' id='word_1_71' title='bbox 1051 789 1220 829; x_wconf 76' lang='lat' dir='ltr'>destituta,</span> 
     </span>
     <span class='ocr_line' id='line_1_24' title="bbox 477 843 1223 884; baseline -0.004 -6"><span class='ocrx_word' id='word_1_72' title='bbox 477 845 627 878; x_wconf 82' lang='lat' dir='ltr'>canonice</span> <span class='ocrx_word' id='word_1_73' title='bbox 652 844 857 884; x_wconf 69' lang='lat' dir='ltr'>celebratam,</span> <span class='ocrx_word' id='word_1_74' title='bbox 882 843 920 876; x_wconf 89' lang='lat' dir='ltr'>de</span> <span class='ocrx_word' id='word_1_75' title='bbox 944 843 1077 876; x_wconf 78' lang='lat' dir='ltr'>t&#39;ratrum</span> <span class='ocrx_word' id='word_1_76' title='bbox 1101 847 1223 876; x_wconf 85' lang='lat' dir='ltr'>nostro-</span> 
     </span>
     <span class='ocr_line' id='line_1_25' title="bbox 478 897 1223 942; baseline -0.004 -10"><span class='ocrx_word' id='word_1_77' title='bbox 478 910 548 933; x_wconf 90' lang='lat' dir='ltr'>rum</span> <span class='ocrx_word' id='word_1_78' title='bbox 567 899 710 939; x_wconf 82' lang='lat' dir='ltr'>consilio,</span> <span class='ocrx_word' id='word_1_79' title='bbox 721 898 894 942; x_wconf 76' lang='lat' dir='ltr'>apostolica</span> <span class='ocrx_word' id='word_1_80' title='bbox 907 897 1091 931; x_wconf 85' lang='lat' dir='ltr'>auctoritate</span> <span class='ocrx_word' id='word_1_81' title='bbox 1109 906 1223 940; x_wconf 87' lang='lat' dir='ltr'>appro-</span> 
     </span>
     <span class='ocr_line' id='line_1_26' title="bbox 477 950 1221 993; baseline -0.005 -7"><span class='ocrx_word' id='word_1_82' title='bbox 477 953 659 987; x_wconf 74' lang='lat' dir='ltr'>baret-imus</span> <span class='ocrx_word' id='word_1_83' title='bbox 684 957 711 987; x_wconf 89' lang='lat' dir='ltr'>ct</span> <span class='ocrx_word' id='word_1_84' title='bbox 737 951 1049 991; x_wconf 77' lang='lat' dir='ltr'>contirniareriimis3</span> <span class='ocrx_word' id='word_1_85' title='bbox 1067 955 1158 993; x_wconf 84' lang='lat' dir='ltr'>teque</span> <span class='ocrx_word' id='word_1_86' title='bbox 1179 950 1221 983; x_wconf 92' lang='lat' dir='ltr'>illi</span> 
     </span>
     <span class='ocr_line' id='line_1_27' title="bbox 480 1005 1223 1052; baseline -0.005 -11"><span class='ocrx_word' id='word_1_87' title='bbox 480 1009 512 1041; x_wconf 93' lang='lat' dir='ltr'>in</span> <span class='ocrx_word' id='word_1_88' title='bbox 536 1007 815 1052; x_wconf 84' lang='lat' dir='ltr'>archiepiscopum</span> <span class='ocrx_word' id='word_1_89' title='bbox 841 1005 1089 1050; x_wconf 72' lang='lat' dir='ltr'>praefecerimus</span> <span class='ocrx_word' id='word_1_90' title='bbox 1112 1010 1144 1038; x_wconf 87' lang='lat' dir='ltr'>et</span> <span class='ocrx_word' id='word_1_91' title='bbox 1167 1015 1223 1048; x_wconf 87' lang='lat' dir='ltr'>pa-</span> 
     </span>
     <span class='ocr_line' id='line_1_28' title="bbox 479 1058 1225 1102; baseline -0.007 -6"><span class='ocrx_word' id='word_1_92' title='bbox 479 1066 596 1097; x_wconf 87' lang='lat' dir='ltr'>storem</span> <span class='ocrx_word' id='word_1_93' title='bbox 611 1089 618 1102; x_wconf 90' lang='lat'>,</span> <span class='ocrx_word' id='word_1_94' title='bbox 643 1072 771 1100; x_wconf 88' lang='lat' dir='ltr'>curam,</span> <span class='ocrx_word' id='word_1_95' title='bbox 797 1060 950 1102; x_wconf 77' lang='lat' dir='ltr'>regimen,</span> <span class='ocrx_word' id='word_1_96' title='bbox 975 1065 1003 1092; x_wconf 88' lang='lat' dir='ltr'>et</span> <span class='ocrx_word' id='word_1_97' title='bbox 1029 1058 1225 1092; x_wconf 84' lang='lat' dir='ltr'>administra-</span> 
     </span>
     <span class='ocr_line' id='line_1_29' title="bbox 480 1112 1222 1159; baseline -0.007 -10"><span class='ocrx_word' id='word_1_98' title='bbox 480 1116 598 1150; x_wconf 88' lang='lat' dir='ltr'>tionem</span> <span class='ocrx_word' id='word_1_99' title='bbox 616 1115 715 1159; x_wconf 85' lang='lat' dir='ltr'>ipsius</span> <span class='ocrx_word' id='word_1_100' title='bbox 732 1114 882 1147; x_wconf 85' lang='lat' dir='ltr'>ecclesiae</span> <span class='ocrx_word' id='word_1_101' title='bbox 899 1112 1148 1156; x_wconf 79' lang='lat' dir='ltr'>Salisburgensis</span> <span class='ocrx_word' id='word_1_102' title='bbox 1167 1112 1222 1145; x_wconf 87' lang='lat' dir='ltr'>tibi</span> 
     </span>
     <span class='ocr_line' id='line_1_30' title="bbox 482 1166 1223 1214; baseline -0.004 -12"><span class='ocrx_word' id='word_1_103' title='bbox 482 1170 513 1202; x_wconf 94' lang='lat' dir='ltr'>in</span> <span class='ocrx_word' id='word_1_104' title='bbox 537 1168 755 1214; x_wconf 74' lang='lat' dir='ltr'>spiritualibus</span> <span class='ocrx_word' id='word_1_105' title='bbox 772 1174 802 1201; x_wconf 86' lang='lat' dir='ltr'>et</span> <span class='ocrx_word' id='word_1_106' title='bbox 831 1167 1059 1211; x_wconf 85' lang='lat' dir='ltr'>temporalibus</span> <span class='ocrx_word' id='word_1_107' title='bbox 1083 1166 1223 1210; x_wconf 75' lang='lat' dir='ltr'>plenarie</span> 
     </span>
     <span class='ocr_line' id='line_1_31' title="bbox 482 1214 1226 1266; baseline -0.004 -10"><span class='ocrx_word' id='word_1_108' title='bbox 482 1214 719 1263; x_wconf 79' lang='lat' dir='ltr'>committendo,</span> <span class='ocrx_word' id='word_1_109' title='bbox 738 1227 834 1266; x_wconf 89' lang='lat' dir='ltr'>prout</span> <span class='ocrx_word' id='word_1_110' title='bbox 853 1222 884 1254; x_wconf 92' lang='lat' dir='ltr'>in</span> <span class='ocrx_word' id='word_1_111' title='bbox 901 1221 1019 1255; x_wconf 89' lang='lat' dir='ltr'>uostris</span> <span class='ocrx_word' id='word_1_112' title='bbox 1035 1221 1106 1253; x_wconf 82' lang='lat' dir='ltr'>inde</span> <span class='ocrx_word' id='word_1_113' title='bbox 1124 1222 1226 1253; x_wconf 87' lang='lat' dir='ltr'>cont&#39;e-</span> 
     </span>
     <span class='ocr_line' id='line_1_32' title="bbox 483 1275 1026 1320; baseline -0.006 -10"><span class='ocrx_word' id='word_1_114' title='bbox 483 1277 541 1311; x_wconf 88' lang='lat' dir='ltr'>ctis</span> <span class='ocrx_word' id='word_1_115' title='bbox 559 1277 671 1311; x_wconf 87' lang='lat' dir='ltr'>litteris</span> <span class='ocrx_word' id='word_1_116' title='bbox 689 1276 813 1320; x_wconf 87' lang='lat' dir='ltr'>plenius</span> <span class='ocrx_word' id='word_1_117' title='bbox 830 1275 1026 1314; x_wconf 74' lang='lat' dir='ltr'>continetur,</span> 
     </span>
    </p>

    <p class='ocr_par' dir='ltr' id='par_1_7' title="bbox 483 1328 1247 2280">
     <span class='ocr_line' id='line_1_33' title="bbox 529 1328 1227 1374; baseline -0.006 -10"><span class='ocrx_word' id='word_1_118' title='bbox 529 1332 544 1374; x_wconf 60' lang='lat' dir='ltr'>g</span> <span class='ocrx_word' id='word_1_119' title='bbox 560 1331 590 1364; x_wconf 70' lang='lat'>2.</span> <span class='ocrx_word' id='word_1_120' title='bbox 610 1331 673 1364; x_wconf 77' lang='lat' dir='ltr'>Nos</span> <span class='ocrx_word' id='word_1_121' title='bbox 692 1330 731 1363; x_wconf 86' lang='lat' dir='ltr'>ad</span> <span class='ocrx_word' id='word_1_122' title='bbox 751 1342 798 1370; x_wconf 89' lang='lat' dir='ltr'>ea,</span> <span class='ocrx_word' id='word_1_123' title='bbox 815 1340 896 1373; x_wconf 83' lang='lat' dir='ltr'>quae</span> <span class='ocrx_word' id='word_1_124' title='bbox 913 1329 951 1362; x_wconf 85' lang='lat' dir='ltr'>ad</span> <span class='ocrx_word' id='word_1_125' title='bbox 969 1335 1038 1362; x_wconf 86' lang='lat' dir='ltr'>tuae</span> <span class='ocrx_word' id='word_1_126' title='bbox 1056 1328 1227 1362; x_wconf 81' lang='lat' dir='ltr'>commodi—</span> 
     </span>
     <span class='ocr_line' id='line_1_34' title="bbox 484 1382 1227 1426; baseline -0.004 -9"><span class='ocrx_word' id='word_1_127' title='bbox 484 1385 555 1418; x_wconf 86' lang='lat' dir='ltr'>tatis</span> <span class='ocrx_word' id='word_1_128' title='bbox 579 1389 805 1426; x_wconf 73' lang='lat' dir='ltr'>augumentum</span> <span class='ocrx_word' id='word_1_129' title='bbox 830 1383 942 1416; x_wconf 82' lang='lat' dir='ltr'>cedere</span> <span class='ocrx_word' id='word_1_130' title='bbox 960 1383 1092 1422; x_wconf 73' lang='lat' dir='ltr'>valeant,</span> <span class='ocrx_word' id='word_1_131' title='bbox 1108 1382 1227 1415; x_wconf 81' lang='lat' dir='ltr'>favora-</span> 
     </span>
     <span class='ocr_line' id='line_1_35' title="bbox 483 1433 1245 1481; baseline -0.004 -10"><span class='ocrx_word' id='word_1_132' title='bbox 483 1437 590 1471; x_wconf 86' lang='lat' dir='ltr'>biliter</span> <span class='ocrx_word' id='word_1_133' title='bbox 614 1437 821 1477; x_wconf 85' lang='lat' dir='ltr'>intendentes,</span> <span class='ocrx_word' id='word_1_134' title='bbox 839 1436 899 1469; x_wconf 87' lang='lat' dir='ltr'>tuis</span> <span class='ocrx_word' id='word_1_135' title='bbox 920 1436 951 1468; x_wconf 92' lang='lat' dir='ltr'>in</span> <span class='ocrx_word' id='word_1_136' title='bbox 975 1436 1034 1468; x_wconf 85' lang='lat' dir='ltr'>hac</span> <span class='ocrx_word' id='word_1_137' title='bbox 1049 1440 1138 1479; x_wconf 90' lang='lat' dir='ltr'>parte</span> <span class='ocrx_word' id='word_1_138' title='bbox 1155 1433 1245 1481; x_wconf 54' lang='lat' dir='ltr'>sup-2</span> 
     </span>
     <span class='ocr_line' id='line_1_36' title="bbox 485 1490 1245 1536; baseline -0.005 -11"><span class='ocrx_word' id='word_1_139' title='bbox 485 1491 708 1536; x_wconf 85' lang='lat' dir='ltr'>plicationibus</span> <span class='ocrx_word' id='word_1_140' title='bbox 721 1490 871 1531; x_wconf 85' lang='lat' dir='ltr'>inclinati,</span> <span class='ocrx_word' id='word_1_141' title='bbox 886 1490 951 1531; x_wconf 88' lang='lat' dir='ltr'>tibi,</span> <span class='ocrx_word' id='word_1_142' title='bbox 963 1495 1129 1534; x_wconf 81' lang='lat' dir='ltr'>postquam</span> <span class='ocrx_word' id='word_1_143' title='bbox 1141 1500 1228 1533; x_wconf 85' lang='lat' dir='ltr'>pres·</span> <span class='ocrx_word' id='word_1_144' title='bbox 1243 1491 1245 1495; x_wconf 91' lang='grc'><strong>’</strong></span> 
     </span>
     <span class='ocr_line' id='line_1_37' title="bbox 485 1542 1245 1591; baseline -0.005 -13"><span class='ocrx_word' id='word_1_145' title='bbox 485 1545 574 1590; x_wconf 65' lang='lat' dir='ltr'>byter</span> <span class='ocrx_word' id='word_1_146' title='bbox 591 1545 697 1585; x_wconf 78' lang='lat' dir='ltr'>fucris,</span> <span class='ocrx_word' id='word_1_147' title='bbox 710 1550 741 1578; x_wconf 93' lang='lat' dir='ltr'>ut</span> <span class='ocrx_word' id='word_1_148' title='bbox 761 1556 779 1577; x_wconf 90' lang='lat' dir='ltr'>a</span> <span class='ocrx_word' id='word_1_149' title='bbox 796 1554 1006 1588; x_wconf 85' lang='lat' dir='ltr'>quocumque,</span> <span class='ocrx_word' id='word_1_150' title='bbox 1022 1553 1116 1586; x_wconf 89' lang='lat' dir='ltr'>quem</span> <span class='ocrx_word' id='word_1_151' title='bbox 1133 1542 1229 1575; x_wconf 85' lang='lat' dir='ltr'>malu-</span> <span class='ocrx_word' id='word_1_152' title='bbox 1244 1583 1245 1591; x_wconf 14' lang='grc' dir='ltr'>ἵ</span> 
     </span>
     <span class='ocr_line' id='line_1_38' title="bbox 485 1594 1247 1648; baseline -0.003 -18"><span class='ocrx_word' id='word_1_153' title='bbox 485 1599 558 1639; x_wconf 81' lang='lat' dir='ltr'>cris,</span> <span class='ocrx_word' id='word_1_154' title='bbox 572 1598 729 1633; x_wconf 86' lang='lat' dir='ltr'>catholico</span> <span class='ocrx_word' id='word_1_155' title='bbox 746 1598 893 1638; x_wconf 83' lang='lat' dir='ltr'>antistite,</span> <span class='ocrx_word' id='word_1_156' title='bbox 903 1597 1036 1641; x_wconf 75' lang='lat' dir='ltr'>gratiam</span> <span class='ocrx_word' id='word_1_157' title='bbox 1047 1601 1075 1630; x_wconf 88' lang='lat' dir='ltr'>et</span> <span class='ocrx_word' id='word_1_158' title='bbox 1091 1606 1229 1629; x_wconf 89' lang='lat' dir='ltr'>commu·</span> <span class='ocrx_word' id='word_1_159' title='bbox 1244 1594 1247 1648; x_wconf 36' lang='grc' dir='ltr'>’Β</span> 
     </span>
     <span class='ocr_line' id='line_1_39' title="bbox 485 1649 1247 1695; baseline -0.005 -10"><span class='ocrx_word' id='word_1_160' title='bbox 485 1652 613 1685; x_wconf 83' lang='lat' dir='ltr'>nionem</span> <span class='ocrx_word' id='word_1_161' title='bbox 631 1652 720 1686; x_wconf 81' lang='lat' dir='ltr'>Sedis</span> <span class='ocrx_word' id='word_1_162' title='bbox 738 1650 938 1695; x_wconf 72' lang='lat' dir='ltr'>Apostolicae</span> <span class='ocrx_word' id='word_1_163' title='bbox 956 1649 1099 1690; x_wconf 75' lang='lat' dir='ltr'>habente,</span> <span class='ocrx_word' id='word_1_164' title='bbox 1122 1649 1229 1682; x_wconf 84' lang='lat' dir='ltr'>accitis</span> <span class='ocrx_word' id='word_1_165' title='bbox 1245 1649 1247 1666; x_wconf 61' lang='lat'><em>¹</em></span> 
     </span>
     <span class='ocr_line' id='line_1_40' title="bbox 485 1702 1230 1738; baseline -0.004 0"><span class='ocrx_word' id='word_1_166' title='bbox 485 1711 515 1738; x_wconf 86' lang='lat' dir='ltr'>ct</span> <span class='ocrx_word' id='word_1_167' title='bbox 530 1705 628 1738; x_wconf 80' lang='lat' dir='ltr'>inhoc</span> <span class='ocrx_word' id='word_1_168' title='bbox 641 1705 684 1737; x_wconf 90' lang='lat' dir='ltr'>illi</span> <span class='ocrx_word' id='word_1_169' title='bbox 697 1704 918 1737; x_wconf 70' lang='lat' dir='ltr'>assistentibus</span> <span class='ocrx_word' id='word_1_170' title='bbox 934 1703 1058 1736; x_wconf 76' lang='lat' dir='ltr'>(luobus</span> <span class='ocrx_word' id='word_1_171' title='bbox 1071 1703 1118 1736; x_wconf 68' lang='lat' dir='ltr'>vel</span> <span class='ocrx_word' id='word_1_172' title='bbox 1129 1702 1230 1735; x_wconf 90' lang='lat' dir='ltr'>tribus</span> 
     </span>
     <span class='ocr_line' id='line_1_41' title="bbox 487 1756 1230 1802; baseline -0.004 -11"><span class='ocrx_word' id='word_1_173' title='bbox 487 1758 556 1791; x_wconf 86' lang='lat' dir='ltr'>aliis</span> <span class='ocrx_word' id='word_1_174' title='bbox 584 1757 746 1791; x_wconf 72' lang='lat' dir='ltr'>catholicis</span> <span class='ocrx_word' id='word_1_175' title='bbox 765 1757 935 1802; x_wconf 87' lang='lat' dir='ltr'>episcopis,</span> <span class='ocrx_word' id='word_1_176' title='bbox 958 1756 1076 1790; x_wconf 79' lang='lat' dir='ltr'>similes</span> <span class='ocrx_word' id='word_1_177' title='bbox 1096 1756 1230 1799; x_wconf 77' lang='lat' dir='ltr'>gratiam</span> 
     </span>
     <span class='ocr_line' id='line_1_42' title="bbox 488 1809 1232 1850; baseline -0.001 -7"><span class='ocrx_word' id='word_1_178' title='bbox 488 1817 517 1844; x_wconf 79' lang='lat' dir='ltr'>et</span> <span class='ocrx_word' id='word_1_179' title='bbox 531 1811 786 1845; x_wconf 82' lang='lat' dir='ltr'>communionem</span> <span class='ocrx_word' id='word_1_180' title='bbox 796 1809 995 1850; x_wconf 84' lang='lat' dir='ltr'>habentibus,</span> <span class='ocrx_word' id='word_1_181' title='bbox 1006 1820 1120 1842; x_wconf 84' lang='lat' dir='ltr'>munus</span> <span class='ocrx_word' id='word_1_182' title='bbox 1126 1819 1232 1842; x_wconf 89' lang='lat' dir='ltr'>conse-</span> 
     </span>
     <span class='ocr_line' id='line_1_43' title="bbox 488 1863 1233 1909; baseline -0.004 -11"><span class='ocrx_word' id='word_1_183' title='bbox 488 1865 638 1898; x_wconf 85' lang='lat' dir='ltr'>crationis</span> <span class='ocrx_word' id='word_1_184' title='bbox 663 1865 806 1909; x_wconf 86' lang='lat' dir='ltr'>recipere.</span> <span class='ocrx_word' id='word_1_185' title='bbox 832 1864 944 1904; x_wconf 71' lang='lat' dir='ltr'>valeas,</span> <span class='ocrx_word' id='word_1_186' title='bbox 969 1874 1004 1896; x_wconf 85' lang='lat' dir='ltr'>ac</span> <span class='ocrx_word' id='word_1_187' title='bbox 1029 1863 1132 1896; x_wconf 86' lang='lat' dir='ltr'>eidem</span> <span class='ocrx_word' id='word_1_188' title='bbox 1157 1863 1233 1896; x_wconf 91' lang='lat' dir='ltr'>anti-</span> 
     </span>
     <span class='ocr_line' id='line_1_44' title="bbox 490 1916 1232 1962; baseline -0.001 -11"><span class='ocrx_word' id='word_1_189' title='bbox 490 1919 563 1959; x_wconf 82' lang='lat' dir='ltr'>stiti,</span> <span class='ocrx_word' id='word_1_190' title='bbox 578 1923 620 1959; x_wconf 87' lang='lat' dir='ltr'>ut,</span> <span class='ocrx_word' id='word_1_191' title='bbox 635 1923 762 1962; x_wconf 86' lang='lat' dir='ltr'>recepto</span> <span class='ocrx_word' id='word_1_192' title='bbox 780 1918 868 1962; x_wconf 87' lang='lat' dir='ltr'>prius</span> <span class='ocrx_word' id='word_1_193' title='bbox 882 1929 940 1962; x_wconf 90' lang='lat' dir='ltr'>per</span> <span class='ocrx_word' id='word_1_194' title='bbox 953 1929 1026 1951; x_wconf 86' lang='lat' dir='ltr'>eum</span> <span class='ocrx_word' id='word_1_195' title='bbox 1039 1928 1056 1950; x_wconf 88' lang='lat' dir='ltr'>a</span> <span class='ocrx_word' id='word_1_196' title='bbox 1077 1923 1105 1950; x_wconf 89' lang='lat' dir='ltr'>te</span> <span class='ocrx_word' id='word_1_197' title='bbox 1122 1916 1232 1950; x_wconf 71' lang='lat' dir='ltr'>nobis*²</span> 
     </span>
     <span class='ocr_line' id='line_1_45' title="bbox 490 1971 1232 2006; baseline -0.004 0"><span class='ocrx_word' id='word_1_198' title='bbox 490 1976 520 2006; x_wconf 88' lang='lat' dir='ltr'>ct</span> <span class='ocrx_word' id='word_1_199' title='bbox 545 1973 702 2006; x_wconf 78' lang='lat' dir='ltr'>Romanae</span> <span class='ocrx_word' id='word_1_200' title='bbox 735 1972 892 2005; x_wconf 76' lang='lat' dir='ltr'>Ecclesiae</span> <span class='ocrx_word' id='word_1_201' title='bbox 924 1971 1083 2004; x_wconf 84' lang='lat' dir='ltr'>fidelitatis</span> <span class='ocrx_word' id='word_1_202' title='bbox 1111 1971 1232 2004; x_wconf 82' lang='lat' dir='ltr'>debitae</span> 
     </span>
     <span class='ocr_line' id='line_1_46' title="bbox 491 2025 1235 2069; baseline -0.003 -10"><span class='ocrx_word' id='word_1_203' title='bbox 491 2026 583 2059; x_wconf 86' lang='lat' dir='ltr'>solito</span> <span class='ocrx_word' id='word_1_204' title='bbox 608 2026 784 2059; x_wconf 77' lang='lat' dir='ltr'>iuiaiucuto</span> <span class='ocrx_word' id='word_1_205' title='bbox 802 2026 886 2058; x_wconf 77' lang='lat' dir='ltr'>iuxta</span> <span class='ocrx_word' id='word_1_206' title='bbox 911 2026 1045 2058; x_wconf 79' lang='lat' dir='ltr'>sormam</span> <span class='ocrx_word' id='word_1_207' title='bbox 1065 2025 1235 2069; x_wconf 85' lang='lat' dir='ltr'>praesenti—</span> 
     </span>
     <span class='ocr_line' id='line_1_47' title="bbox 490 2079 1236 2123; baseline 0 -11"><span class='ocrx_word' id='word_1_208' title='bbox 490 2080 548 2112; x_wconf 91' lang='lat' dir='ltr'>bus</span> <span class='ocrx_word' id='word_1_209' title='bbox 573 2079 769 2119; x_wconf 82' lang='lat' dir='ltr'>adnotatam,</span> <span class='ocrx_word' id='word_1_210' title='bbox 794 2089 907 2112; x_wconf 89' lang='lat' dir='ltr'>munus</span> <span class='ocrx_word' id='word_1_211' title='bbox 932 2079 1107 2123; x_wconf 82' lang='lat' dir='ltr'>praefatum</span> <span class='ocrx_word' id='word_1_212' title='bbox 1133 2084 1236 2112; x_wconf 87' lang='lat' dir='ltr'>aucto-</span> 
     </span>
     <span class='ocr_line' id='line_1_48' title="bbox 491 2133 1234 2177; baseline 0 -11"><span class='ocrx_word' id='word_1_213' title='bbox 491 2133 583 2166; x_wconf 88' lang='lat' dir='ltr'>ritate</span> <span class='ocrx_word' id='word_1_214' title='bbox 609 2135 716 2166; x_wconf 79' lang='lat' dir='ltr'>nostra</span> <span class='ocrx_word' id='word_1_215' title='bbox 738 2133 922 2177; x_wconf 80' lang='lat' dir='ltr'>impendere</span> <span class='ocrx_word' id='word_1_216' title='bbox 939 2133 1037 2166; x_wconf 88' lang='lat' dir='ltr'>libere</span> <span class='ocrx_word' id='word_1_217' title='bbox 1055 2133 1109 2166; x_wconf 85' lang='lat' dir='ltr'>tibi</span> <span class='ocrx_word' id='word_1_218' title='bbox 1125 2133 1234 2177; x_wconf 79' lang='lat' dir='ltr'>possit,</span> 
     </span>
     <span class='ocr_line' id='line_1_49' title="bbox 493 2187 1235 2230; baseline 0.001 -11"><span class='ocrx_word' id='word_1_219' title='bbox 493 2187 618 2230; x_wconf 76' lang='lat' dir='ltr'>plemun</span> <span class='ocrx_word' id='word_1_220' title='bbox 632 2192 662 2220; x_wconf 91' lang='lat' dir='ltr'>et</span> <span class='ocrx_word' id='word_1_221' title='bbox 676 2187 821 2227; x_wconf 82' lang='lat' dir='ltr'>liberam,</span> <span class='ocrx_word' id='word_1_222' title='bbox 836 2187 1018 2219; x_wconf 80' lang='lat' dir='ltr'>earunulem</span> <span class='ocrx_word' id='word_1_223' title='bbox 1030 2192 1137 2220; x_wconf 80' lang='lat' dir='ltr'>tenore</span> <span class='ocrx_word' id='word_1_224' title='bbox 1149 2198 1235 2230; x_wconf 85' lang='lat' dir='ltr'>prac-</span> 
     </span>
     <span class='ocr_line' id='line_1_50' title="bbox 492 2239 1056 2280; baseline 0 -8"><span class='ocrx_word' id='word_1_225' title='bbox 492 2240 638 2280; x_wconf 87' lang='lat' dir='ltr'>scutium,</span> <span class='ocrx_word' id='word_1_226' title='bbox 652 2239 855 2274; x_wconf 74' lang='lat' dir='ltr'>concedimus</span> <span class='ocrx_word' id='word_1_227' title='bbox 868 2240 1056 2272; x_wconf 65' lang='lat' dir='ltr'>tiu-ullatem.</span> 
     </span>
    </p>

    <p class='ocr_par' dir='ltr' id='par_1_8' title="bbox 494 2285 1253 2498">
     <span class='ocr_line' id='line_1_51' title="bbox 537 2285 1253 2337; baseline 0.003 -12"><span class='ocrx_word' id='word_1_228' title='bbox 537 2298 552 2337; x_wconf 62' lang='lat' dir='ltr'><strong>g</strong></span> <span class='ocrx_word' id='word_1_229' title='bbox 575 2293 605 2327; x_wconf 71' lang='lat'>3.</span> <span class='ocrx_word' id='word_1_230' title='bbox 633 2294 783 2326; x_wconf 62' lang='lat' dir='ltr'>Volumus</span> <span class='ocrx_word' id='word_1_231' title='bbox 807 2299 922 2331; x_wconf 85' lang='lat' dir='ltr'>autem,</span> <span class='ocrx_word' id='word_1_232' title='bbox 943 2299 970 2327; x_wconf 77' lang='lat' dir='ltr'>et</span> <span class='ocrx_word' id='word_1_233' title='bbox 997 2294 1108 2327; x_wconf 73' lang='lat' dir='ltr'>cadem</span> <span class='ocrx_word' id='word_1_234' title='bbox 1133 2285 1253 2327; x_wconf 51' lang='lat' dir='ltr'>aucto-¹⁴</span> 
     </span>
     <span class='ocr_line' id='line_1_52' title="bbox 494 2348 1253 2391; baseline 0.001 -11"><span class='ocrx_word' id='word_1_235' title='bbox 494 2348 584 2380; x_wconf 82' lang='lat' dir='ltr'>ritate</span> <span class='ocrx_word' id='word_1_236' title='bbox 602 2348 768 2380; x_wconf 79' lang='lat' dir='ltr'>statuimus</span> <span class='ocrx_word' id='word_1_237' title='bbox 788 2353 880 2391; x_wconf 86' lang='lat' dir='ltr'>atque</span> <span class='ocrx_word' id='word_1_238' title='bbox 906 2348 1115 2386; x_wconf 82' lang='lat' dir='ltr'>decernimus,</span> <span class='ocrx_word' id='word_1_239' title='bbox 1141 2349 1234 2391; x_wconf 83' lang='lat' dir='ltr'>quod,</span> <span class='ocrx_word' id='word_1_240' title='bbox 1251 2360 1253 2384; x_wconf 66' lang='grc' dir='ltr'><strong>ι</strong></span> 
     </span>
     <span class='ocr_line' id='line_1_53' title="bbox 494 2401 1236 2445; baseline 0.001 -13"><span class='ocrx_word' id='word_1_241' title='bbox 494 2401 518 2433; x_wconf 86' lang='lat' dir='ltr'>si</span> <span class='ocrx_word' id='word_1_242' title='bbox 544 2411 606 2434; x_wconf 92' lang='lat' dir='ltr'>non</span> <span class='ocrx_word' id='word_1_243' title='bbox 632 2407 759 2445; x_wconf 80' lang='lat' dir='ltr'>recepto</span> <span class='ocrx_word' id='word_1_244' title='bbox 785 2401 873 2444; x_wconf 85' lang='lat' dir='ltr'>prius</span> <span class='ocrx_word' id='word_1_245' title='bbox 893 2412 910 2433; x_wconf 88' lang='lat' dir='ltr'>a</span> <span class='ocrx_word' id='word_1_246' title='bbox 936 2406 963 2433; x_wconf 91' lang='lat' dir='ltr'>te</span> <span class='ocrx_word' id='word_1_247' title='bbox 988 2412 1045 2444; x_wconf 86' lang='lat' dir='ltr'>per</span> <span class='ocrx_word' id='word_1_248' title='bbox 1064 2401 1166 2445; x_wconf 90' lang='lat' dir='ltr'>ipsum</span> <span class='ocrx_word' id='word_1_249' title='bbox 1184 2412 1236 2433; x_wconf 89' lang='lat' dir='ltr'>au-</span> 
     </span>
     <span class='ocr_line' id='line_1_54' title="bbox 495 2454 1235 2498; baseline 0.001 -12"><span class='ocrx_word' id='word_1_250' title='bbox 495 2455 621 2488; x_wconf 80' lang='lat' dir='ltr'>tistitem</span> <span class='ocrx_word' id='word_1_251' title='bbox 640 2456 780 2498; x_wconf 74' lang='lat' dir='ltr'>praelato</span> <span class='ocrx_word' id='word_1_252' title='bbox 799 2455 985 2491; x_wconf 76' lang='lat' dir='ltr'>iuramento.</span> <span class='ocrx_word' id='word_1_253' title='bbox 1006 2454 1089 2487; x_wconf 90' lang='lat' dir='ltr'>idem</span> <span class='ocrx_word' id='word_1_254' title='bbox 1107 2455 1235 2497; x_wconf 74' lang='lat' dir='ltr'>antistes</span> 
     </span>
    </p>
   </div>
   <div class='ocr_carea' id='block_1_6' title="bbox 1234 331 1256 2489">
    <p class='ocr_par' dir='ltr' id='par_1_9' title="bbox 1234 331 1256 2489">
     <span class='ocr_line' id='line_1_55' title="bbox 1234 331 1256 2489; baseline 0 0"><span class='ocrx_word' id='word_1_255' title='bbox 1234 331 1256 2489; x_wconf 95' lang='lat' dir='ltr'> </span> 
     </span>
    </p>
   </div>
   <div class='ocr_carea' id='block_1_7' title="bbox 495 2535 1235 2615">
    <p class='ocr_par' dir='ltr' id='par_1_10' title="bbox 495 2535 1235 2615">
     <span class='ocr_line' id='line_1_56' title="bbox 531 2535 1235 2571; baseline 0.001 -10"><span class='ocrx_word' id='word_1_256' title='bbox 531 2536 541 2561; x_wconf 84' lang='lat'>1</span> <span class='ocrx_word' id='word_1_257' title='bbox 561 2535 598 2562; x_wconf 81' lang='lat' dir='ltr'>Ex</span> <span class='ocrx_word' id='word_1_258' title='bbox 613 2535 674 2562; x_wconf 79' lang='lat' dir='ltr'>daut</span> <span class='ocrx_word' id='word_1_259' title='bbox 689 2535 770 2562; x_wconf 89' lang='lat' dir='ltr'>huius</span> <span class='ocrx_word' id='word_1_260' title='bbox 784 2535 877 2563; x_wconf 70' lang='lat' dir='ltr'>Consi.</span> <span class='ocrx_word' id='word_1_261' title='bbox 895 2538 921 2562; x_wconf 88' lang='lat' dir='ltr'>et</span> <span class='ocrx_word' id='word_1_262' title='bbox 935 2535 1156 2571; x_wconf 84' lang='lat' dir='ltr'>praecedentium</span> <span class='ocrx_word' id='word_1_263' title='bbox 1171 2543 1235 2562; x_wconf 82' lang='lat' dir='ltr'>con·</span> 
     </span>
     <span class='ocr_line' id='line_1_57' title="bbox 495 2579 1022 2615; baseline 0.004 -9"><span class='ocrx_word' id='word_1_264' title='bbox 495 2582 547 2606; x_wconf 84' lang='lat' dir='ltr'>stat</span> <span class='ocrx_word' id='word_1_265' title='bbox 566 2579 710 2615; x_wconf 77' lang='lat' dir='ltr'>legendum</span> <span class='ocrx_word' id='word_1_266' title='bbox 727 2587 786 2607; x_wconf 84' lang='lat' dir='ltr'>esse</span> <span class='ocrx_word' id='word_1_267' title='bbox 799 2579 899 2614; x_wconf 63' lang='lat' dir='ltr'>pridie</span> <span class='ocrx_word' id='word_1_268' title='bbox 916 2581 951 2615; x_wconf 84' lang='lat' dir='ltr'>(n.</span> <span class='ocrx_word' id='word_1_269' title='bbox 973 2579 1022 2614; x_wconf 87' lang='grc' dir='ltr'><strong>τ.).</strong></span> 
     </span>
    </p>
   </div>
   <div class='ocr_carea' id='block_1_8' title="bbox 497 2624 1235 2705">
    <p class='ocr_par' dir='ltr' id='par_1_11' title="bbox 497 2624 1235 2705">
     <span class='ocr_line' id='line_1_58' title="bbox 530 2624 1235 2660; baseline 0.001 -9"><span class='ocrx_word' id='word_1_270' title='bbox 530 2624 547 2651; x_wconf 77' lang='lat'>2</span> <span class='ocrx_word' id='word_1_271' title='bbox 567 2624 638 2652; x_wconf 84' lang='lat' dir='ltr'>Edit.</span> <span class='ocrx_word' id='word_1_272' title='bbox 656 2624 735 2652; x_wconf 78' lang='lat' dir='ltr'>Main.</span> <span class='ocrx_word' id='word_1_273' title='bbox 756 2624 821 2660; x_wconf 78' lang='lat' dir='ltr'>legit</span> <span class='ocrx_word' id='word_1_274' title='bbox 839 2629 952 2658; x_wconf 81' lang='lat' dir='ltr'>nostro;</span> <span class='ocrx_word' id='word_1_275' title='bbox 968 2625 1046 2653; x_wconf 85' lang='lat' dir='ltr'>nobis</span> <span class='ocrx_word' id='word_1_276' title='bbox 1061 2625 1235 2654; x_wconf 78' lang='lat' dir='ltr'>correctionis</span> 
     </span>
     <span class='ocr_line' id='line_1_59' title="bbox 497 2669 932 2705; baseline -0.002 -8"><span class='ocrx_word' id='word_1_277' title='bbox 497 2677 564 2705; x_wconf 86' lang='lat' dir='ltr'>opus</span> <span class='ocrx_word' id='word_1_278' title='bbox 579 2677 638 2697; x_wconf 85' lang='lat' dir='ltr'>csse</span> <span class='ocrx_word' id='word_1_279' title='bbox 659 2669 743 2697; x_wconf 83' lang='lat' dir='ltr'>visum</span> <span class='ocrx_word' id='word_1_280' title='bbox 764 2669 814 2696; x_wconf 79' lang='lat' dir='ltr'>suit</span> <span class='ocrx_word' id='word_1_281' title='bbox 831 2670 869 2704; x_wconf 87' lang='lat' dir='ltr'>(u.</span> <span class='ocrx_word' id='word_1_282' title='bbox 884 2669 932 2704; x_wconf 86' lang='lat' dir='ltr'>T.).</span> 
     </span>
    </p>
   </div>
   <div class='ocr_carea' id='block_1_9' title="bbox 1042 261 1400 289">
    <p class='ocr_par' dir='ltr' id='par_1_12' title="bbox 1042 261 1400 289">
     <span class='ocr_line' id='line_1_60' title="bbox 1042 261 1400 289; baseline -0.006 0"><span class='ocrx_word' id='word_1_283' title='bbox 1042 263 1221 289; x_wconf 64' lang='lat' dir='ltr'>nummum</span> <span class='ocrx_word' id='word_1_284' title='bbox 1245 261 1400 288; x_wconf 69' lang='lat' dir='ltr'>ROMANUM</span> 
     </span>
    </p>
   </div>
   <div class='ocr_carea' id='block_1_10' title="bbox 1249 307 1991 352">
    <p class='ocr_par' dir='ltr' id='par_1_13' title="bbox 1249 307 1991 352">
     <span class='ocr_line' id='line_1_61' title="bbox 1249 307 1991 352; baseline -0.004 -10"><span class='ocrx_word' id='word_1_285' title='bbox 1249 319 1362 342; x_wconf 88' lang='lat' dir='ltr'>munus</span> <span class='ocrx_word' id='word_1_286' title='bbox 1392 309 1572 342; x_wconf 89' lang='lat' dir='ltr'>huiusmodi</span> <span class='ocrx_word' id='word_1_287' title='bbox 1603 308 1658 342; x_wconf 85' lang='lat' dir='ltr'>tibi</span> <span class='ocrx_word' id='word_1_288' title='bbox 1688 307 1872 352; x_wconf 82' lang='lat' dir='ltr'>impendere</span> <span class='ocrx_word' id='word_1_289' title='bbox 1903 312 1932 340; x_wconf 84' lang='lat' dir='ltr'>et</span> <span class='ocrx_word' id='word_1_290' title='bbox 1958 311 1991 340; x_wconf 91' lang='lat' dir='ltr'>tu</span> 
     </span>
    </p>
   </div>
   <div class='ocr_carea' id='block_1_11' title="bbox 1232 360 1992 408">
    <p class='ocr_par' dir='ltr' id='par_1_14' title="bbox 1232 360 1992 408">
     <span class='ocr_line' id='line_1_62' title="bbox 1232 360 1992 408; baseline -0.003 -13"><span class='ocrx_word' id='word_1_291' title='bbox 1232 394 1233 408; x_wconf 23' lang='grc' dir='ltr'>ἶ</span> <span class='ocrx_word' id='word_1_292' title='bbox 1250 363 1326 396; x_wconf 89' lang='lat' dir='ltr'>illud</span> <span class='ocrx_word' id='word_1_293' title='bbox 1351 363 1512 407; x_wconf 78' lang='lat' dir='ltr'>suscipere</span> <span class='ocrx_word' id='word_1_294' title='bbox 1531 361 1820 407; x_wconf 79' lang='lat' dir='ltr'>praesumpseritis,</span> <span class='ocrx_word' id='word_1_295' title='bbox 1837 360 1920 394; x_wconf 88' lang='lat' dir='ltr'>idem</span> <span class='ocrx_word' id='word_1_296' title='bbox 1941 370 1992 393; x_wconf 89' lang='lat' dir='ltr'>an-</span> 
     </span>
    </p>
   </div>
   <div class='ocr_carea' id='block_1_12' title="bbox 1250 413 1994 513">
    <p class='ocr_par' dir='ltr' id='par_1_15' title="bbox 1250 413 1994 513">
     <span class='ocr_line' id='line_1_63' title="bbox 1250 413 1992 459; baseline -0.004 -11"><span class='ocrx_word' id='word_1_297' title='bbox 1250 415 1336 448; x_wconf 84' lang='lat' dir='ltr'>tistes</span> <span class='ocrx_word' id='word_1_298' title='bbox 1349 426 1366 447; x_wconf 88' lang='lat' dir='ltr'>a</span> <span class='ocrx_word' id='word_1_299' title='bbox 1385 415 1573 459; x_wconf 79' lang='lat' dir='ltr'>pontificalis</span> <span class='ocrx_word' id='word_1_300' title='bbox 1591 413 1684 448; x_wconf 86' lang='lat' dir='ltr'>officii</span> <span class='ocrx_word' id='word_1_301' title='bbox 1701 413 1862 454; x_wconf 79' lang='lat' dir='ltr'>exercitio,</span> <span class='ocrx_word' id='word_1_302' title='bbox 1879 419 1909 446; x_wconf 83' lang='lat' dir='ltr'>et</span> <span class='ocrx_word' id='word_1_303' title='bbox 1929 418 1992 445; x_wconf 85' lang='lat' dir='ltr'>tam</span> 
     </span>
     <span class='ocr_line' id='line_1_64' title="bbox 1251 465 1994 513; baseline -0.005 -11"><span class='ocrx_word' id='word_1_304' title='bbox 1251 469 1317 513; x_wconf 83' lang='lat' dir='ltr'>ipse</span> <span class='ocrx_word' id='word_1_305' title='bbox 1335 480 1429 513; x_wconf 89' lang='lat' dir='ltr'>quam</span> <span class='ocrx_word' id='word_1_306' title='bbox 1450 474 1482 502; x_wconf 87' lang='lat' dir='ltr'>tu</span> <span class='ocrx_word' id='word_1_307' title='bbox 1500 469 1539 502; x_wconf 87' lang='lat' dir='ltr'>ab</span> <span class='ocrx_word' id='word_1_308' title='bbox 1561 467 1831 502; x_wconf 77' lang='lat' dir='ltr'>administratione</span> <span class='ocrx_word' id='word_1_309' title='bbox 1849 472 1911 500; x_wconf 88' lang='lat' dir='ltr'>tam</span> <span class='ocrx_word' id='word_1_310' title='bbox 1933 465 1994 510; x_wconf 90' lang='lat' dir='ltr'>spi-</span> 
     </span>
    </p>
   </div>
   <div class='ocr_carea' id='block_1_13' title="bbox 1234 519 1994 566">
    <p class='ocr_par' dir='ltr' id='par_1_16' title="bbox 1234 519 1994 566">
     <span class='ocr_line' id='line_1_65' title="bbox 1234 519 1994 566; baseline -0.005 -11"><span class='ocrx_word' id='word_1_311' title='bbox 1234 521 1235 545; x_wconf 72' lang='lat'>1</span> <span class='ocrx_word' id='word_1_312' title='bbox 1252 522 1411 555; x_wconf 84' lang='lat' dir='ltr'>ritualium</span> <span class='ocrx_word' id='word_1_313' title='bbox 1437 533 1531 566; x_wconf 86' lang='lat' dir='ltr'>quam</span> <span class='ocrx_word' id='word_1_314' title='bbox 1548 520 1772 565; x_wconf 80' lang='lat' dir='ltr'>temporalium</span> <span class='ocrx_word' id='word_1_315' title='bbox 1789 519 1994 554; x_wconf 88' lang='lat' dir='ltr'>ecclesiarum</span> 
     </span>
    </p>
   </div>
   <div class='ocr_carea' id='block_1_14' title="bbox 1253 573 1996 884">
    <p class='ocr_par' dir='ltr' id='par_1_17' title="bbox 1253 573 1996 884">
     <span class='ocr_line' id='line_1_66' title="bbox 1253 573 1995 619; baseline -0.005 -11"><span class='ocrx_word' id='word_1_316' title='bbox 1253 580 1428 608; x_wconf 72' lang='lat' dir='ltr'>vestrarum</span> <span class='ocrx_word' id='word_1_317' title='bbox 1453 575 1597 619; x_wconf 82' lang='lat' dir='ltr'>suspensi</span> <span class='ocrx_word' id='word_1_318' title='bbox 1623 574 1691 607; x_wconf 88' lang='lat' dir='ltr'>sitis</span> <span class='ocrx_word' id='word_1_319' title='bbox 1714 584 1753 607; x_wconf 84' lang='lat' dir='ltr'>eo</span> <span class='ocrx_word' id='word_1_320' title='bbox 1776 573 1855 618; x_wconf 90' lang='lat' dir='ltr'>ipso.</span> <span class='ocrx_word' id='word_1_321' title='bbox 1874 573 1995 606; x_wconf 80' lang='lat' dir='ltr'>Praete-</span> 
     </span>
     <span class='ocr_line' id='line_1_67' title="bbox 1253 625 1995 670; baseline -0.005 -9"><span class='ocrx_word' id='word_1_322' title='bbox 1253 639 1306 661; x_wconf 87' lang='lat' dir='ltr'>rea</span> <span class='ocrx_word' id='word_1_323' title='bbox 1330 628 1424 661; x_wconf 91' lang='lat' dir='ltr'>etiam</span> <span class='ocrx_word' id='word_1_324' title='bbox 1449 628 1612 667; x_wconf 75' lang='lat' dir='ltr'>volumus,</span> <span class='ocrx_word' id='word_1_325' title='bbox 1637 626 1722 670; x_wconf 89' lang='lat' dir='ltr'>quod</span> <span class='ocrx_word' id='word_1_326' title='bbox 1753 626 1885 660; x_wconf 84' lang='lat' dir='ltr'>sormam</span> <span class='ocrx_word' id='word_1_327' title='bbox 1911 625 1995 658; x_wconf 80' lang='lat' dir='ltr'>iura-</span> 
     </span>
     <span class='ocr_line' id='line_1_68' title="bbox 1253 677 1996 724; baseline -0.004 -10"><span class='ocrx_word' id='word_1_328' title='bbox 1253 681 1348 715; x_wconf 84' lang='lat' dir='ltr'>menti</span> <span class='ocrx_word' id='word_1_329' title='bbox 1363 681 1553 721; x_wconf 89' lang='lat' dir='ltr'>huiusmodi,</span> <span class='ocrx_word' id='word_1_330' title='bbox 1570 692 1587 714; x_wconf 90' lang='lat' dir='ltr'>a</span> <span class='ocrx_word' id='word_1_331' title='bbox 1604 687 1633 713; x_wconf 89' lang='lat' dir='ltr'>te</span> <span class='ocrx_word' id='word_1_332' title='bbox 1650 686 1723 713; x_wconf 90' lang='lat' dir='ltr'>tunc</span> <span class='ocrx_word' id='word_1_333' title='bbox 1743 677 1996 724; x_wconf 85' lang='lat' dir='ltr'>praestiti,nohis</span> 
     </span>
     <span class='ocr_line' id='line_1_69' title="bbox 1253 734 1996 777; baseline -0.004 -10"><span class='ocrx_word' id='word_1_334' title='bbox 1253 735 1290 767; x_wconf 82' lang='lat' dir='ltr'>de</span> <span class='ocrx_word' id='word_1_335' title='bbox 1321 735 1418 768; x_wconf 72' lang='lat' dir='ltr'>verbo</span> <span class='ocrx_word' id='word_1_336' title='bbox 1449 735 1487 767; x_wconf 83' lang='lat' dir='ltr'>ad</span> <span class='ocrx_word' id='word_1_337' title='bbox 1517 734 1647 767; x_wconf 77' lang='lat' dir='ltr'>verbum</span> <span class='ocrx_word' id='word_1_338' title='bbox 1673 744 1731 777; x_wconf 91' lang='lat' dir='ltr'>per</span> <span class='ocrx_word' id='word_1_339' title='bbox 1755 738 1823 766; x_wconf 90' lang='lat' dir='ltr'>tuas</span> <span class='ocrx_word' id='word_1_340' title='bbox 1853 735 1996 776; x_wconf 88' lang='lat' dir='ltr'>patentes</span> 
     </span>
     <span class='ocr_line' id='line_1_70' title="bbox 1254 783 1994 830; baseline -0.004 -11"><span class='ocrx_word' id='word_1_341' title='bbox 1254 787 1374 821; x_wconf 84' lang='lat' dir='ltr'>litteras</span> <span class='ocrx_word' id='word_1_342' title='bbox 1399 791 1451 821; x_wconf 90' lang='lat' dir='ltr'>tuo</span> <span class='ocrx_word' id='word_1_343' title='bbox 1476 787 1580 830; x_wconf 74' lang='lat' dir='ltr'>sigillo</span> <span class='ocrx_word' id='word_1_344' title='bbox 1598 786 1734 819; x_wconf 87' lang='lat' dir='ltr'>munitas</span> <span class='ocrx_word' id='word_1_345' title='bbox 1751 795 1809 829; x_wconf 86' lang='lat' dir='ltr'>per</span> <span class='ocrx_word' id='word_1_346' title='bbox 1825 783 1994 829; x_wconf 88' lang='lat' dir='ltr'>proprium</span> 
     </span>
     <span class='ocr_line' id='line_1_71' title="bbox 1254 839 1995 884; baseline -0.004 -11"><span class='ocrx_word' id='word_1_347' title='bbox 1254 840 1404 873; x_wconf 88' lang='lat' dir='ltr'>nuncium</span> <span class='ocrx_word' id='word_1_348' title='bbox 1429 840 1640 884; x_wconf 84' lang='lat' dir='ltr'>quantocitius</span> <span class='ocrx_word' id='word_1_349' title='bbox 1659 839 1816 873; x_wconf 84' lang='lat' dir='ltr'>destinare</span> <span class='ocrx_word' id='word_1_350' title='bbox 1833 847 1995 883; x_wconf 88' lang='lat' dir='ltr'>procures.</span> 
     </span>
    </p>
   </div>
   <div class='ocr_carea' id='block_1_15' title="bbox 1300 883 2227 936">
    <p class='ocr_par' dir='ltr' id='par_1_18' title="bbox 1300 883 2227 936">
     <span class='ocr_line' id='line_1_72' title="bbox 1300 883 2227 936; baseline 0.001 -13"><span class='ocrx_word' id='word_1_351' title='bbox 1300 894 1315 936; x_wconf 73' lang='lat'>§</span> <span class='ocrx_word' id='word_1_352' title='bbox 1346 893 1376 926; x_wconf 68' lang='grc'>4,</span> <span class='ocrx_word' id='word_1_353' title='bbox 1408 894 1523 926; x_wconf 81' lang='lat' dir='ltr'>Forma</span> <span class='ocrx_word' id='word_1_354' title='bbox 1555 899 1659 927; x_wconf 85' lang='lat' dir='ltr'>autem</span> <span class='ocrx_word' id='word_1_355' title='bbox 1690 891 1879 932; x_wconf 83' lang='lat' dir='ltr'>iuramenti,</span> <span class='ocrx_word' id='word_1_356' title='bbox 1912 889 1998 935; x_wconf 88' lang='lat' dir='ltr'>quod</span> <span class='ocrx_word' id='word_1_357' title='bbox 2048 883 2227 924; x_wconf 40' lang='lat' dir='ltr'>romi-&#39;m&#39;</span> 
     </span>
    </p>
   </div>
   <div class='ocr_carea' id='block_1_16' title="bbox 1255 943 2002 1257">
    <p class='ocr_par' dir='ltr' id='par_1_19' title="bbox 1255 943 2002 1257">
     <span class='ocr_line' id='line_1_73' title="bbox 1255 943 1998 990; baseline -0.003 -11"><span class='ocrx_word' id='word_1_358' title='bbox 1255 947 1439 990; x_wconf 87' lang='lat' dir='ltr'>praestabis,</span> <span class='ocrx_word' id='word_1_359' title='bbox 1465 947 1541 980; x_wconf 84' lang='lat' dir='ltr'>haec</span> <span class='ocrx_word' id='word_1_360' title='bbox 1567 951 1628 979; x_wconf 89' lang='lat' dir='ltr'>est:</span> <span class='ocrx_word' id='word_1_361' title='bbox 1645 966 1689 971; x_wconf 94' lang='lat'>—</span> <span class='ocrx_word' id='word_1_362' title='bbox 1712 946 1779 989; x_wconf 79' lang='lat' dir='ltr'>Ego</span> <span class='ocrx_word' id='word_1_363' title='bbox 1804 944 1927 978; x_wconf 84' lang='lat' dir='ltr'>Marcus</span> <span class='ocrx_word' id='word_1_364' title='bbox 1949 943 1998 978; x_wconf 91' lang='lat' dir='ltr'>Si-</span> 
     </span>
     <span class='ocr_line' id='line_1_74' title="bbox 1257 997 1998 1042; baseline -0.001 -11"><span class='ocrx_word' id='word_1_365' title='bbox 1257 999 1336 1032; x_wconf 88' lang='lat' dir='ltr'>ticus</span> <span class='ocrx_word' id='word_1_366' title='bbox 1360 999 1477 1033; x_wconf 81' lang='lat' dir='ltr'>electus</span> <span class='ocrx_word' id='word_1_367' title='bbox 1501 998 1750 1042; x_wconf 78' lang='lat' dir='ltr'>Salisburgensis</span> <span class='ocrx_word' id='word_1_368' title='bbox 1773 998 1812 1031; x_wconf 88' lang='lat' dir='ltr'>ab</span> <span class='ocrx_word' id='word_1_369' title='bbox 1836 998 1895 1031; x_wconf 84' lang='lat' dir='ltr'>hae</span> <span class='ocrx_word' id='word_1_370' title='bbox 1918 997 1998 1031; x_wconf 79' lang='lat' dir='ltr'>hora</span> 
     </span>
     <span class='ocr_line' id='line_1_75' title="bbox 1257 1051 1999 1087; baseline -0.001 -2"><span class='ocrx_word' id='word_1_371' title='bbox 1257 1053 1288 1085; x_wconf 91' lang='lat' dir='ltr'>in</span> <span class='ocrx_word' id='word_1_372' title='bbox 1318 1058 1407 1086; x_wconf 88' lang='lat' dir='ltr'>antea</span> <span class='ocrx_word' id='word_1_373' title='bbox 1440 1053 1542 1086; x_wconf 87' lang='lat' dir='ltr'>tidelis</span> <span class='ocrx_word' id='word_1_374' title='bbox 1573 1057 1602 1087; x_wconf 84' lang='lat' dir='ltr'>et</span> <span class='ocrx_word' id='word_1_375' title='bbox 1633 1052 1786 1086; x_wconf 83' lang='lat' dir='ltr'>obediens</span> <span class='ocrx_word' id='word_1_376' title='bbox 1816 1061 1872 1085; x_wconf 89' lang='lat' dir='ltr'>ero</span> <span class='ocrx_word' id='word_1_377' title='bbox 1907 1051 1999 1084; x_wconf 89' lang='lat' dir='ltr'>beato</span> 
     </span>
     <span class='ocr_line' id='line_1_76' title="bbox 1257 1105 2000 1150; baseline -0.003 -11"><span class='ocrx_word' id='word_1_378' title='bbox 1257 1107 1367 1147; x_wconf 85' lang='lat' dir='ltr'>Petro,</span> <span class='ocrx_word' id='word_1_379' title='bbox 1393 1110 1579 1150; x_wconf 65' lang='lat' dir='ltr'>siuictaeque</span> <span class='ocrx_word' id='word_1_380' title='bbox 1611 1105 1810 1149; x_wconf 78' lang='lat' dir='ltr'>Apostolicae</span> <span class='ocrx_word' id='word_1_381' title='bbox 1840 1105 2000 1138; x_wconf 84' lang='lat' dir='ltr'>Romanae</span> 
     </span>
     <span class='ocr_line' id='line_1_77' title="bbox 1258 1157 2002 1201; baseline -0.004 -8"><span class='ocrx_word' id='word_1_382' title='bbox 1258 1159 1426 1201; x_wconf 81' lang='lat' dir='ltr'>Ecclesiae,</span> <span class='ocrx_word' id='word_1_383' title='bbox 1438 1170 1473 1192; x_wconf 87' lang='lat' dir='ltr'>ae</span> <span class='ocrx_word' id='word_1_384' title='bbox 1488 1159 1621 1193; x_wconf 87' lang='lat' dir='ltr'>Domino</span> <span class='ocrx_word' id='word_1_385' title='bbox 1635 1164 1745 1191; x_wconf 88' lang='lat' dir='ltr'>nostro</span> <span class='ocrx_word' id='word_1_386' title='bbox 1757 1157 1892 1192; x_wconf 90' lang='lat' dir='ltr'>Domino</span> <span class='ocrx_word' id='word_1_387' title='bbox 1905 1157 2002 1190; x_wconf 89' lang='lat' dir='ltr'>Paulo</span> 
     </span>
     <span class='ocr_line' id='line_1_78' title="bbox 1258 1211 2002 1257; baseline -0.004 -10"><span class='ocrx_word' id='word_1_388' title='bbox 1258 1214 1313 1247; x_wconf 63' lang='grc' dir='ltr'><strong>ΡΙ).</strong></span> <span class='ocrx_word' id='word_1_389' title='bbox 1341 1214 1362 1246; x_wconf 77' lang='lat' dir='ltr'>V</span> <span class='ocrx_word' id='word_1_390' title='bbox 1387 1214 1512 1257; x_wconf 84' lang='lat' dir='ltr'>suisque</span> <span class='ocrx_word' id='word_1_391' title='bbox 1537 1212 1773 1246; x_wconf 88' lang='lat' dir='ltr'>successoribus</span> <span class='ocrx_word' id='word_1_392' title='bbox 1789 1211 1938 1245; x_wconf 84' lang='lat' dir='ltr'>canonice</span> <span class='ocrx_word' id='word_1_393' title='bbox 1955 1211 2002 1244; x_wconf 92' lang='lat' dir='ltr'>in-</span> 
     </span>
    </p>
   </div>
   <div class='ocr_carea' id='block_1_17' title="bbox 1241 1266 2004 1309">
    <p class='ocr_par' dir='ltr' id='par_1_20' title="bbox 1241 1266 2004 1309">
     <span class='ocr_line' id='line_1_79' title="bbox 1241 1266 2004 1309; baseline -0.004 -8"><span class='ocrx_word' id='word_1_394' title='bbox 1241 1266 1428 1309; x_wconf 81' lang='lat' dir='ltr'>&#39;trantibus;</span> <span class='ocrx_word' id='word_1_395' title='bbox 1453 1279 1516 1302; x_wconf 89' lang='lat' dir='ltr'>non</span> <span class='ocrx_word' id='word_1_396' title='bbox 1541 1279 1596 1301; x_wconf 89' lang='lat' dir='ltr'>ero</span> <span class='ocrx_word' id='word_1_397' title='bbox 1622 1268 1653 1301; x_wconf 92' lang='lat' dir='ltr'>in</span> <span class='ocrx_word' id='word_1_398' title='bbox 1684 1267 1834 1307; x_wconf 90' lang='lat' dir='ltr'>consilio,</span> <span class='ocrx_word' id='word_1_399' title='bbox 1857 1271 1909 1300; x_wconf 87' lang='lat' dir='ltr'>aut</span> <span class='ocrx_word' id='word_1_400' title='bbox 1933 1275 2004 1300; x_wconf 90' lang='lat' dir='ltr'>con-</span> 
     </span>
    </p>
   </div>
   <div class='ocr_carea' id='block_1_18' title="bbox 1259 1320 2013 2707">
    <p class='ocr_par' dir='ltr' id='par_1_21' title="bbox 1259 1320 2013 2599">
     <span class='ocr_line' id='line_1_80' title="bbox 1259 1320 2000 1364; baseline -0.004 -8"><span class='ocrx_word' id='word_1_401' title='bbox 1259 1334 1369 1363; x_wconf 87' lang='lat' dir='ltr'>sensu,</span> <span class='ocrx_word' id='word_1_402' title='bbox 1396 1323 1441 1355; x_wconf 72' lang='lat' dir='ltr'>rel</span> <span class='ocrx_word' id='word_1_403' title='bbox 1472 1323 1569 1362; x_wconf 64' lang='lat' dir='ltr'>sacto,</span> <span class='ocrx_word' id='word_1_404' title='bbox 1595 1327 1625 1354; x_wconf 93' lang='lat' dir='ltr'>ut</span> <span class='ocrx_word' id='word_1_405' title='bbox 1657 1321 1752 1354; x_wconf 71' lang='lat' dir='ltr'>vitam</span> <span class='ocrx_word' id='word_1_406' title='bbox 1786 1320 1920 1364; x_wconf 87' lang='lat' dir='ltr'>perdant</span> <span class='ocrx_word' id='word_1_407' title='bbox 1951 1326 2000 1353; x_wconf 87' lang='lat' dir='ltr'>aut</span> 
     </span>
     <span class='ocr_line' id='line_1_81' title="bbox 1260 1373 2004 1420; baseline -0.003 -11"><span class='ocrx_word' id='word_1_408' title='bbox 1260 1377 1448 1416; x_wconf 86' lang='lat' dir='ltr'>membrum,</span> <span class='ocrx_word' id='word_1_409' title='bbox 1472 1387 1526 1409; x_wconf 76' lang='lat' dir='ltr'>scu</span> <span class='ocrx_word' id='word_1_410' title='bbox 1551 1376 1717 1420; x_wconf 85' lang='lat' dir='ltr'>capiantur</span> <span class='ocrx_word' id='word_1_411' title='bbox 1741 1375 1823 1408; x_wconf 76' lang='lat' dir='ltr'>mala</span> <span class='ocrx_word' id='word_1_412' title='bbox 1848 1373 2004 1418; x_wconf 78' lang='lat' dir='ltr'>captione,</span> 
     </span>
     <span class='ocr_line' id='line_1_82' title="bbox 1260 1427 2006 1472; baseline 0 -10"><span class='ocrx_word' id='word_1_413' title='bbox 1260 1435 1311 1463; x_wconf 87' lang='lat' dir='ltr'>aut</span> <span class='ocrx_word' id='word_1_414' title='bbox 1338 1430 1368 1463; x_wconf 93' lang='lat' dir='ltr'>in</span> <span class='ocrx_word' id='word_1_415' title='bbox 1393 1441 1447 1463; x_wconf 80' lang='lat' dir='ltr'>cos</span> <span class='ocrx_word' id='word_1_416' title='bbox 1465 1429 1618 1463; x_wconf 68' lang='lat' dir='ltr'>violenter</span> <span class='ocrx_word' id='word_1_417' title='bbox 1638 1438 1750 1461; x_wconf 88' lang='lat' dir='ltr'>manus</span> <span class='ocrx_word' id='word_1_418' title='bbox 1769 1427 2006 1472; x_wconf 85' lang='lat' dir='ltr'>quomodolibet</span> 
     </span>
     <span class='ocr_line' id='line_1_83' title="bbox 1262 1482 2006 1526; baseline -0.001 -10"><span class='ocrx_word' id='word_1_419' title='bbox 1262 1483 1456 1525; x_wconf 72' lang='lat' dir='ltr'>ingerantur,</span> <span class='ocrx_word' id='word_1_420' title='bbox 1476 1483 1523 1516; x_wconf 72' lang='lat' dir='ltr'>rel</span> <span class='ocrx_word' id='word_1_421' title='bbox 1541 1483 1674 1516; x_wconf 86' lang='lat' dir='ltr'>iniuriae</span> <span class='ocrx_word' id='word_1_422' title='bbox 1691 1482 1814 1526; x_wconf 81' lang='lat' dir='ltr'>aliquae</span> <span class='ocrx_word' id='word_1_423' title='bbox 1833 1482 2006 1516; x_wconf 87' lang='lat' dir='ltr'>inserantur</span> 
     </span>
     <span class='ocr_line' id='line_1_84' title="bbox 1260 1535 2006 1581; baseline 0 -11"><span class='ocrx_word' id='word_1_424' title='bbox 1260 1537 1372 1581; x_wconf 73' lang='lat' dir='ltr'>quovis</span> <span class='ocrx_word' id='word_1_425' title='bbox 1396 1537 1538 1581; x_wconf 83' lang='lat' dir='ltr'>quaesito</span> <span class='ocrx_word' id='word_1_426' title='bbox 1570 1536 1693 1570; x_wconf 86' lang='lat' dir='ltr'>colore:</span> <span class='ocrx_word' id='word_1_427' title='bbox 1720 1535 1887 1569; x_wconf 84' lang='lat' dir='ltr'>consilium</span> <span class='ocrx_word' id='word_1_428' title='bbox 1921 1545 2006 1576; x_wconf 80' lang='lat' dir='ltr'>vero,</span> 
     </span>
     <span class='ocr_line' id='line_1_85' title="bbox 1261 1590 2005 1634; baseline -0.001 -11"><span class='ocrx_word' id='word_1_429' title='bbox 1261 1591 1346 1634; x_wconf 81' lang='lat' dir='ltr'>quod</span> <span class='ocrx_word' id='word_1_430' title='bbox 1380 1590 1456 1623; x_wconf 90' lang='lat' dir='ltr'>mihi</span> <span class='ocrx_word' id='word_1_431' title='bbox 1491 1590 1642 1624; x_wconf 80' lang='lat' dir='ltr'>credituri</span> <span class='ocrx_word' id='word_1_432' title='bbox 1677 1594 1747 1624; x_wconf 87' lang='lat' dir='ltr'>sunt</span> <span class='ocrx_word' id='word_1_433' title='bbox 1787 1600 1845 1634; x_wconf 89' lang='lat' dir='ltr'>per</span> <span class='ocrx_word' id='word_1_434' title='bbox 1885 1599 1918 1623; x_wconf 85' lang='lat' dir='ltr'>sc</span> <span class='ocrx_word' id='word_1_435' title='bbox 1953 1594 2005 1622; x_wconf 87' lang='lat' dir='ltr'>aut</span> 
     </span>
     <span class='ocr_line' id='line_1_86' title="bbox 1262 1643 2006 1685; baseline -0.003 -8"><span class='ocrx_word' id='word_1_436' title='bbox 1262 1645 1393 1678; x_wconf 86' lang='lat' dir='ltr'>nuncios</span> <span class='ocrx_word' id='word_1_437' title='bbox 1417 1655 1472 1678; x_wconf 88' lang='lat' dir='ltr'>seu</span> <span class='ocrx_word' id='word_1_438' title='bbox 1497 1645 1626 1685; x_wconf 83' lang='lat' dir='ltr'>litteras,</span> <span class='ocrx_word' id='word_1_439' title='bbox 1655 1644 1693 1677; x_wconf 86' lang='lat' dir='ltr'>ad</span> <span class='ocrx_word' id='word_1_440' title='bbox 1719 1654 1830 1677; x_wconf 90' lang='lat' dir='ltr'>corum</span> <span class='ocrx_word' id='word_1_441' title='bbox 1855 1643 2006 1676; x_wconf 87' lang='lat' dir='ltr'>damnum</span> 
     </span>
     <span class='ocr_line' id='line_1_87' title="bbox 1263 1697 2007 1743; baseline -0.001 -12"><span class='ocrx_word' id='word_1_442' title='bbox 1263 1710 1312 1732; x_wconf 92' lang='lat' dir='ltr'>me</span> <span class='ocrx_word' id='word_1_443' title='bbox 1338 1699 1454 1732; x_wconf 86' lang='lat' dir='ltr'>sciente</span> <span class='ocrx_word' id='word_1_444' title='bbox 1471 1699 1589 1731; x_wconf 88' lang='lat' dir='ltr'>nemini</span> <span class='ocrx_word' id='word_1_445' title='bbox 1608 1698 1760 1743; x_wconf 86' lang='lat' dir='ltr'>pandam:</span> <span class='ocrx_word' id='word_1_446' title='bbox 1778 1698 1929 1742; x_wconf 75' lang='lat' dir='ltr'>l‘apatum</span> <span class='ocrx_word' id='word_1_447' title='bbox 1949 1697 2007 1731; x_wconf 88' lang='lat' dir='ltr'>Ro-</span> 
     </span>
     <span class='ocr_line' id='line_1_88' title="bbox 1264 1749 2008 1795; baseline -0.001 -10"><span class='ocrx_word' id='word_1_448' title='bbox 1264 1763 1391 1785; x_wconf 67' lang='lat' dir='ltr'>mimum</span> <span class='ocrx_word' id='word_1_449' title='bbox 1422 1757 1452 1785; x_wconf 93' lang='lat' dir='ltr'>et</span> <span class='ocrx_word' id='word_1_450' title='bbox 1482 1751 1600 1795; x_wconf 74' lang='lat' dir='ltr'>regalia</span> <span class='ocrx_word' id='word_1_451' title='bbox 1632 1751 1730 1786; x_wconf 87' lang='lat' dir='ltr'>sancti</span> <span class='ocrx_word' id='word_1_452' title='bbox 1763 1750 1845 1784; x_wconf 78' lang='lat' dir='ltr'>Petri</span> <span class='ocrx_word' id='word_1_453' title='bbox 1883 1749 2008 1784; x_wconf 87' lang='lat' dir='ltr'>adiutor</span> 
     </span>
     <span class='ocr_line' id='line_1_89' title="bbox 1263 1802 2007 1839; baseline -0.003 -1"><span class='ocrx_word' id='word_1_454' title='bbox 1263 1806 1308 1839; x_wconf 83' lang='lat' dir='ltr'>eis</span> <span class='ocrx_word' id='word_1_455' title='bbox 1332 1815 1388 1838; x_wconf 93' lang='lat' dir='ltr'>ero</span> <span class='ocrx_word' id='word_1_456' title='bbox 1412 1805 1449 1837; x_wconf 86' lang='lat' dir='ltr'>ad</span> <span class='ocrx_word' id='word_1_457' title='bbox 1486 1804 1684 1838; x_wconf 83' lang='lat' dir='ltr'>retinendum</span> <span class='ocrx_word' id='word_1_458' title='bbox 1716 1808 1746 1838; x_wconf 86' lang='lat' dir='ltr'>et</span> <span class='ocrx_word' id='word_1_459' title='bbox 1777 1802 2007 1837; x_wconf 80' lang='lat' dir='ltr'>defendendum</span> 
     </span>
     <span class='ocr_line' id='line_1_90' title="bbox 1265 1856 2010 1900; baseline -0.003 -8"><span class='ocrx_word' id='word_1_460' title='bbox 1265 1864 1373 1892; x_wconf 88' lang='lat' dir='ltr'>contra</span> <span class='ocrx_word' id='word_1_461' title='bbox 1387 1867 1512 1891; x_wconf 86' lang='lat' dir='ltr'>omnem</span> <span class='ocrx_word' id='word_1_462' title='bbox 1529 1857 1709 1891; x_wconf 88' lang='lat' dir='ltr'>hominem:</span> <span class='ocrx_word' id='word_1_463' title='bbox 1727 1858 1865 1900; x_wconf 79' lang='lat' dir='ltr'>legatum</span> <span class='ocrx_word' id='word_1_464' title='bbox 1878 1856 2010 1900; x_wconf 83' lang='lat' dir='ltr'>Aposto-</span> 
     </span>
     <span class='ocr_line' id='line_1_91' title="bbox 1265 1909 2009 1945; baseline -0.001 -1"><span class='ocrx_word' id='word_1_465' title='bbox 1265 1911 1342 1944; x_wconf 83' lang='lat' dir='ltr'>licac</span> <span class='ocrx_word' id='word_1_466' title='bbox 1367 1911 1455 1945; x_wconf 85' lang='lat' dir='ltr'>Sedis</span> <span class='ocrx_word' id='word_1_467' title='bbox 1481 1911 1510 1944; x_wconf 88' lang='lat' dir='ltr'>in</span> <span class='ocrx_word' id='word_1_468' title='bbox 1536 1911 1640 1944; x_wconf 87' lang='lat' dir='ltr'>eundo</span> <span class='ocrx_word' id='word_1_469' title='bbox 1665 1917 1693 1943; x_wconf 85' lang='lat' dir='ltr'>et</span> <span class='ocrx_word' id='word_1_470' title='bbox 1726 1909 1888 1943; x_wconf 84' lang='lat' dir='ltr'>redeundo</span> <span class='ocrx_word' id='word_1_471' title='bbox 1912 1909 2009 1944; x_wconf 92' lang='lat' dir='ltr'>hono-</span> 
     </span>
     <span class='ocr_line' id='line_1_92' title="bbox 1265 1962 2010 2005; baseline -0.001 -8"><span class='ocrx_word' id='word_1_472' title='bbox 1265 1965 1353 1997; x_wconf 86' lang='lat' dir='ltr'>rilice</span> <span class='ocrx_word' id='word_1_473' title='bbox 1378 1965 1518 1998; x_wconf 84' lang='lat' dir='ltr'>tractabo</span> <span class='ocrx_word' id='word_1_474' title='bbox 1533 1992 1540 2005; x_wconf 95' lang='lat'>,</span> <span class='ocrx_word' id='word_1_475' title='bbox 1565 1970 1592 1997; x_wconf 91' lang='lat' dir='ltr'>et</span> <span class='ocrx_word' id='word_1_476' title='bbox 1621 1964 1650 1997; x_wconf 91' lang='lat' dir='ltr'>iu</span> <span class='ocrx_word' id='word_1_477' title='bbox 1682 1963 1746 1997; x_wconf 83' lang='lat' dir='ltr'>suis</span> <span class='ocrx_word' id='word_1_478' title='bbox 1770 1962 2010 1997; x_wconf 84' lang='lat' dir='ltr'>necessitatibus</span> 
     </span>
     <span class='ocr_line' id='line_1_93' title="bbox 1266 2016 2011 2061; baseline -0.003 -10"><span class='ocrx_word' id='word_1_479' title='bbox 1266 2018 1439 2052; x_wconf 70' lang='lat' dir='ltr'>adiuvabo:</span> <span class='ocrx_word' id='word_1_480' title='bbox 1472 2018 1561 2057; x_wconf 86' lang='lat' dir='ltr'>iura,</span> <span class='ocrx_word' id='word_1_481' title='bbox 1593 2018 1753 2058; x_wconf 89' lang='lat' dir='ltr'>honores,</span> <span class='ocrx_word' id='word_1_482' title='bbox 1783 2016 1948 2061; x_wconf 75' lang='lat' dir='ltr'>privilegia</span> <span class='ocrx_word' id='word_1_483' title='bbox 1979 2020 2011 2050; x_wconf 87' lang='lat' dir='ltr'>et</span> 
     </span>
     <span class='ocr_line' id='line_1_94' title="bbox 1267 2069 2008 2111; baseline -0.003 -6"><span class='ocrx_word' id='word_1_484' title='bbox 1267 2072 1484 2106; x_wconf 66' lang='lat' dir='ltr'>auctoritatem</span> <span class='ocrx_word' id='word_1_485' title='bbox 1515 2072 1671 2105; x_wconf 74' lang='lat' dir='ltr'>llomanae</span> <span class='ocrx_word' id='word_1_486' title='bbox 1697 2070 1866 2111; x_wconf 80' lang='lat' dir='ltr'>Ecclesiae,</span> <span class='ocrx_word' id='word_1_487' title='bbox 1883 2069 2008 2104; x_wconf 89' lang='lat' dir='ltr'>Domini</span> 
     </span>
     <span class='ocr_line' id='line_1_95' title="bbox 1267 2124 2009 2170; baseline -0.004 -11"><span class='ocrx_word' id='word_1_488' title='bbox 1267 2126 1365 2159; x_wconf 83' lang='lat' dir='ltr'>nostri</span> <span class='ocrx_word' id='word_1_489' title='bbox 1381 2126 1493 2170; x_wconf 81' lang='lat' dir='ltr'>Papae,</span> <span class='ocrx_word' id='word_1_490' title='bbox 1508 2132 1534 2159; x_wconf 88' lang='lat' dir='ltr'>et</span> <span class='ocrx_word' id='word_1_491' title='bbox 1554 2135 1772 2159; x_wconf 84' lang='lat' dir='ltr'>successorum</span> <span class='ocrx_word' id='word_1_492' title='bbox 1794 2124 2009 2169; x_wconf 84' lang='lat' dir='ltr'>praefatorum</span> 
     </span>
     <span class='ocr_line' id='line_1_96' title="bbox 1267 2179 2012 2222; baseline -0.001 -10"><span class='ocrx_word' id='word_1_493' title='bbox 1267 2190 1455 2213; x_wconf 73' lang='lat' dir='ltr'>conservare,</span> <span class='ocrx_word' id='word_1_494' title='bbox 1479 2185 1506 2213; x_wconf 86' lang='lat' dir='ltr'>et</span> <span class='ocrx_word' id='word_1_495' title='bbox 1533 2179 1719 2219; x_wconf 79' lang='lat' dir='ltr'>defendere,</span> <span class='ocrx_word' id='word_1_496' title='bbox 1744 2188 1860 2221; x_wconf 82' lang='lat' dir='ltr'>augere</span> <span class='ocrx_word' id='word_1_497' title='bbox 1884 2182 1915 2211; x_wconf 91' lang='lat' dir='ltr'>et</span> <span class='ocrx_word' id='word_1_498' title='bbox 1938 2188 2012 2222; x_wconf 83' lang='lat' dir='ltr'>pro-</span> 
     </span>
     <span class='ocr_line' id='line_1_97' title="bbox 1268 2231 2012 2271; baseline -0.003 -5"><span class='ocrx_word' id='word_1_499' title='bbox 1268 2243 1394 2266; x_wconf 74' lang='lat' dir='ltr'>morcre</span> <span class='ocrx_word' id='word_1_500' title='bbox 1419 2233 1552 2266; x_wconf 86' lang='lat' dir='ltr'>curabo:</span> <span class='ocrx_word' id='word_1_501' title='bbox 1578 2243 1640 2266; x_wconf 91' lang='lat' dir='ltr'>non</span> <span class='ocrx_word' id='word_1_502' title='bbox 1665 2243 1721 2265; x_wconf 86' lang='lat' dir='ltr'>ero</span> <span class='ocrx_word' id='word_1_503' title='bbox 1746 2231 1778 2265; x_wconf 89' lang='lat' dir='ltr'>in</span> <span class='ocrx_word' id='word_1_504' title='bbox 1804 2231 1946 2271; x_wconf 87' lang='lat' dir='ltr'>consilio,</span> <span class='ocrx_word' id='word_1_505' title='bbox 1970 2231 2012 2264; x_wconf 89' lang='lat' dir='ltr'>sa-</span> 
     </span>
     <span class='ocr_line' id='line_1_98' title="bbox 1268 2285 2010 2331; baseline -0.003 -12"><span class='ocrx_word' id='word_1_506' title='bbox 1268 2292 1318 2320; x_wconf 80' lang='lat' dir='ltr'>cto</span> <span class='ocrx_word' id='word_1_507' title='bbox 1345 2287 1391 2319; x_wconf 66' lang='lat' dir='ltr'>rel</span> <span class='ocrx_word' id='word_1_508' title='bbox 1419 2291 1562 2328; x_wconf 80' lang='lat' dir='ltr'>tractatu,</span> <span class='ocrx_word' id='word_1_509' title='bbox 1581 2287 1611 2319; x_wconf 92' lang='lat' dir='ltr'>in</span> <span class='ocrx_word' id='word_1_510' title='bbox 1636 2286 1750 2331; x_wconf 84' lang='lat' dir='ltr'>quibus</span> <span class='ocrx_word' id='word_1_511' title='bbox 1774 2290 1884 2319; x_wconf 86' lang='lat' dir='ltr'>contra</span> <span class='ocrx_word' id='word_1_512' title='bbox 1907 2285 2010 2329; x_wconf 86' lang='lat' dir='ltr'>ipsum</span> 
     </span>
     <span class='ocr_line' id='line_1_99' title="bbox 1268 2338 2008 2373; baseline -0.001 0"><span class='ocrx_word' id='word_1_513' title='bbox 1268 2341 1433 2373; x_wconf 85' lang='lat' dir='ltr'>Dominum</span> <span class='ocrx_word' id='word_1_514' title='bbox 1471 2346 1614 2373; x_wconf 88' lang='lat' dir='ltr'>nostrum</span> <span class='ocrx_word' id='word_1_515' title='bbox 1646 2340 1693 2372; x_wconf 77' lang='lat' dir='ltr'>rel</span> <span class='ocrx_word' id='word_1_516' title='bbox 1722 2338 1865 2372; x_wconf 81' lang='lat' dir='ltr'>eamdem</span> <span class='ocrx_word' id='word_1_517' title='bbox 1891 2339 2008 2373; x_wconf 81' lang='lat' dir='ltr'>Roma-</span> 
     </span>
     <span class='ocr_line' id='line_1_100' title="bbox 1267 2393 2011 2438; baseline -0.001 -11"><span class='ocrx_word' id='word_1_518' title='bbox 1267 2405 1338 2427; x_wconf 89' lang='lat' dir='ltr'>nam</span> <span class='ocrx_word' id='word_1_519' title='bbox 1365 2395 1537 2428; x_wconf 80' lang='lat' dir='ltr'>Ecclesiam</span> <span class='ocrx_word' id='word_1_520' title='bbox 1562 2394 1667 2438; x_wconf 88' lang='lat' dir='ltr'>aliqua</span> <span class='ocrx_word' id='word_1_521' title='bbox 1692 2393 1817 2427; x_wconf 86' lang='lat' dir='ltr'>sinistra</span> <span class='ocrx_word' id='word_1_522' title='bbox 1846 2393 1893 2426; x_wconf 71' lang='lat' dir='ltr'>rel</span> <span class='ocrx_word' id='word_1_523' title='bbox 1919 2403 2011 2437; x_wconf 87' lang='lat' dir='ltr'>prae-</span> 
     </span>
     <span class='ocr_line' id='line_1_101' title="bbox 1268 2446 2013 2492; baseline -0.003 -11"><span class='ocrx_word' id='word_1_524' title='bbox 1268 2449 1426 2482; x_wconf 83' lang='lat' dir='ltr'>iudiciatia</span> <span class='ocrx_word' id='word_1_525' title='bbox 1443 2446 1670 2492; x_wconf 85' lang='lat' dir='ltr'>personaliter¹</span> <span class='ocrx_word' id='word_1_526' title='bbox 1689 2447 1776 2488; x_wconf 89' lang='lat' dir='ltr'>iuris,</span> <span class='ocrx_word' id='word_1_527' title='bbox 1793 2446 1935 2486; x_wconf 87' lang='lat' dir='ltr'>honoris,</span> <span class='ocrx_word' id='word_1_528' title='bbox 1955 2451 2013 2480; x_wconf 88' lang='lat' dir='ltr'>sta-</span> 
     </span>
     <span class='ocr_line' id='line_1_102' title="bbox 1269 2499 2012 2546; baseline -0.005 -10"><span class='ocrx_word' id='word_1_529' title='bbox 1269 2506 1318 2536; x_wconf 85' lang='lat' dir='ltr'>tus</span> <span class='ocrx_word' id='word_1_530' title='bbox 1344 2508 1371 2535; x_wconf 85' lang='lat' dir='ltr'>ct</span> <span class='ocrx_word' id='word_1_531' title='bbox 1399 2502 1561 2546; x_wconf 88' lang='lat' dir='ltr'>potestatis</span> <span class='ocrx_word' id='word_1_532' title='bbox 1585 2512 1695 2535; x_wconf 88' lang='lat' dir='ltr'>eorum</span> <span class='ocrx_word' id='word_1_533' title='bbox 1720 2499 1951 2540; x_wconf 88' lang='lat' dir='ltr'>machinentur,</span> <span class='ocrx_word' id='word_1_534' title='bbox 1971 2504 2012 2540; x_wconf 87' lang='lat' dir='ltr'>et,</span> 
     </span>
     <span class='ocr_line' id='line_1_103' title="bbox 1269 2554 2012 2599; baseline -0.004 -10"><span class='ocrx_word' id='word_1_535' title='bbox 1269 2556 1293 2589; x_wconf 88' lang='lat' dir='ltr'>si</span> <span class='ocrx_word' id='word_1_536' title='bbox 1319 2556 1392 2588; x_wconf 85' lang='lat' dir='ltr'>talia</span> <span class='ocrx_word' id='word_1_537' title='bbox 1410 2567 1426 2588; x_wconf 88' lang='lat' dir='ltr'>a</span> <span class='ocrx_word' id='word_1_538' title='bbox 1444 2555 1693 2599; x_wconf 88' lang='lat' dir='ltr'>quibuscumque</span> <span class='ocrx_word' id='word_1_539' title='bbox 1711 2554 1876 2598; x_wconf 89' lang='lat' dir='ltr'>procurari</span> <span class='ocrx_word' id='word_1_540' title='bbox 1894 2563 2012 2587; x_wconf 84' lang='lat' dir='ltr'>novero</span> 
     </span>
    </p>

    <p class='ocr_par' dir='ltr' id='par_1_22' title="bbox 1268 2625 2012 2707">
     <span class='ocr_line' id='line_1_104' title="bbox 1307 2625 2012 2660; baseline -0.001 -8"><span class='ocrx_word' id='word_1_541' title='bbox 1307 2628 1314 2652; x_wconf 90' lang='grc'>1</span> <span class='ocrx_word' id='word_1_542' title='bbox 1349 2626 1418 2653; x_wconf 66' lang='lat' dir='ltr'>liner</span> <span class='ocrx_word' id='word_1_543' title='bbox 1446 2634 1495 2652; x_wconf 74' lang='lat' dir='ltr'>vox</span> <span class='ocrx_word' id='word_1_544' title='bbox 1524 2625 1718 2660; x_wconf 65' lang='lat' dir='ltr'>personaliter</span> <span class='ocrx_word' id='word_1_545' title='bbox 1744 2633 1794 2652; x_wconf 86' lang='lat' dir='ltr'>uon</span> <span class='ocrx_word' id='word_1_546' title='bbox 1820 2625 1930 2652; x_wconf 84' lang='lat' dir='ltr'>omnino</span> <span class='ocrx_word' id='word_1_547' title='bbox 1950 2627 2012 2660; x_wconf 85' lang='lat' dir='ltr'>apta</span> 
     </span>
     <span class='ocr_line' id='line_1_105' title="bbox 1268 2671 1496 2707; baseline -0.004 -9"><span class='ocrx_word' id='word_1_548' title='bbox 1268 2671 1372 2698; x_wconf 72' lang='lat' dir='ltr'>ridetur</span> <span class='ocrx_word' id='word_1_549' title='bbox 1387 2679 1425 2707; x_wconf 52' lang='grc' dir='ltr'>μὴ,</span> <span class='ocrx_word' id='word_1_550' title='bbox 1447 2674 1496 2705; x_wconf 81' lang='lat' dir='ltr'>T.).</span> 
     </span>
    </p>
   </div>
   <div class='ocr_carea' id='block_1_19' title="bbox 2191 0 2257 169">
    <p class='ocr_par' dir='ltr' id='par_1_23' title="bbox 2191 0 2257 169">
     <span class='ocr_line' id='line_1_106' title="bbox 2191 0 2257 169; baseline 0 -76"><span class='ocrx_word' id='word_1_551' title='bbox 2191 0 2257 169; x_wconf 45' lang='grc' dir='ltr'><em>ξ</em></span> 
     </span>
    </p>
   </div>
   <div class='ocr_carea' id='block_1_20' title="bbox 2201 170 2250 231">
    <p class='ocr_par' dir='ltr' id='par_1_24' title="bbox 2201 170 2250 231">
     <span class='ocr_line' id='line_1_107' title="bbox 2201 170 2250 231; baseline 0 0"><span class='ocrx_word' id='word_1_552' title='bbox 2201 170 2250 231; x_wconf 69' lang='grc' dir='ltr'>ὶέ</span> 
     </span>
    </p>
   </div>
   <div class='ocr_carea' id='block_1_21' title="bbox 2002 257 2188 305">
    <p class='ocr_par' dir='ltr' id='par_1_25' title="bbox 2002 257 2188 305">
     <span class='ocr_line' id='line_1_108' title="bbox 2002 257 2188 305; baseline 0 -19"><span class='ocrx_word' id='word_1_553' title='bbox 2002 258 2053 287; x_wconf 69' lang='lat' dir='ltr'>An.</span> <span class='ocrx_word' id='word_1_554' title='bbox 2073 257 2103 286; x_wconf 86' lang='lat' dir='ltr'>c.</span> <span class='ocrx_word' id='word_1_555' title='bbox 2119 257 2188 305; x_wconf 60' lang='lat'>¹⁶¹?</span> 
     </span>
    </p>
   </div>
   <div class='ocr_carea' id='block_1_22' title="bbox 2012 927 2210 952">
    <p class='ocr_par' dir='ltr' id='par_1_26' title="bbox 2012 927 2210 952">
     <span class='ocr_line' id='line_1_109' title="bbox 2012 927 2210 952; baseline 0.01 -2"><span class='ocrx_word' id='word_1_556' title='bbox 2012 929 2077 951; x_wconf 75' lang='lat' dir='ltr'>menti</span> <span class='ocrx_word' id='word_1_557' title='bbox 2083 927 2198 952; x_wconf 72' lang='lat' dir='ltr'>fidetim‘u.</span> <span class='ocrx_word' id='word_1_558' title='bbox 2207 927 2210 930; x_wconf 71' lang='grc'><strong>’</strong></span> 
     </span>
    </p>
   </div>
   <div class='ocr_carea' id='block_1_23' title="bbox 2201 261 2293 3231">
    <p class='ocr_par' dir='ltr' id='par_1_27' title="bbox 2201 261 2293 3231">
     <span class='ocr_line' id='line_1_110' title="bbox 2201 261 2293 3231; baseline 0 -2870"><span class='ocrx_word' id='word_1_559' title='bbox 2201 261 2293 3231; x_wconf 95' lang='lat' dir='ltr'>      </span> 
     </span>
    </p>
   </div>
   <div class='ocr_carea' id='block_1_24' title="bbox 2219 231 2250 254">
    <p class='ocr_par' dir='ltr' id='par_1_28' title="bbox 2219 231 2250 254">
     <span class='ocr_line' id='line_1_111' title="bbox 2219 231 2250 254; baseline 0 -4"><span class='ocrx_word' id='word_1_560' title='bbox 2219 231 2250 254; x_wconf 60' lang='grc' dir='ltr'>’με</span> 
     </span>
    </p>
   </div>
   <div class='ocr_carea' id='block_1_25' title="bbox 2219 260 2259 298">
    <p class='ocr_par' dir='ltr' id='par_1_29' title="bbox 2219 256 2259 317">
     <span class='ocr_line' id='line_1_112' title="bbox 2219 260 2259 298; baseline 0 -3"><span class='ocrx_word' id='word_1_561' title='bbox 2219 260 2259 298; x_wconf 62' lang='grc' dir='ltr'>ἶνἰ.</span> 
     </span>
    </p>
   </div>
  </div>
 </body>
</html>
