2293 3231
60 282 111 311 An.
133 282 161 311 C.
179 282 242 311 1621

866 284 1043 308 GREGORIUS
1068 284 1109 308 XV
1134 284 1181 308 1³1².

263 331 402 364 exhibito
420 332 547 374 plenum
566 332 748 374 homagium
768 332 876 375 ligium
895 337 923 366 et
942 343 1005 364 vas-

262 383 425 427 sallagium
443 385 569 417 nomine
587 384 686 428 ipsius
705 385 839 428 Philippi
864 385 947 427 regis
966 386 1005 417 t'a-

261 437 362 470 ciendi
388 437 476 470 vobis
500 437 628 470 domino
653 443 761 470 nostro
792 438 823 470 D.
851 438 1003 480 Gregorio

261 490 363 534 Papae
376 491 425 523 XV
441 495 469 523 et
488 490 644 523 Ecclesiae
662 491 819 524 Romanae
834 501 892 533 pro
906 500 1002 532 regno

262 542 385 576 Siciliae
406 548 435 575 et
460 543 666 583 Hierusalem,
685 553 719 576 ac
736 544 798 576 tota
821 548 904 574 terra
924 552 1003 585 quae

261 601 308 628 est
333 596 411 628 citra
435 596 582 636 Pharum,
607 606 708 639 usque
732 607 768 629 ac
793 595 928 628 confinia
945 601 1004 628 ter-

261 659 370 681 rarum
396 648 495 692 ipsius
521 649 676 681 Ecclesiae
701 650 849 692 (excepta
881 649 1004 682 civitate

262 701 489 741 Beneventana,
515 712 550 734 ac
575 704 640 734 toto
665 702 834 741 territorio,
852 713 886 735 ac
907 703 1021 735 omni-¹

261 755 321 787 bus
345 754 541 787 districtibus
562 758 591 788 et
607 755 814 798 pertinentiis,
832 755 1003 788 secundum

260 806 406 851 antiquos
423 807 502 840 fines
522 808 673 841 territorii
694 813 723 840 et
743 808 1003 851 pertinentiarum
1020 808 1021 814 ¹

261 871 297 894 ac
322 860 483 894 districtus
502 861 634 894 civitatis
652 861 793 894 eiusdem
814 872 870 905 per
895 862 1004 895 Roma-
1020 904 1021 909 1

260 924 319 947 nos
350 914 516 948 Pontifices
546 914 708 947 distinctos
738 919 767 947 et
796 914 1003 958 imposterum

261 966 523 1009 distinguendos),
535 966 566 999 in
577 967 713 999 animam
727 966 801 1000 dicti
812 967 1004 1000 serenissimi
1020 969 1022 980 ⁴

261 1020 383 1054 domini
400 1020 535 1065 Philippi
552 1021 637 1063 regis
650 1021 831 1065 principalis
845 1021 906 1054 mei
924 1021 1003 1061 iuro,
1020 1024 1022 1046 s

261 1073 347 1117 quod
371 1073 454 1106 idem
480 1074 700 1107 serenissimus
720 1074 868 1108 dominus
886 1074 1003 1118 Philip-

261 1136 321 1170 pus
344 1136 399 1159 rex
423 1126 462 1160 ab
488 1127 546 1159 hac
570 1127 649 1159 hora
675 1126 705 1158 in
730 1132 818 1159 antea
850 1127 951 1161 fidelis
975 1128 1021 1159 et?

261 1180 414 1213 obediens
431 1180 491 1213 erit
506 1180 597 1213 beato
616 1181 708 1213 Petro
728 1184 757 1214 et
774 1181 863 1214 vobis
880 1181 912 1213 D.
931 1181 1005 1214 Gre-
1020 1177 1022 1197 ”

263 1232 355 1276 gorio
371 1233 421 1266 XV
443 1232 617 1277 vestrisque
637 1234 874 1267 successoribus
895 1234 1021 1267 Roma-³

260 1287 308 1319 uis
328 1286 531 1320 Pontificibus
549 1287 697 1320 canonice
718 1287 916 1326 intrantibus,
935 1298 1004 1320 san—

261 1344 391 1382 ctaeque
423 1340 614 1383 apostolicae
643 1340 800 1373 Romanae
825 1340 1023 1380 Ecclesiae3‘

260 1402 324 1425 non
341 1393 400 1425 erit
417 1392 448 1425 in
466 1393 607 1433 consilio,
622 1403 786 1433 consensu,
805 1393 852 1425 vel
869 1393 960 1433 sacto,
972 1398 1005 1426 ut
1021 1387 1023 1432 J

263 1446 356 1479 vitam
367 1446 516 1490 perdatis,
527 1456 582 1479 seu
593 1445 797 1489 pe1·dant,aut
814 1446 1004 1487 membrum,
1021 1433 1023 1495 i

261 1509 316 1532 seu
331 1499 506 1543 capiamini,
517 1500 565 1532 vel
575 1499 738 1543 capiantur
752 1500 834 1532 mala
851 1500 1004 1543 captione,
1022 1505 1023 1543 g

262 1552 428 1586 consilium
453 1563 541 1593 vero,
562 1553 646 1596 quod
671 1553 731 1585 sibi
757 1553 907 1586 credituri
932 1554 1023 1587 estis¹

261 1616 319 1649 per
343 1615 407 1646 vos,
433 1611 485 1638 aut
511 1606 642 1639 nuncios
665 1610 794 1647 vestros,
815 1607 861 1639 vel
886 1617 943 1650 per
959 1605 1024 1640 tit-¹

261 1663 365 1698 teras,
390 1659 429 1691 ad
461 1664 600 1692 vestrum
635 1660 681 1692 vel
714 1670 824 1693 eorum
856 1660 1005 1694 damnum
1022 1676 1024 1720 i

262 1711 397 1746 scienter
414 1712 531 1745 nemini
549 1713 663 1756 pandet
673 1724 680 1753 3
698 1719 728 1746 et
741 1714 765 1746 si
784 1714 909 1747 sciverit
926 1714 1005 1755 fieri,
1022 1721 1024 1746 5

261 1764 309 1797 vel
334 1765 472 1806 tractari,
493 1775 548 1798 seu
572 1767 738 1809 procurari
763 1767 896 1810 aliquid,
922 1761 1024 1813 quod}

262 1819 293 1852 in
319 1823 468 1860 vestrum,
489 1819 538 1852 vel
558 1829 669 1853 eorum
690 1820 839 1853 damnum
858 1820 956 1859 cedat,
975 1818 1024 1854 it!

262 1873 315 1907 lud
339 1883 398 1918 pro
422 1883 514 1917 posse
539 1873 697 1918 impediet,
723 1880 752 1907 et
777 1874 801 1907 si
828 1875 887 1907 hoc
908 1875 1024 1921 impe->

262 1926 330 1961 dire
354 1937 417 1961 non
440 1927 572 1971 poterit,
598 1927 675 1961 illud
700 1928 802 1966 vobis,
829 1929 874 1960 vel
901 1928 945 1961 eis
971 1929 1024 1961 si-'

263 1980 414 2023 gnificare
439 1980 575 2021 curabit,
597 1981 749 2025 Papatum
774 1982 962 2019 Romanum,
977 1986 1024 2016 et³

263 2033 382 2077 regalia
405 2033 503 2067 sancti
521 2034 615 2075 Petri,
633 2039 697 2067 tam
714 2034 746 2067 in
765 2045 864 2078 regno
883 2036 1005 2068 Siciliae
1022 2061 1024 2074 2

264 2086 425 2131 praedicto
445 2097 539 2129 quam
559 2087 632 2119 alibi
650 2087 860 2124 consistentia,
882 2088 1006 2122 adiutor
1022 2098 1024 2132 j

264 2138 352 2173 vobis
378 2144 407 2172 et
424 2139 469 2172 eis
494 2139 554 2172 erit
577 2139 616 2172 ad
640 2140 870 2174 defendendum
887 2146 917 2175 et
937 2134 1024 2175 reti-¹

265 2193 402 2226 nendum
426 2203 462 2226 ac
486 2194 750 2237 recuperandum,
767 2199 797 2227 et
820 2201 1024 2238 recuperata}

265 2246 514 2287 manutenenda,
537 2252 646 2280 contra
675 2258 802 2280 omnem
827 2248 1025 2291 hominemy

265 2301 427 2334 universas
456 2305 486 2333 et
515 2300 653 2343 singulas
679 2301 873 2334 conditiones
897 2297 1025 2346 supra-³

265 2354 375 2395 dictas,
389 2360 419 2388 et
443 2364 658 2398 quascumque
683 2355 758 2387 alias
783 2355 813 2387 in
838 2355 951 2389 litteris
968 2356 1025 2389 few

265 2407 333 2441 licis
364 2406 592 2441 recordationis
623 2407 692 2440 Iulii
723 2408 822 2451 Papae
856 2408 880 2440 ll
912 2402 1025 2452 super⁴

266 2461 363 2505 ipsius
383 2461 473 2504 regni
491 2466 521 2494 et
537 2465 694 2494 terrarum
716 2461 925 2495 infeudatione
943 2463 1007 2495 sire
1024 2478 1025 2485 κ

266 2514 451 2547 investitura
475 2514 625 2548 confectis
651 2518 821 2551 contentas,
843 2525 877 2547 ac
903 2516 1025 2548 omnia*

267 2571 297 2599 et
324 2567 447 2610 singula
475 2578 555 2611 quae
579 2567 611 2600 in
635 2567 679 2600 eis
708 2568 923 2605 continentur,
948 2569 1026 2612 ple-¹

266 2620 354 2653 narie
377 2620 574 2664 adimplebit,
599 2624 629 2654 et
653 2621 874 2654 inviolabiliter
898 2612 1027 2660 obser-{

266 2673 365 2714 vabit,
391 2679 419 2706 et
443 2674 529 2707 nullo
559 2684 708 2718 umquam
735 2680 879 2718 tempore
904 2676 1027 2720 veniet2

358 2734 437 2763 Buzl.
457 2735 540 2763 Rom.
556 2750 590 2755 ——
607 2736 668 2764 Vol.
684 2735 749 2765 XII.
929 2737 963 2765 80

1040 338 1149 365 contra
1183 341 1233 366 ea:
1266 342 1323 364 nec
1354 330 1537 375 procurabit
1567 341 1624 374 per
1656 341 1706 371 se,
1733 331 1777 362 vel

1038 385 1143 421 alium,
1169 397 1222 417 seu
1248 385 1334 423 alios,
1353 395 1480 429 quoquo
1506 384 1609 425 modo,
1631 389 1660 416 ut
1687 384 1780 425 eliga-

1038 443 1097 474 tur,
1113 439 1159 469 rel
1173 438 1354 471 nominetur
1369 437 1398 469 in
1413 447 1531 480 regem,
1550 438 1595 469 rel
1615 437 1779 479 imperato-

1038 502 1102 523 rcm
1130 492 1355 529 Romanorum,
1371 501 1425 522 seu
1451 500 1558 532 regem
1576 489 1779 527 Theutonimu

1037 549 1087 576 aut
1114 543 1277 576 dominum
1303 542 1523 580 Lombardiae,
1550 553 1602 575 seu
1635 542 1778 581 Tusciae,

1038 602 1065 628 et
1099 596 1122 628 si
1154 596 1357 635 electionem,
1384 597 1430 627 vel
1462 595 1709 628 nominationem
1742 596 1777 627 ad

1038 649 1217 692 imperium,
1235 658 1289 680 seu
1307 658 1440 690 regnum
1459 648 1645 687 Romanum,
1660 658 1713 680 scu
1735 659 1780 680 re-

1038 711 1134 744 gnum
1152 699 1355 739 Tlieutoniae,
1373 700 1419 732 vel
1441 699 1615 732 dominium
1633 699 1780 733 Lombar-

1037 755 1105 787 diae
1130 760 1159 786 et
1185 753 1334 793 Tusciae,
1360 756 1413 786 aut
1437 752 1566 785 maioris
1598 753 1695 796 partis
1720 764 1776 785 eo-

1038 807 1195 847 rumdem,
1210 807 1248 839 de
1262 817 1298 839 eo
1310 805 1465 839 celebrari
1476 805 1645 848 continget,
1658 806 1778 838 nullum

1038 859 1218 893 huiusmodi
1228 859 1383 899 electioni,
1394 868 1449 892 seu
1459 858 1666 892 nominationi
1679 869 1781 892 assen-

1020 920 1107 963 jsum
1132 913 1318 958 praestabit,
1344 923 1401 946 nec
1425 912 1613 946 intromittet
1633 923 1665 946 se
1686 913 1780 946 modo

1038 967 1144 1011 aliquo
1169 967 1207 999 de
1233 976 1344 1000 eorum
1370 967 1416 998 vel
1442 965 1575 999 alicuius
1600 976 1710 999 eorum
1737 977 1782 998 re-

1038 1020 1168 1064 gimine:
1195 1030 1252 1053 nec
1276 1019 1314 1052 de
1339 1019 1463 1053 civitate
1492 1019 1726 1061 Beneventana‚
1752 1024 1778 1052 et

1038 1074 1102 1107 suis
1119 1073 1297 1113 territoriis,
1316 1072 1509 1106 districtibus
1526 1077 1557 1105 et
1573 1072 1781 1117 pertinentiis,

1038 1138 1094 1161 seu
1105 1126 1301 1171 Campaniae,
1315 1136 1417 1170 neque
1433 1127 1472 1159 de
1485 1125 1649 1167 Maritima,
1667 1125 1782 1160 ducatu

1038 1180 1216 1224 spoletano,
1234 1190 1336 1223 neque
1352 1180 1488 1213 Mai-chia
1506 1180 1709 1221 Anconitana‚
1730 1180 1783 1213 Pa-

1038 1233 1187 1266 trimonio
1212 1232 1296 1266 beati
1317 1232 1410 1273 Petri,
1432 1237 1460 1266 et
1482 1233 1602 1273 Tuscia,
1629 1238 1659 1266 et
1683 1234 1782 1267 Massa

1038 1286 1196 1327 Trebaria,
1223 1285 1439 1326 Romandiola,
1460 1286 1544 1318 alma
1564 1285 1658 1327 Urbe,
1683 1286 1715 1319 in
1739 1287 1781 1319 ci-

1039 1339 1186 1372 vitatibus
1225 1339 1448 1380 Perusinensi,
1482 1339 1604 1373 civitate
1639 1339 1781 1381 Castelli,

1040 1392 1248 1432 Bononiensi,
1274 1392 1484 1433 Ferrariensi,
1510 1392 1729 1432 Avenionensi,
1754 1398 1783 1426 et

1039 1446 1196 1480 Comitatu
1212 1446 1417 1490 l‘enayssino,
1434 1457 1490 1479 seu
1511 1446 1578 1479 aliis
1603 1448 1695 1479 terris
1719 1446 1783 1490 qui-

1041 1500 1236 1543 buscumque
1257 1499 1379 1540 vestris,
1397 1504 1427 1532 et
1443 1499 1542 1533 feudis
1567 1500 1665 1544 ipsius
1680 1500 1784 1534 Eccle-

1041 1553 1104 1586 siae
1130 1553 1260 1586 ubilibet
1286 1553 1480 1590 constitutis‚
1506 1563 1542 1587 ex
1567 1553 1783 1593 successione,

1042 1607 1088 1639 vel
1114 1608 1227 1649 legato,
1246 1617 1301 1639 seu
1326 1606 1505 1647 donatione,
1524 1612 1576 1639 aut
1595 1607 1783 1648 venditione,

1041 1670 1096 1693 seu
1121 1659 1182 1693 alio
1207 1659 1317 1703 quoris
1342 1659 1431 1693 titulo
1449 1661 1498 1692 vel
1515 1665 1688 1702 contractu,
1705 1660 1783 1694 nihil

1041 1723 1179 1756 unquam
1206 1712 1265 1745 sibi
1285 1712 1436 1756 acquiret,
1455 1723 1510 1746 seu
1528 1713 1714 1755 vendicabit,
1735 1716 1782 1748 vel

1040 1767 1156 1810 poterit
1180 1767 1354 1810 acquirere,
1381 1777 1436 1800 seu
1460 1767 1697 1810 quomodolibet
1714 1778 1783 1801 ven-

1041 1819 1156 1857 dicare,
1175 1825 1205 1852 et
1229 1819 1306 1852 nihil
1333 1829 1471 1864 unquam
1498 1820 1636 1864 recipiet,
1659 1821 1705 1854 vel
1731 1822 1783 1854 ha-

1041 1873 1136 1914 bebit,
1163 1884 1216 1906 seu
1241 1873 1400 1915 retinebit,
1419 1873 1466 1906 vel
1490 1874 1605 1917 poterit
1631 1874 1782 1918 recipere,

1040 1926 1176 1969 habere,
1209 1927 1257 1959 vel
1283 1927 1375 1959 etiam
1401 1927 1536 1961 retinere
1562 1928 1594 1960 in
1623 1927 1701 1968 illis,
1727 1938 1782 1961 nec

1041 1981 1136 2013 ullam
1161 1980 1375 2024 potestariam,
1396 1981 1593 2024 capitaniam,
1616 1982 1662 2014 vel
1687 1987 1785 2016 recto-

1042 2034 1130 2069 riam.
1155 2034 1340 2077 nullumque
1367 2035 1450 2067 aliud
1481 2034 1620 2068 officium
1644 2036 1783 2079 recipiet,

1041 2099 1095 2121 seu
1120 2088 1262 2132 recipere
1286 2088 1402 2132 poterit
1426 2089 1456 2121 in
1482 2088 1612 2129 eisdem,
1633 2100 1687 2122 seu
1704 2090 1784 2133 ipso-

1041 2152 1112 2174 rum
1137 2142 1253 2185 aliquo,
1269 2152 1328 2175 nec
1349 2142 1442 2174 etiam
1465 2143 1642 2186 occupabit,
1667 2144 1713 2175 vel
1735 2154 1785 2175 oc-

1042 2195 1149 2238 cupari
1167 2195 1328 2239 permittet
1353 2206 1407 2228 seu
1432 2196 1522 2228 faciet
1547 2196 1718 2239 praemissa
1737 2198 1783 2229 vel

1041 2254 1163 2292 partem
1187 2249 1324 2292 aliquam
1350 2249 1550 2289 eorumdem,
1569 2259 1669 2292 neque
1696 2249 1780 2281 illam

1042 2301 1188 2341 offendet,
1205 2306 1257 2336 aut
1281 2302 1470 2342 molestabit,
1488 2312 1590 2345 neque
1615 2302 1709 2334 etiam
1728 2303 1785 2336 Ro-

1043 2365 1166 2387 manam
1184 2355 1355 2388 Ecclesiam
1373 2365 1500 2399 quoquo
1517 2355 1623 2395 modo,
1637 2355 1694 2388 sub
1712 2366 1781 2389 cen-

1042 2408 1134 2447 suris,
1152 2408 1323 2452 poenisque
1348 2408 1565 2452 spiritualibus
1582 2414 1613 2441 et
1631 2413 1785 2453 tempora-

1043 2461 1159 2494 ralibus
1191 2461 1223 2494 in
1254 2461 1486 2495 conditionibus
1516 2467 1545 2494 et
1575 2462 1785 2496 int'cudatione

1042 2514 1210 2557 praedictis
1234 2515 1396 2555 contentis,
1413 2525 1490 2558 quas
1509 2515 1558 2548 liic
1579 2516 1688 2549 haberi
1715 2518 1786 2550 volo

1044 2568 1073 2600 in
1091 2568 1221 2610 singulis
1239 2568 1303 2600 suis
1319 2568 1461 2611 partibus
1478 2568 1546 2601 aliis
1563 2579 1621 2612 pro
1641 2570 1786 2613 specifice

1043 2622 1182 2665 repetitis
1213 2626 1242 2655 et
1275 2622 1446 2665 expressis:
1481 2623 1698 2666 schismatico,
1733 2630 1785 2658 aut
1816 2668 1820 2670 ,

1043 2676 1201 2709 haeretico
1226 2676 1424 2720 cuicumque,
1442 2677 1490 2710 vel
1511 2687 1527 2709 a
1547 2676 1608 2711 fide
1629 2677 1730 2720 devio,
1748 2679 1786 2711 ab

1681 272 1744 306 633
1791 283 1842 309 An.
1861 282 1889 309 c.
1909 281 1971 308 1621
