2293 3231
88 277 138 306 An.
155 278 185 306 G.
202 278 270 306 1622

889 283 1065 307 Gnsscouius

1090 285 1129 308 xv
1155 286 1200 308 ri).
1705 278 1760 310 7-21
1815 287 1862 314 An.
1880 287 1908 314 C.
1927 287 1996 314 1622

284 326 367 367 dent,
393 326 486 359 etiam
512 328 566 365 uti,
593 329 684 371 potiri
709 335 735 361 ct
764 330 900 371 gaudere
930 331 1026 363 libere
1042 338 1044 370 t
1060 337 1089 364 et
1109 332 1248 365 eiusdem
1273 333 1361 365 Sedis
1385 334 1579 367 notariorum
1601 334 1638 367 de
1664 345 1796 367 numi-ro

284 384 314 412 et
337 379 420 412 licite
451 381 569 423 possint
602 387 631 413 et
664 383 783 415 valeant
815 393 885 415 vere
910 389 939 416 ct
963 394 1024 417 nou

283 431 354 464 ficte
380 431 410 463 in
430 433 576 465 omnibus
601 439 631 466 ct
655 445 713 478 per
739 435 843 468 onmia
874 446 910 468 ac
940 436 965 468 si
986 437 1023 469 ‹le

283 483 396 517 illustri
423 495 538 527 genere
572 497 607 519 ex
633 490 767 530 utroque
799 492 926 531 parente
951 499 1024 532 pro-

282 537 377 571 creati
401 538 515 579 forent,
540 539 582 572 ita
606 541 689 583 quod
710 540 860 573 intereos
885 547 914 573 ct
941 542 1023 585 ipsos

282 589 429 631 illustres,
455 592 558 634 quoad
583 593 777 626 nobilitatem
803 599 829 626 et
856 595 915 626 alia
935 595 973 626 ad
991 595 1039 626 il-}

281 642 343 675 lam
367 644 554 685 necessaria,
580 646 664 678 nulla
682 647 805 689 penitus
824 647 861 679 sit
878 648 1022 680 differen-

282 695 333 736 tia,
357 706 415 730 nec
438 697 523 731 fictio
548 698 651 731 locum
680 699 809 739 habeat,
837 701 1021 734 auctoritate

281 753 311 780 et
335 752 444 783 tenore
467 750 635 793 praedictis
660 752 860 785 concedimus
878 758 904 786 et
924 753 1022 786 indul-

281 811 400 844 gemus.

106 864 266 890 Exemptiouem

82 898 95 913 a
110 891 213 912 solutione
232 896 267 910 ve-

83 918 166 943 ctigalis
177 917 219 938 vini
228 922 266 943 pro

82 950 119 966 sex
141 943 249 970 vegetibus
261 959 266 968 ‚

82 970 123 992 illis
138 970 243 994 concedit,

281 959 439 1002 vectigalis
459 961 519 994 vini
535 972 593 1005 pro
611 973 664 995 sex
685 963 844 1005 vegetibus
864 974 922 1006 pro
947 974 1021 1007 quo-

281 1012 356 1045 libet
380 1013 557 1055 dumtaxat,
582 1015 620 1047 de
644 1016 759 1058 quibus
783 1026 894 1048 eorum
918 1021 947 1048 et
971 1027 1020 1048 cu-

280 1065 407 1099 iuslibet
420 1067 561 1110 ipsorum
575 1068 706 1101 arbitrio
719 1068 887 1112 disponere
900 1069 1021 1102 valeant

280 1118 319 1150 ad
338 1118 436 1152 instar
460 1121 675 1161 cameralium,
693 1121 810 1153 eisdem
835 1121 1019 1154 auctoritate

280 1176 310 1204 et
333 1177 441 1205 tenore
467 1173 632 1205 eximimus
657 1179 685 1206 et
711 1173 892 1214 liberamus,
919 1184 954 1206 ac
983 1174 1037 1206 li-i

277 1225 372 1259 beros
396 1232 426 1258 et
450 1232 611 1270 exemptos
634 1237 702 1259 esse
726 1228 878 1260 volumus.

105 1293 210 1320 Pauisque
218 1298 265 1319 pur·

80 1320 158 1342 tionem
190 1319 263 1341 dietim

81 1353 94 1368 a
110 1346 190 1373 palatio
213 1352 264 1373 apo-

80 1373 155 1394 stolico
181 1374 264 1395 haben-

81 1399 128 1422 dam
143 1401 243 1427 assignat.

277 1441 352 1485 pati,
370 1452 405 1474 ex
429 1441 546 1485 palatio
570 1442 743 1485 apostolico
767 1441 875 1475 dietim
900 1443 1017 1476 haben-

278 1495 360 1535 dam,
376 1495 612 1539 percipiendam
638 1500 667 1528 et
684 1496 948 1539 consequendam,
966 1508 1019 1530 au-

277 1548 420 1582 ctoritate
445 1554 474 1581 et
500 1553 607 1582 tenore
624 1549 791 1592 praedictis
815 1550 1016 1583 concedimus

277 1606 307 1634 et
331 1602 536 1645 assignamus.

104 1667 202 1689 Notarios
217 1673 262 1689 cre-

79 1693 128 1715 andi
141 1694 262 1716 facultatem
299 1709 304 1714 .
410 1710 416 1714 .
786 1709 791 1714 .
918 1709 934 1714 ..

79 1719 162 1746 tributi,
276 1719 371 1750 vn‘OS,
389 1714 469 1742 vitae
493 1720 529 1742 ac
553 1719 680 1742 morum
700 1709 867 1753 probitate,
885 1710 1016 1753 aliisque

276 1762 427 1796 virtutum
446 1763 536 1796 donis
556 1762 802 1803 commendatos,
818 1763 871 1806 qui
888 1763 1015 1805 nostris,

276 1820 306 1850 et
330 1816 418 1850 Sedis
448 1816 645 1860 Apostolicae
677 1815 836 1859 obsequiis
873 1815 1016 1849 insistere

275 1873 476 1914 proponant,
496 1869 527 1902 in
555 1874 682 1902 nostros
710 1875 740 1902 et
764 1869 904 1902 eiusdem
929 1869 1034 1902 Sedis,

274 1923 414 1956 notarios
438 1923 623 1956 auctoritate
647 1924 757 1955 nostra
782 1922 953 1966 apostolica
970 1933 1016 1955 re-

276 1975 410 2019 cipiendi
443 1981 474 2008 et
498 1976 703 2017 admittendi,
732 1986 767 2009 ac
799 1976 933 2008 aliorum
963 1986 1016 2009 no-

276 2033 415 2061 strorum
439 2034 469 2061 et
492 2028 580 2062 Sedis
610 2029 788 2072 praedictae
818 2029 1015 2062 notariorum

275 2091 408 2114 numero
433 2085 463 2114 et
487 2082 646 2115 consortio
670 2081 885 2115 favorabiliter
909 2092 1016 2125 aggre-

275 2134 383 2177 gandi;

321 2188 335 2232 §j
360 2188 389 2221 5.
414 2188 540 2231 Illisque
555 2215 562 2229 ‚
590 2193 641 2229 ut,
667 2188 789 2221 etiamsi
812 2188 953 2221 habitum
986 2194 1016 2221 et

275 2241 474 2275 rocchettuni
487 2251 550 2274 non
563 2241 713 2282 deferant,
730 2241 936 2274 nihilominus
953 2253 1016 2275 om-

274 2295 367 2328 nibus
398 2300 428 2328 et
452 2295 583 2338 singulis
618 2295 798 2335 favoribus,
823 2295 1015 2337 honoribus,

274 2348 458 2392 privilegiis,
479 2348 602 2391 gratiis,
626 2348 773 2389 indultis,
797 2349 1015 2392 praeeminen-

87 2195 208 2223 Eurumque
219 2196 261 2223 pri-

77 2223 159 2249 vilegiis
191 2224 261 2248 (exce-

76 2250 118 2277 ptis
132 2250 167 2271 hic
181 2249 261 2270 descri-

77 2276 141 2323 aa„
167 2276 260 2328 ³:833:ss

78 2328 183 2350 delatione
197 2329 262 2350 halit-

77 2356 111 2376 tiu
125 2355 177 2385 ipsis
193 2356 261 2377 indui»

80 2381 151 2408 gemin

274 2455 328 2488 alii
347 2455 447 2488 nostri
472 2460 503 2488 et
525 2454 627 2488 dictae
647 2454 734 2488 Sedis
754 2455 878 2495 notarii,
896 2460 959 2488 tam
977 2455 1014 2489 de

273 2508 343 2541 iure
363 2518 457 2551 quam
475 2507 513 2540 de
530 2507 765 2548 consuetudine,
783 2512 836 2540 aut
852 2508 926 2541 alias
942 2519 1016 2552 quo-

275 2561 450 2594 modolibet
472 2564 614 2602 utuntur,
642 2561 790 2594 fruuntur
814 2567 844 2594 et
867 2562 1014 2604 gaudent,

275 2613 418 2647 similiter
441 2614 508 2655 uti,
539 2614 601 2647 frui
626 2619 656 2647 et
680 2614 817 2657 gaudere
840 2615 960 2659 possint
985 2621 1015 2649 et

275 2667 396 2700 valeant
420 2668 511 2711 (sine
534 2673 639 2701 tamen
670 2669 804 2702 aliorum
828 2674 1012 2704 nostrorum

360 2728 439 2758 Butl.
458 2730 543 2760 Rom.
558 2745 593 2752 —
611 2731 670 2761 Vol.
691 2731 757 2763 XII.
902 2732 933 2760 91

325 854 340 897 g
364 854 392 887 ⁶2.
419 855 545 889 Necnon
577 867 630 889 eos
661 863 691 889 et
715 868 825 890 eorum
859 851 1038 900 singulos,'}

281 906 355 939 dum
371 907 403 940 in
419 909 506 941 curia
524 914 704 952 praesentes
721 915 821 950 erunt,
835 921 852 943 a
866 911 1020 944 solutione
1036 906 1037 929 ³

322 1281 337 1324 ἓ
360 1279 390 1313 3.
415 1281 546 1325 Insuper
566 1281 684 1314 eisdem
703 1281 902 1325 patriarchis,
920 1282 1019 1315 archi·
1035 1301 1037 1313 i

278 1335 434 1379 episcopis
467 1339 497 1369 et
531 1335 709 1379 episcopis,
741 1346 850 1369 eorum
888 1336 1036 1378 singulis2

278 1398 373 1421 unam
397 1389 576 1432 portionem
612 1389 720 1432 panis,
744 1389 875 1422 honoris
902 1400 1036 1422 nuncu-i

321 1656 336 1699 ἓ
359 1655 389 1688 4.
415 1656 458 1688 Ac
482 1656 542 1688 illis
567 1660 597 1688 et
617 1666 725 1688 eorum
744 1655 885 1699 singulis,
903 1660 936 1689 ut
952 1651 1034 1694 tres}

275 2402 336 2443 tiis,
351 2402 602 2446 exemptionibus
614 2406 644 2434 et
660 2401 887 2444 praerogativis
900 2402 1015 2445 quibus
1032 2416 1033 2430 1

1041 390 1042 399 ¹
1060 385 1312 429 participantium
1334 387 1537 430 pracindicio,
1556 394 1581 420 ct
1601 388 1677 421 citra
1697 399 1798 420 exem-

1040 451 1041 463 i
1059 438 1183 481 ptiones
1207 450 1223 470 a
1248 450 1338 471 sacro
1358 440 1496 473 Concilio
1517 440 1698 474 Tridentino
1722 441 1796 473 sul)-

1039 490 1151 530 ilatas,
1177 502 1212 523 ac
1238 492 1399 523 facultates
1432 492 1640 534 legitimandi,
1666 493 1704 525 ad
1730 504 1797 536 gra-

1039 527 1114 577 idus
1139 544 1366 586 promovendi,
1391 556 1426 577 ac
1455 545 1595 578 notarios
1619 556 1672 578 seu
1698 546 1796 578 taliet-

1038 588 1155 628 ¹liones
1180 596 1323 636 creandi,
1346 597 1469 641 aliaque
1495 598 1607 630 similia
1632 599 1795 642 privilegia

1038 651 1039 686 i
1056 648 1173 681 eisdem
1191 649 1321 682 notariis
1338 650 1375 683 dc
1392 661 1525 684 munero
1542 651 1794 695 participantium

1038 692 1039 697 ¹
1055 712 1212 742 concessa,
1231 714 1284 735 seu
1303 703 1341 735 ab
1360 703 1403 735 eis
1420 710 1595 747 praetensa,
1613 705 1726 748 quibus
1743 716 1797 738 no-

1037 755 1125 802 ¹tarii
1151 755 1188 787 ab
1214 756 1274 789 illis
1299 756 1407 799 vigore
1431 757 1643 801 praesentium
1669 757 1794 790 creandi

1036 803 1038 844 ξ
1054 808 1163 840 nullibi
1190 809 1232 840 uti
1259 809 1389 850 valeant,
1410 814 1438 843 et
1455 810 1480 842 si
1498 821 1587 843 secus
1603 810 1641 843 ab
1658 810 1702 843 eis
1727 811 1794 844 fieri

1055 861 1231 903 contigerit,
1252 862 1376 894 irritum
1394 868 1423 895 et
1441 863 1531 896 inane
1553 863 1677 907 existat)
1698 863 1796 896 indul-

1054 914 1160 956 gentili,

1098 966 1112 1008 ς’
1137 966 1165 999 6.
1192 966 1319 999 Necnon
1343 967 1437 1000 etiam
1461 967 1538 1000 alios
1555 972 1626 1001 octo
1642 968 1726 1002 viros
1743 969 1795 1002 ha-

1035 1017 1131 1050 lbiles
1156 1023 1185 1050 et
1210 1018 1360 1059 idoneos,
1384 1030 1419 1053 ac
1444 1019 1647 1063 qualitatibus
1671 1021 1710 1053 ad
1733 1021 1793 1055 hoc

1053 1070 1211 1114 requisitis
1228 1072 1395 1114 praeditos,
1413 1077 1539 1107 auratae
1556 1073 1685 1107 militiae
1706 1075 1793 1118 equi-

1054 1127 1098 1157 tes
1123 1124 1233 1157 eadem
1264 1125 1448 1158 auctoritate
1480 1126 1607 1159 creandi
1636 1132 1666 1160 et
1695 1127 1794 1171 depu-

1053 1176 1148 1215 tandi,
1166 1176 1299 1220 illosque
1316 1178 1450 1210 aliorum
1467 1179 1596 1211 militiae
1612 1179 1793 1213 huiusmodi

1053 1230 1193 1272 equitum
1207 1240 1340 1263 numero
1357 1236 1387 1263 et
1403 1232 1561 1265 consortio
1581 1233 1794 1266 favorabiliter

1053 1283 1256 1325 aggregandi,
1281 1294 1317 1316 ae
1342 1284 1458 1317 eisdem
1473 1312 1480 1325 ,
1505 1290 1538 1317 ut
1562 1291 1708 1329 torquem
1733 1298 1791 1319 au-

1053 1347 1152 1377 reum,
1167 1347 1202 1369 ac
1216 1347 1333 1377 ensem,
1347 1343 1377 1370 et
1389 1343 1497 1370 aurata
1511 1339 1643 1371 calcaria
1660 1345 1794 1381 gestare,

1053 1389 1262 1433 omnibusque
1281 1394 1310 1423 et
1327 1390 1458 1433 singulis
1473 1391 1656 1434 privilegiis,
1675 1393 1794 1434 gratiis,

1052 1443 1180 1475 indultis
1200 1448 1231 1475 et
1246 1444 1484 1486 praerogativis,
1508 1444 1625 1489 quibus
1642 1445 1693 1477 alii
1712 1446 1795 1489 cqui-

1053 1500 1097 1529 tes
1121 1496 1301 1529 huiusmodi
1326 1502 1467 1537 utuntur,
1491 1498 1654 1540 potiuntur
1672 1503 1701 1530 et
1719 1508 1795 1541 gau-

1033 1537 1035 1568 ῗ
1051 1549 1134 1589 dent,
1145 1549 1290 1582 similiter
1303 1550 1358 1590 uti,
1372 1550 1467 1594 potiri
1482 1556 1509 1583 et
1524 1551 1661 1593 gaudere
1675 1552 1796 1586 valcant

1052 1603 1143 1646 (citra
1167 1607 1270 1636 tamen
1292 1603 1507 1647 exemptiones
1524 1614 1541 1636 a
1557 1604 1640 1637 dicto
1657 1604 1794 1638 Concilio

1051 1657 1201 1700 sublatas)
1219 1657 1426 1697 concedendi,
1444 1658 1620 1691 facultatem
1632 1658 1641 1675 ¹
1657 1659 1794 1692 auctori-

1051 1715 1113 1742 tate
1138 1714 1167 1742 et
1191 1714 1300 1742 tenore
1324 1710 1505 1753 praemissis
1530 1710 1740 1754 impertimur.

1095 1763 1159 1806 §7-
1184 1763 1227 1795 Ac
1258 1763 1391 1795 ulterius
1427 1763 1546 1797 eisdem
1583 1765 1792 1808 patriarchis,

1032 1815 1306 1859 ,archiepiscopis
1323 1816 1478 1860 episcopis
1503 1820 1532 1850 et
1556 1827 1665 1851 eorum
1691 1818 1793 1862 singu-

1050 1870 1098 1910 lis,
1115 1874 1149 1902 ut
1172 1869 1204 1901 in
1228 1870 1295 1910 his,
1321 1880 1400 1913 quae
1425 1870 1463 1903 ad
1487 1880 1598 1903 eorum
1623 1872 1791 1915 collegium

1032 1934 1033 1958 i
1049 1922 1208 1966 pertinere
1226 1922 1416 1963 iudicabunt,
1434 1934 1652 1967 quaecumque
1668 1929 1792 1966 statuta,

1050 1976 1194 2019 capitula,
1211 1980 1241 2008 et
1265 1975 1499 2017 ordinationes,
1526 1977 1610 2010 licita
1634 1983 1739 2011 tamen
1763 1985 1792 2011 et

1050 2030 1190 2069 honesta,
1211 2039 1247 2062 ac
1271 2029 1368 2062 sacris
1393 2029 1585 2070 canonibus,
1610 2035 1640 2063 et
1664 2031 1792 2064 Concilii

1049 2081 1221 2115 Tridentini
1257 2081 1392 2115 decretis
1405 2109 1414 2123 ,
1445 2093 1480 2116 ac
1517 2083 1792 2117 constitutionibus

1050 2135 1229 2179 apostolicis
1252 2145 1315 2168 non
1337 2136 1504 2177 contraria,
1522 2137 1624 2170 facere
1642 2142 1672 2170 et
1689 2137 1792 2177 edere,

1051 2189 1166 2233 illaque
1190 2199 1248 2232 pro
1272 2193 1426 2232 tempore,
1451 2195 1547 2233 prout
1572 2190 1720 2234 expedire
1744 2202 1793 2223 co-

1050 2242 1226 2286 gnoverint,
1251 2247 1383 2284 mutare,
1401 2243 1562 2286 corrigere
1586 2248 1616 2277 et
1632 2244 1664 2276 in
1680 2240 1792 2277 m'elius

1050 2296 1224 2329 reformare
1233 2307 1240 2336 ;

1095 2350 1110 2393 ξ
1133 2349 1162 2383 8.
1187 2351 1324 2392 Necnon,
1342 2360 1400 2394 pro
1421 2350 1576 2394 spirituali
1594 2361 1705 2385 eorum
1722 2363 1793 2386 eon-
1834 2359 1938 2380 indultum
1960 2366 1994 2381 ce-

1808 2387 1903 2407 lebrandi
1920 2389 1938 2407 et
1955 2394 1981 2407 au

1051 2403 1211 2444 solatione,
1235 2403 1268 2436 in
1291 2403 1413 2447 privato
1438 2403 1550 2436 domus
1575 2404 1739 2438 cuiuslibet
1758 2406 1792 2438 il·
1807 2414 1878 2434 ‹tieudi
1907 2399 1991 2434 nassau}

1807 2446 1827 2460 ui
1843 2442 1941 2460 aratoriis
1954 2441 1991 2461 do—

1050 2459 1171 2498 lorum,
1196 2457 1289 2491 etiam
1314 2457 1345 2489 in
1370 2458 1453 2491 alma
1476 2457 1561 2491 Urbe
1592 2461 1701 2492 nostra
1733 2460 1990 2492 existimasti-‹velde-

1806 2494 1909 2514 struaridis
1944 2499 1991 2514 cum

1050 2511 1179 2551 stentis,
1203 2510 1343 2544 oratorio
1372 2510 1410 2543 ad
1434 2511 1494 2544 hoc
1526 2510 1674 2544 decenter
1699 2523 1791 2546 muro
1806 2520 1991 2549 ‹teuamtionesa-

1807 2547 1992 2572 tissaciendiprae·

1049 2568 1191 2597 extructo
1216 2568 1246 2596 et
1270 2568 1380 2596 ornato
1405 2573 1461 2596 seu
1489 2563 1661 2598 extruendo
1686 2569 1716 2598 et
1739 2576 1791 2598 or-
1806 2576 1867 2603 cepto
1888 2573 1991 2594 audiendi

1805 2605 1890 2620 missam
1914 2600 1934 2620 in
1957 2605 1990 2620 ee-

1048 2617 1150 2651 nando
1163 2617 1202 2650 ab
1211 2617 1358 2651 omnibus
1367 2616 1546 2651 domesticis
1554 2616 1664 2650 usibus
1678 2617 1789 2660 libero,
1806 2626 1884 2647 etesiis·

1084 2682 1096 2708 ¹
1113 2679 1233 2710 Erronee
1248 2678 1312 2710 edit.
1327 2678 1407 2709 Main.
1428 2678 1502 2716 legit.
1517 2680 1668 2717 facultate,
1683 2681 1720 2717 (R.
1737 2682 1787 2716 τ.).
1824 2674 1828 2677 ’

1809 981 1893 1002 Necnon
1906 982 1994 1003 creandi

1809 1008 1885 1029 milites
1905 1011 1994 1029 auratae

1809 1035 1897 1055 militiae
1946 1040 1994 1055 cum

1809 1061 1852 1082 suis
1870 1061 1994 1087 privilegiis.

1828 1775 1916 1801 Collegii
1928 1775 1993 1796 sacul-

1810 1804 1842 1822 tas
1858 1802 1960 1822 condendi
1972 1804 1992 1822 et

1808 1828 1933 1848 immutandi
1947 1831 1992 1849 sta-

1808 1857 1853 1875 tuta
1868 1855 1934 1881 ipsius
1949 1855 1991 1876 col-

1807 1882 1864 1908 legii.
