2293 3231
90 299 143 326 An.
159 298 188 325 C.
210 298 276 326 1622

889 298 1066 322 GREGORIUS
1090 298 1133 321 XV
1156 297 1205 321 1²1².

290 346 477 379 nessciorum
502 346 799 386 ecclesiasticorum,
821 356 891 379 cum
910 349 985 378 cui-:t
1003 351 1030 377 vt

291 398 359 432 sine
385 401 472 440 cura,
489 399 679 432 secularium
696 404 725 431 et
742 399 839 432 sancti
866 398 1032 439 Benedicti,

291 452 388 486 sancti
413 452 588 495 Augustini,
605 452 827 493 Cisterciensis,
850 452 946 486 sancti
966 452 1033 484 Hie-

290 505 424 550 ronymi,
453 510 483 538 et
507 506 641 539 aliorum
668 505 863 549 quorumvis,
882 505 974 537 etiam
996 515 1031 537 ex

290 558 466 602 privilegio,
484 559 531 591 vel
549 559 634 599 alias,
656 564 758 591 certos
782 559 901 591 fructus
917 557 1033 590 haben-

292 611 380 651 tium,
397 622 520 645 necnon
532 612 732 652 Cassinensis,
747 616 869 644 sanctae
887 611 1032 651 Iustinae,

293 665 390 698 sancti
415 665 594 706 Salvatoris,
616 665 712 699 sancti
738 664 864 707 Georgii
891 663 921 696 in
946 664 1032 706 Aiga,

293 728 348 751 seu
372 718 470 751 sancti
495 719 618 751 loannis
644 719 870 761 Evangelistae,
893 728 927 750 ac
959 717 1033 749 alia-

293 783 364 805 rum
385 772 676 816 congregationum,
697 773 790 805 etiam
811 772 1033 805 canonicorum

293 826 486 869 regularium
501 853 508 867 ‚
533 831 564 859 et
587 826 793 869 collegiorum
818 825 1033 867 regularium,

294 880 387 912 ctiam
412 879 574 913 Societatis
604 879 694 920 Iesu,
720 878 965 911 Mendicantibus
996 882 1036 911 ta-

294 943 366 966 men
407 938 510 967 certos
545 938 574 965 et
609 938 778 976 perpetuos
817 932 938 964 fructus
972 941 1035 964 non

294 986 481 1019 habentibus
504 986 642 1030 exceptis
659 985 794 1029 <etiamsi
818 984 968 1017 secularia
989 994 1035 1016 ca-

293 1040 458 1074 nonicatus
478 1045 508 1073 et
526 1039 723 1084 praebendae
744 1039 916 1083 portiones,
936 1038 1036 1080 digni-

295 1099 390 1135 tates,
415 1095 508 1126 etiam
541 1095 573 1126 in
600 1093 849 1133 cathedralibus,
881 1092 974 1125 etiam
1005 1092 1035 1123 in

295 1147 554 1190 metropolitanis,
577 1152 648 1190 post.
671 1146 866 1190 pontificales
890 1145 1035 1184 maiores,

295 1205 325 1232 et.
347 1199 518 1242 collegiatis
542 1199 683 1232 ecclesiis
707 1199 907 1243 principales,
932 1209 1037 1241 perso-

294 1256 395 1293 natus,
415 1252 711 1293 administrationes,
726 1258 755 1285 et
768 1251 869 1285 officia
886 1251 917 1283 in
938 1251 1038 1284 cathe-

295 1305 435 1339 dralibus
464 1309 494 1340 et
518 1305 790 1349 metropolitaniS,
816 1305 863 1338 vel
889 1304 1036 1346 collegia-

295 1358 334 1391 tis
357 1359 508 1400 ecclesiis,
526 1365 579 1392 aut
594 1359 791 1403 parochiales
811 1357 972 1397 ecclesiae,
989 1358 1036 1389 vel

297 1423 405 1445 earum
429 1417 600 1456 perpetuae
618 1412 763 1452 vicariae,
782 1411 951 1455 cappellae,
970 1422 1038 1454 cap-

297 1466 450 1510 pellaniae
474 1471 654 1510 perpetuae,
678 1464 921 1509 praestimonia⁷
952 1474 1039 1507 prae-

297 1518 488 1553 stimoniales
512 1519 689 1563 portiones,
715 1523 745 1551 et
769 1517 921 1561 simplicia
946 1517 1037 1549 etiam

297 1573 461 1606 servitoria
480 1572 633 1606 beneficia
650 1572 868 1610 ecclesiastica,
882 1571 1039 1614 regularia

298 1636 372 1659 vero
396 1626 548 1659 beneficia
570 1626 750 1659 huiusmodi
767 1625 937 1670 prioratus,
953 1636 1041 1668 prae-

297 1679 457 1722 positurae
471 1706 477 1719 ,
503 1678 734 1722 praepositatus
749 1706 755 1718 ,
780 1678 1017 1722 praeceptoriae
1032 1705 1038 1718 ,

298 1732 476 1775 dignitates,
501 1732 595 1765 etiam
619 1732 854 1771 conventuales,
871 1731 1039 1774 prioratus,

299 1785 594 1825 administrationes,
610 1785 658 1817 vel
683 1785 785 1818 officia
810 1784 930 1817 etiamsi
955 1784 1040 1817 clau-

300 1839 405 1872 stralia
429 1838 554 1879 suerint,
572 1843 601 1870 et
617 1837 656 1870 ad
680 1838 732 1870 illa
750 1837 970 1871 consueverint
987 1837 1039 1881 qui

300 1903 359 1937 per
381 1892 566 1926 electionem
591 1892 726 1932 assumi,
752 1892 859 1935 eisque
883 1902 958 1924 cura
982 1892 1039 1924 im-

301 1946 418 1979 mineat
442 1946 630 1987 animarum,
648 1946 679 1978 in
699 1945 953 1990 quibuscumque
971 1945 1042 1977 civi-

303 1998 418 2032 tatibus
434 2004 465 2032 et
487 1999 694 2039 dioecesibus,
719 1998 851 2041 aliisque
874 1998 951 2031 locis
971 1998 1043 2030 Por-

303 2052 449 2094 tugalliae
473 2057 502 2084 et
525 2051 746 2095 Algarbiorum
771 2062 943 2094 regnorum
969 2061 1043 2083 con-

304 2105 489 2145 sistentium,
496 2116 531 2138 ac
541 2105 771 2149 capitularium,
780 2105 1042 2144 conventualium,

304 2163 335 2191 et
359 2158 490 2191 aliarum
514 2168 716 2197 mensarum,
742 2167 863 2190 necnon
892 2157 1045 2189 universi-

305 2216 403 2244 tatum
434 2212 572 2245 redditus
606 2211 833 2244 ecclesiasticos
868 2211 1044 2254 percipien-

306 2265 394 2306 tium,
419 2265 583 2305 fructibus,
608 2264 799 2305 redditibus,
823 2264 1044 2307 proventibus,

307 2318 438 2359 iuribus,
456 2317 697 2351 obventionibus
712 2322 742 2349 et
761 2317 990 2356 emolumentis,
1007 2316 1045 2348 ad

306 2372 446 2405 eiusdem
471 2372 596 2405 Antonii
621 2371 759 2415 episcopi
784 2370 925 2403 moderni
942 2374 971 2404 et
988 2381 1045 2413 pro

307 2429 450 2470 tempore
475 2424 634 2458 existentis
655 2424 831 2457 collectoris
856 2423 1045 2463 huiusmodi,

307 2490 343 2512 ac
367 2479 500 2512 duarum
525 2479 658 2511 aliarum
684 2488 892 2521 personarum
905 2475 924 2517 ¹,
953 2477 1045 2509 unius

307 2533 452 2566 videlicet
474 2543 531 2576 per
554 2532 655 2575 ipsum
679 2531 857 2574 Philippum
881 2540 999 2572 regem,
1017 2534 1046 2563 et

309 2586 436 2620 alterius
465 2596 523 2631 per
549 2586 733 2619 universum
758 2585 877 2618 clerum
906 2583 1044 2616 eiusdem

347 2704 359 2730 1
376 2703 474 2730 Vocem
486 2710 681 2738 personarum
695 2709 743 2729 nos
758 2700 880 2728 addimus
896 2700 934 2735 (n.
949 2700 997 2734 in).

1066 408 1233 442 scoporum
1248 407 1300 430 seu
1314 393 1548 440 praelatorum¹,
1566 398 1635 439 post
1647 394 1758 427 iustam
1777 397 1805 426 et

1066 450 1365 495 proportionabilem
1391 448 1658 493 comparationem
1684 451 1714 480 et
1741 446 1804 479 dis-

1067 504 1268 537 tributionem
1294 514 1349 547 per
1375 503 1456 546 ipsas
1482 501 1655 534 faciendam
1680 499 1807 532 manda-

1066 562 1130 590 tum
1159 562 1189 589 et
1213 555 1464 595 ordinationem,
1490 553 1727 593 collectoribus,
1753 552 1805 596 qui

1066 615 1169 643 tamen
1181 619 1333 653 personae
1347 608 1574 641 ecclesiasticae
1586 617 1653 639 esse
1664 606 1806 645 debeant,

1066 675 1122 708 per
1147 674 1199 697 eos
1225 662 1419 706 deputandis,
1450 672 1507 705 per
1531 660 1725 693 venerabiles
1749 659 1807 691 sra-

1066 723 1130 750 tres
1154 722 1279 750 nostros
1298 715 1555 759 archiepiscopos
1583 718 1612 748 et
1632 714 1806 757 episcopOS,

1069 781 1105 804 ac
1130 771 1262 804 dilectos
1286 769 1366 802 filios
1391 769 1536 808 abbates,
1560 768 1694 811 priores,
1718 766 1808 799 abba-

1067 825 1168 865 tissas,
1198 824 1380 868 priorissas,
1407 821 1562 865 capitula,
1588 820 1807 864 congregatio-

1067 889 1132 920 nes,
1151 883 1180 911 et
1200 877 1342 920 collegia,
1368 880 1548 917 conventus,
1574 879 1806 919 praeceptores,

1069 930 1363 970 commendatarios,
1384 934 1566 971 ceterasque
1590 937 1740 972 personas
1758 937 1808 959 ec-

1069 985 1278 1024 clesiasticas,
1303 983 1460 1016 seculares
1487 987 1516 1014 et
1537 980 1721 1025 quorumvis
1745 979 1805 1013 Or-

1069 1039 1177 1070 dinum
1209 1038 1385 1080 regulares,
1411 1035 1573 1075 ecclesias,
1598 1033 1808 1073 monasteria,

1069 1092 1248 1134 prioratus,
1276 1089 1529 1134 praeceptoriaS,
1561 1087 1809 1132 praepositatus,

1070 1144 1269 1177 canonicatus
1306 1148 1335 1175 et
1372 1141 1567 1186 praebendas
1583 1168 1590 1182 ,
1606 1141 1809 1184 dignitates,

1069 1203 1265 1241 personatus,
1283 1195 1568 1228 administrationes
1585 1199 1615 1227 et
1631 1194 1743 1234 officia,
1763 1203 1812 1225 ce-

1071 1257 1198 1294 teraque
1229 1250 1381 1283 beneficia
1416 1249 1568 1281 secularia
1601 1254 1630 1281 et
1654 1247 1811 1290 regularia

1071 1303 1249 1337 huiusmodi
1276 1304 1306 1335 in
1332 1302 1478 1341 titulum,
1504 1300 1732 1340 commendam,
1757 1299 1811 1331 ad-

1071 1357 1354 1396 ministrationem,
1381 1360 1411 1388 et
1445 1355 1520 1386 alias
1553 1352 1811 1397 quomodolibet,

1071 1411 1164 1443 etiam
1189 1416 1220 1443 ut
1245 1409 1342 1449 unita,
1360 1408 1536 1442 obtinentes
1557 1407 1612 1449 (ita
1640 1405 1723 1449 quod
1748 1405 1814 1449 qui<

1072 1474 1206 1507 cumque
1220 1464 1348 1503 fructus,
1365 1461 1516 1501 redditus,
1536 1463 1717 1504 proventus,
1736 1459 1813 1498 iura,

1072 1518 1274 1551 obventiones
1291 1522 1321 1550 et
1338 1516 1549 1549 emolumenta
1566 1514 1624 1546 sibi
1638 1514 1730 1546 etiam
1744 1513 1814 1546 loco

1072 1571 1231 1615 pensionis
1255 1579 1387 1608 annuae,
1405 1580 1441 1601 ac
1466 1568 1558 1600 etiam
1577 1566 1743 1610 pensiones
1763 1576 1816 1598 an-

1072 1635 1149 1657 nuas
1171 1624 1230 1657 sibi
1248 1633 1342 1666 super
1359 1621 1516 1654 similibus
1532 1620 1697 1659 fructibus,
1713 1619 1816 1652 reddi-

1074 1678 1165 1718 tibus,
1182 1676 1396 1721 proventibus,
1414 1674 1546 1714 iuribus,
1563 1672 1814 1713 obventionibus,

1073 1730 1303 1769 emolumentis,
1321 1728 1413 1761 etiam
1432 1727 1489 1759 sub
1513 1725 1624 1769 quovis
1648 1724 1816 1768 exemptio-

1072 1785 1120 1816 nis
1145 1788 1175 1816 et
1199 1781 1404 1815 immunitatis
1433 1790 1449 1812 a
1474 1779 1629 1811 similibus
1653 1779 1700 1811 vel
1725 1777 1816 1810 dissi-

1074 1837 1199 1870 milibus
1225 1835 1392 1875 oneribns,
1417 1830 1558 1876 genere⁹
1583 1834 1756 1864 reservatas
1787 1835 1817 1863 et

1074 1891 1246 1933 assignatas
1271 1888 1422 1921 habentes
1447 1892 1474 1919 et
1501 1885 1732 1930 percipientes,
1759 1894 1817 1928 pro

1075 1947 1141 1978 rata
1166 1943 1231 1976 veri
1256 1941 1371 1975 valoris
1408 1940 1632 1979 ecclesiarum,
1662 1944 1818 1972 monaste-

1076 1999 1206 2037 riorum,
1237 2002 1266 2029 et
1290 1995 1425 2028 aliorum
1450 1993 1675 2026 beneficiorum
1691 2020 1698 2033 ,
1724 2003 1819 2036 super

1076 2051 1189 2095 quibus
1213 2050 1381 2094 pensiones
1417 2047 1597 2081 huiusmodi
1622 2051 1819 2086 reservatae,

1077 2105 1263 2138 constitutae
1289 2107 1318 2137 et
1343 2102 1518 2145 assignatae
1542 2101 1678 2141 suerint,
1708 2099 1821 2133 contri-

1077 2159 1174 2191 buere
1186 2157 1376 2200 teneantur),
1390 2155 1617 2198 cuiuscumque
1632 2159 1740 2193 status,
1754 2163 1821 2195 gra-

1078 2211 1146 2251 dus,
1164 2210 1294 2249 ordinis,
1312 2209 1359 2241 vel
1377 2207 1564 2241 conditionis
1585 2207 1701 2239 suerint
1717 2207 1821 2249 (vene-

1080 2263 1231 2296 rabilibus
1255 2267 1360 2294 tamen
1387 2261 1537 2293 fratribus
1560 2260 1676 2293 nostris
1697 2264 1820 2292 sanctae

1079 2319 1237 2350 Romanae
1262 2315 1419 2348 Ecclesiae
1445 2314 1666 2353 cardinalibus,
1687 2313 1739 2357 qui
1761 2323 1822 2357 pro

1080 2370 1249 2403 universali
1275 2368 1412 2401 Ecclesia
1449 2367 1565 2410 iugiter
1588 2366 1753 2399 nobiscum
1778 2366 1822 2399 la-

1079 2425 1202 2463 borant,
1216 2433 1337 2455 necnon
1351 2422 1502 2455 militibus
1520 2420 1823 2464 Hierosolymitanis,

1079 2489 1114 2510 ac
1146 2476 1293 2516 clericis,
1318 2476 1371 2519 qui
1396 2485 1493 2507 unum
1524 2484 1578 2507 seu
1607 2474 1712 2507 forsan
1735 2473 1826 2517 plura

1079 2530 1231 2564 beneficia
1245 2529 1455 2562 ecclesiastica
1471 2528 1599 2561 insimul
1613 2528 1752 2561 valorem
1776 2537 1826 2560 an-

1116 2613 1125 2637 t
1145 2610 1214 2637 Edit.
1233 2609 1312 2636 Main.
1330 2609 1395 2643 legit
1418 2609 1667 2637 nominandarum
1682 2609 1825 2644 episcopo-

1079 2663 1153 2689 rum,
1169 2664 1218 2681 seit
1236 2654 1492 2681 ecclesiasticarimz
1505 2654 1709 2688 praelatorum
1722 2657 1760 2688 tn.
1777 2653 1825 2688 τ.).
1842 2664 1846 2666 ·

1117 2699 1133 2726 2
1149 2699 1260 2726 Videtur
1275 2698 1419 2734 legendum
1434 2699 1466 2726 in
1481 2707 1585 2734 ρεπεν-ε
1602 2698 1638 2734 (n.
1650 2697 1700 2733 ¹r.).

1705 282 1769 316 699
1818 291 1866 318 An,
1884 291 1912 318 c.
1934 290 2002 318 1622

1049 348 1050 379 ἶ
1067 345 1154 387 regni
1168 343 1431 377 nominandarum
1445 340 1727 375 ecclesiasticarum
1744 340 1805 383 epi-
