2293 3231
127 317 176 343 An.
197 315 225 343 C.
245 316 310 342 tait

170 1381 195 1402 Et
210 1387 243 1405 ea,
257 1387 312 1408 quae

130 1407 231 1438 fecerant.>
245 1411 312 1438 atten-

131 1437 180 1457 tina.
196 1437 293 1455 irritant.

966 314 1084 339 PAULUS
1110 314 1128 337 V
1155 314 1200 338 ΡΡ.

326 362 497 396 modolibet
513 367 622 396 contra
639 362 870 406 praedictarum
890 362 1064 395 litterarum

325 422 483 455 tenorem,
509 420 559 448 aut
589 416 663 448 alias
694 416 1011 460 quomodocumque,
1036 421 1065 448 et

326 469 606 512 qualitercumque,
624 468 793 512 quidquam
811 469 922 509 facere,
940 469 986 501 vel
1004 469 1065 501 alio

325 533 524 566 quocumque
543 522 635 555 modo
652 523 682 554 in
708 522 901 556 auctoritatis
924 522 1066 555 ecelesia-

326 575 437 615 sticae,
468 586 503 608 ac
536 575 624 608 Sedis
655 575 872 619 Apostolicae,
905 579 933 607 et
965 575 1065 607 dictae

326 628 477 660 ecclesiae
508 628 706 669 Cenetensis,
738 628 924 671 illarumque
950 627 1065 660 iurium

327 681 556 724 praeiudicium
573 686 734 718 attentare,
749 686 801 714 aut
818 681 967 714 innovare
980 692 1067 725 prae-

327 738 485 768 sumeret:
512 735 626 774 immo,
652 735 675 767 si
704 735 778 778 quid
812 735 841 766 in
874 734 1065 767 contrarium

328 793 400 820 tunc
425 788 530 821 forsan
554 792 737 822 attentatum
762 792 862 827 esset,
887 792 938 819 aut
964 787 1066 830 impo-

327 846 443 873 sterum
462 845 676 881 attentaretur,
698 841 744 873 vel
762 841 973 879 innovaretur,
991 839 1066 872 illud

326 894 418 927 etiam
433 905 469 927 ex
484 899 566 935 tunc,
593 900 685 938 prout
702 899 867 937 postquam
885 897 1066 927 attentatum

326 957 379 979 seu
405 947 583 979 innovatum
609 947 726 986 suisset,
744 957 814 979 eum
836 946 980 979 omnibus
997 945 1067 978 inde

328 999 466 1042 sequutis
483 1005 510 1032 et
529 999 718 1042 sequuturis,
739 999 776 1031 dc
797 998 987 1042 apostolicae
1006 998 1068 1042 ple-

329 1051 468 1084 nitudine
485 1052 655 1096 potestatis,
677 1051 869 1084 irritavimus
885 1056 915 1084 et
930 1051 1068 1083 annulla-

328 1104 444 1143 vimus,
462 1115 497 1136 ac
513 1104 629 1137 nullius
646 1104 770 1137 roboris
787 1108 816 1137 et
833 1104 982 1137 momenti
1000 1114 1066 1136 esse
1083 1120 1085 1124 >

327 1165 357 1191 et
389 1159 478 1198 sore,
512 1159 699 1202 irritumque
731 1163 761 1190 et
793 1159 882 1191 inane
915 1158 1067 1202 quidquid

327 1222 416 1245 secus
432 1223 527 1255 super
547 1212 595 1244 his
615 1223 632 1244 a
649 1222 818 1256 quoquam,
836 1212 944 1255 quavis
960 1215 1067 1245 aucto-

328 1265 428 1305 ritate,
448 1265 582 1297 scienter
602 1265 648 1297 vel
681 1265 872 1308 ignoranter,
901 1265 1068 1307 contigerit

327 1319 487 1359 attentari,
512 1319 709 1351 decrevimus
733 1324 761 1351 et
786 1318 1021 1351 deelaravimus.

372 1373 387 1415 ,ξ
410 1371 439 1405 3.
466 1374 507 1405 Ac
532 1372 670 1413 demum,
695 1383 766 1404 cum
791 1372 829 1405 ad
854 1372 995 1405 notitiam
1016 1383 1068 1405 no-

328 1430 424 1458 stram
448 1425 658 1469 pervenisset,
683 1426 766 1469 quod
790 1426 932 1459 nonnulli
960 1431 1068 1459 contra

329 1478 561 1521 praedictarum
577 1479 744 1511 Clementis
760 1479 1020 1522 praedecessoris,
1038 1484 1067 1511 et

327 1537 507 1564 nostrarum
533 1532 708 1565 litterarum
727 1532 963 1576 prohibitione&
980 1543 1067 1565 man—

331 1585 411 1624 data,
436 1585 570 1625 decreta,
588 1590 616 1617 ct
637 1585 872 1625 declarationes,
897 1589 925 1619 et
946 1585 1020 1617 alias
1037 1585 1067 1617 in
1084 1585 1085 1589 ’

331 1647 426 1681 grave
442 1638 668 1681 praeiudicium
686 1638 812 1678 iurium,
829 1644 856 1670 et
875 1638 1068 1672 auctoritatis

328 1691 566 1729 ecclesiasticae,
591 1702 626 1723 ac
646 1691 734 1724 Sedis
758 1696 787 1723 et
807 1692 955 1724 ecelesiae
980 1702 1069 1735 prae-

328 1743 481 1776 dictarum
508 1744 567 1776 alia
601 1749 826 1776 attentaverant
851 1749 878 1776 et
905 1744 1069 1777 innovave-

329 1801 414 1828 rant:
440 1807 506 1837 nos,
531 1797 588 1830 sub
612 1797 753 1830 eiusdem
777 1797 998 1841 omnipotentis
1014 1798 1067 1830 Dei

329 1854 356 1882 et
371 1850 494 1883 Domini
509 1850 607 1883 nostri
626 1851 694 1883 lesu
710 1850 834 1890 Christi,
853 1861 888 1883 ac
903 1851 1068 1884 beatorum

329 1903 543 1946 apostolorum
576 1904 658 1936 Petri
688 1908 715 1936 et
750 1904 856 1944 Pauli,
887 1909 917 1936 ct
944 1910 1068 1937 nostrae

330 1955 566 1998 indignationis,
593 1966 713 1989 necnon
738 1957 1070 1991 excommunicationis

330 2008 398 2052 ipso
422 2009 503 2042 facto
533 2009 730 2042 incurrendis
757 2010 888 2053 poenis,
914 2022 931 2043 a
955 2011 1070 2055 quibus

330 2062 454 2094 nonnisi
478 2073 495 2094 a
519 2062 619 2102 nobis,
643 2068 672 2095 et
697 2063 774 2095 Sede
795 2064 964 2106 praedicta,
983 2075 1071 2107 prae-

331 2118 473 2158 terquam
507 2115 538 2147 in
568 2115 678 2148 mortis
702 2116 834 2149 articulo
864 2117 1068 2158 constitutus,

331 2168 497 2211 quisquam
522 2168 640 2201 absolvi
666 2173 780 2211 posset,
805 2169 950 2202 omnibus
966 2174 995 2202 et
1013 2170 1071 2203 sin-

332 2222 414 2264 gulis
437 2222 579 2265 personis
604 2222 635 2254 in
658 2222 770 2255 litteris
794 2223 961 2256 Clementis
982 2234 1072 2267 prae-

332 2275 520 2315 decessoris,
548 2281 577 2308 et
608 2275 723 2308 nostris
754 2275 920 2318 praedictis
944 2287 1072 2319 quomo-

332 2327 448 2362 dolibet
483 2327 743 2371 comprehensiS,
779 2328 893 2361 iterum
932 2328 1071 2362 districte

331 2381 554 2426 praecipiendo
579 2381 770 2421 mandantes,
795 2391 833 2413 nc
857 2392 966 2415 corun]
990 2383 1072 2426 quis-

331 2445 426 2478 quam
449 2445 506 2479 per
530 2445 579 2475 se,
604 2435 651 2467 vel
676 2435 771 2467 alium
786 2462 793 2475 ,
820 2445 873 2467 seu
905 2435 983 2468 alios
1013 2436 1070 2469 sub

332 2498 533 2533 quocumque
557 2480 730 2532 praetextu,
747 2493 799 2521 aut
818 2489 933 2529 colore,
954 2488 1071 2522 directe

333 2541 380 2574 vel
404 2541 571 2581 indirecte,
595 2547 648 2575 aut
671 2542 746 2574 alias
777 2541 1071 2585 quomodocumque

333 2599 442 2627 contra
454 2594 619 2628 Clementis
637 2595 898 2638 praedecessoris,
912 2599 941 2627 et
955 2600 1072 2628 nostra-

334 2657 405 2679 rum
421 2647 594 2681 litterarum
608 2648 786 2681 huiusmodi
800 2648 987 2692 apostolicas
1002 2659 1072 2692 pro—

335 2699 511 2742 hibitiones,
528 2701 682 2743 mandata,
698 2702 822 2736 decreta
840 2707 869 2734 et
889 2702 1072 2735 declaratio-

1100 373 1171 402 nes,
1197 366 1249 394 aut
1274 361 1456 393 earumdem
1482 360 1656 400 litterarum
1682 363 1841 397 tenorem,

1100 425 1154 446 seu
1178 413 1253 446 alias
1277 412 1493 446 auctoritatem
1518 411 1759 444 ecelesiasticam
1774 439 1781 451 ,
1807 422 1840 443 ae

1098 466 1187 500 Sedis
1212 466 1417 510 Apostolicae‚
1443 471 1471 498 et
1497 465 1647 498 ecclesiae
1664 464 1842 498 Genetensis

1100 520 1168 552 iura
1200 519 1435 563 quomodolibet
1467 520 1498 552 in
1526 519 1720 552 auctoritatis
1750 528 1841 562 prae-

1100 573 1218 613 dictae,
1243 578 1271 605 et
1304 572 1485 605 earumdem
1517 572 1605 605 Sedis
1635 577 1665 605 et
1692 571 1841 604 ccclesiae

1100 626 1278 660 Cenetensis
1295 626 1410 659 iurium
1428 626 1656 670 praeiudicium
1671 624 1841 669 quidquam

1101 684 1262 719 attentare,
1280 684 1332 712 aut
1349 679 1508 719 innovare,
1525 690 1579 711 seu
1596 678 1843 722 quomodocum-

1101 742 1160 775 que
1185 737 1213 764 et
1239 732 1508 775 qualitercumque
1538 732 1639 765 facere
1665 741 1843 775 praesume-

1101 789 1157 823 ret,
1183 784 1334 828 quidquid
1359 790 1485 817 eatenus
1511 790 1573 817 tam
1590 790 1660 828 post
1676 784 1842 818 Clementis

1103 837 1364 880 praedecessoris,
1377 848 1470 881 quam
1484 843 1606 870 nostras
1622 838 1740 870 litteras
1754 848 1843 881 prae-

1101 890 1198 923 dictas
1224 896 1331 923 contra
1356 891 1496 924 eiusdem
1521 891 1698 931 Clementis,
1716 895 1745 925 ct
1765 891 1843 924 litte-

1102 955 1208 976 rarum
1239 948 1419 977 nostrarum
1449 944 1626 977 huiusmodi
1655 944 1842 988 apostolicas

1102 997 1344 1040 prohibitiones,
1358 997 1511 1038 mandata,
1525 997 1648 1030 decreta
1662 1002 1691 1029 et
1708 997 1843 1030 deelara-

1101 1050 1212 1090 tiones,
1227 1054 1279 1083 aut
1295 1050 1477 1083 earumdem
1494 1051 1670 1083 litterarum
1689 1056 1841 1090 tenorem,

1102 1114 1155 1135 seu
1180 1103 1255 1136 alias
1279 1107 1387 1137 contra
1411 1104 1627 1137 auctoritatem
1655 1103 1842 1137 ecclesiasti-

1102 1167 1191 1197 cam,
1221 1161 1250 1190 ct
1281 1157 1367 1190 Sedis
1401 1157 1597 1201 Apostolicae
1631 1163 1659 1189 et
1693 1156 1842 1189 ecelesiae

1101 1210 1278 1244 Cenetensis
1310 1211 1490 1243 huiusmodi
1522 1210 1611 1250 iura,
1637 1215 1842 1250 attentatum,

1102 1263 1292 1304 innovatum,
1310 1268 1362 1297 aut
1378 1263 1615 1307 quomodolibet
1635 1263 1748 1296 sactimi
1766 1268 1843 1303 erat,

1102 1320 1154 1350 aut
1177 1316 1385 1360 imposterum
1417 1321 1639 1356 attentaretur,
1672 1327 1727 1349 seu
1758 1316 1843 1349 inno-

1102 1375 1245 1409 varetur,
1271 1375 1321 1402 aut
1346 1370 1451 1410 fieret,
1469 1370 1585 1402 directe
1603 1370 1649 1402 vel
1674 1369 1842 1409 indirecte,

1103 1422 1195 1463 illud,
1221 1434 1255 1455 ac
1281 1423 1386 1456 onmia
1410 1428 1437 1455 et
1464 1423 1586 1466 singula
1614 1423 1684 1455 inde
1713 1428 1843 1466 sequuta

1102 1481 1131 1508 et
1163 1481 1353 1519 sequutura,
1387 1476 1424 1509 dc
1457 1476 1646 1520 apostolicae
1680 1476 1843 1519 potestatis

1102 1529 1295 1572 plenitudine
1328 1529 1415 1562 irrita
1448 1535 1477 1561 et
1510 1529 1630 1569 inania,
1663 1540 1697 1561 ac
1728 1528 1844 1561 nullius

1103 1582 1229 1614 roboris
1254 1588 1281 1614 et
1308 1583 1457 1615 momenti
1482 1593 1549 1614 esse
1575 1586 1604 1614 et
1628 1582 1712 1615 fore:
1737 1581 1843 1625 sicque

1103 1646 1160 1678 per
1184 1646 1398 1679 quoscumque
1418 1635 1536 1668 iudices
1553 1635 1731 1668 ordinarios
1748 1638 1777 1668 et
1793 1634 1843 1667 de-

1103 1689 1231 1730 legatos,
1256 1689 1348 1722 etiam
1374 1699 1539 1721 causarum
1557 1688 1662 1731 palatii
1680 1687 1842 1732 apostolici

1084 1743 1269 1785 ,auditores
1295 1749 1323 1775 et
1348 1743 1376 1776 S.
1402 1743 1436 1775 R.
1463 1743 1494 1775 E.
1512 1743 1686 1775 cardinales
1706 1742 1842 1785 (sublata

1103 1796 1156 1835 cis,
1182 1801 1210 1828 et
1235 1806 1345 1828 corum
1370 1795 1496 1828 cuilibet.
1521 1795 1629 1839 quavis
1653 1795 1743 1828 aliter
1768 1794 1844 1827 iudi-

1103 1848 1192 1881 candi
1217 1854 1245 1881 et
1271 1849 1496 1892 interpretandi
1521 1849 1664 1881 facultate
1689 1854 1718 1880 et
1741 1852 1844 1882 aucto-

1104 1901 1208 1944 ritate)
1226 1901 1356 1934 iudicari
1381 1906 1408 1933 et
1434 1901 1558 1934 definiri
1576 1901 1701 1941 debere,
1718 1911 1753 1933 ac
1771 1901 1843 1934 irri-

1104 1959 1169 1987 tum
1179 1960 1209 1987 et
1222 1955 1322 1995 inane,
1332 1955 1356 1987 si
1370 1965 1459 1987 secus
1473 1965 1569 1998 super
1583 1954 1631 1987 his
1644 1965 1661 1987 a
1674 1965 1843 1998 quoquam,

1103 2009 1212 2052 quavis
1225 2009 1422 2049 auctoritate,
1437 2009 1571 2041 scienter
1586 2009 1634 2041 vel
1652 2008 1844 2051 ignoranter,

1104 2062 1272 2105 contigerit
1307 2063 1469 2102 attentari,
1495 2063 1612 2106 pariter
1648 2062 1844 2095 decrevimus

1105 2121 1134 2148 et
1158 2116 1407 2156 declaravimus,
1432 2121 1460 2150 et
1482 2116 1574 2157 alias,
1599 2121 1692 2159 prout
1716 2116 1747 2148 in
1771 2116 1843 2149 dicti

1104 2169 1270 2202 Clementis
1290 2169 1541 2213 praedecessoris
1561 2170 1618 2202 sub
1635 2169 1684 2202 die
1701 2180 1779 2202 xx111
1795 2170 1845 2202 de—

1105 2222 1243 2255 cembris
1257 2221 1334 2255 nnc*
1346 2228 1375 2255 et
1388 2222 1503 2255 nostris
1515 2222 1572 2255 sub
1585 2233 1639 2255 xx1
1653 2223 1714 2255 mai
1728 2232 1824 2256 nncxt
1835 2222 1846 2238 ²

1105 2286 1140 2308 ac
1167 2286 1197 2308 x1
1222 2275 1332 2307 diebus
1357 2275 1488 2308 ianuarii
1511 2275 1683 2318 praesentis
1702 2275 1774 2307 anni
1794 2275 1845 2307 de-

1105 2339 1201 2372 super
1224 2328 1317 2361 etiam
1348 2328 1380 2360 in
1408 2328 1587 2361 huiusmodi
1611 2329 1714 2361 forma
1739 2328 1844 2361 Brevis

1105 2381 1256 2425 expeditis
1278 2381 1390 2414 litteris
1401 2381 1422 2421 ⁸,
1447 2392 1580 2424 quarum
1605 2387 1729 2414 tenores
1752 2392 1844 2426 prae-

1105 2434 1244 2467 sentibus
1272 2445 1330 2477 pro
1358 2434 1516 2478 expressis
1548 2434 1657 2467 haberi
1682 2435 1843 2476 volumus,

1106 2487 1229 2531 plenius
1253 2487 1439 2521 continetur.

1142 2578 1152 2603 1
1175 2576 1242 2604 Vide
1259 2577 1308 2604 loc.
1326 2577 1371 2603 eit,
1388 2577 1413 2603 in
1428 2579 1490 2604 nota
1506 2577 1538 2604 ad
1555 2577 1691 2604 rubricam
1706 2578 1747 2612 (n.
1769 2581 1817 2612 τ.).

1140 2621 1156 2647 2
1172 2621 1237 2648 Vide
1253 2629 1312 2656 sup.
1330 2621 1355 2648 in
1373 2623 1435 2648 nota
1450 2621 1483 2648 ad
1499 2621 1636 2649 rubricam
1651 2623 1748 2657 (tur).

1141 2665 1157 2692 3
1171 2665 1247 2693 Aliae
1264 2665 1315 2693 hae
1334 2666 1440 2693 litterae
1460 2666 1586 2701 leguntur
1605 2674 1696 2702 supra,
1711 2675 1771 2702 pag.
1792 2666 1845 2693 950

1108 2709 1188 2738 huius
1208 2711 1272 2738 tomi
1292 2715 1328 2745 (a,
1345 2712 1393 2744 τ.).

1743 301 1806 335 ⁶269
1855 312 1905 337 Λη,
1924 310 1952 337 c.
1971 311 2038 336 1614
