2293 3231
105 294 155 331 Ani
169 303 196 331 c.
219 303 285 331 1622

129 630 230 651 Hortatur
252 629 287 649 ‹tu-

103 662 158 678 muiu
174 662 244 676 omues
259 655 286 675 aul

103 682 271 704 benedicendum
282 697 286 705 ,

104 712 125 731 et
168 709 286 734 glor-utican-

104 737 152 758 dum
172 736 238 756 Deum
261 735 286 755 oh

102 763 222 784 huiusmodi
241 768 287 787 pri·-

103 792 172 811 aetam
203 789 287 810 canoni-

103 817 214 838 zationem.

128 1319 235 1346 Exemplis
249 1320 286 1341 hu-

101 1347 135 1368 ius
155 1347 225 1369 bullae
242 1349 288 1370 uhi-

102 1379 143 1401 que
160 1375 222 1398 fldem
241 1376 285 1397 dari

51 1426 53 1428 ,
103 1402 168 1424 iubet.

140 1804 286 1825 Sanctionem-

103 1835 144 1856 φη
175 1831 285 1857 poenalem

102 1857 206 1879 adiunxit.

899 305 1075 340 Gnnssomus
1102 306 1139 328 XV
1166 305 1212 328 PP-

298 350 450 394 Principis
458 352 671 394 apost‹1›lor1un
681 352 806 384 missam
815 352 889 384 celei
897 352 1043 385 »ravimus

301 415 372 437 cum
391 404 530 436 eiusdem
553 404 682 437 Sanctae
699 405 834 447 Virginis
851 416 1042 438 commemo-

302 457 432 497 ratione,
452 457 663 500 omnibusque
688 458 944 491 clu-istitidelibus
971 464 1042 491 tune

302 510 519 554 praesentibus
544 510 715 554 plenariam
743 511 883 544 omnium
901 517 1043 555 peecato-

303 568 405 596 torum
429 573 559 595 suorum
577 563 802 606 imlulgentiam
819 565 1041 598 concessimus.

345 615 360 658 ἓ
384 614 435 647 31.
461 616 555 647 Decet
579 615 684 658 igitur,
710 622 743 648 ut
768 628 826 660 pro
845 622 906 649 tam
929 617 1041 660 insigni

302 667 455 700 beneficio
480 678 591 701 omnes
612 680 681 701 eum
700 669 785 701 omni
803 669 977 703 humilitate
993 670 1043 703 be-

302 720 484 753 nedicamus
502 726 532 754 et
548 721 763 764 glorificemus
776 723 865 762 Eum,
883 733 976 765 quein
994 723 1043 755 de-

303 778 351 806 cet
376 773 478 807 omnis
498 774 686 815 benedictio,
704 779 734 807 et
753 775 864 817 honor,
885 779 914 808 et
931 775 1041 818 gloria,

303 832 333 859 et
356 831 494 870 potestas
518 827 549 859 in
574 827 679 860 secula
703 828 893 868 seculorum,
910 828 1042 861 assiduis

302 879 450 923 precibus
470 881 509 913 ab
534 890 571 913 eo
595 881 799 924 postulantes,
817 886 850 913 ut
871 891 927 924 per
951 881 1044 914 inter-

302 932 475 966 cessionem
502 933 618 966 electae
636 944 710 966 suae
733 944 750 966 a
774 934 910 977 peccatis
927 935 1042 967 nostris

302 985 413 1018 faeiem
439 996 526 1019 suam
547 991 690 1019 avertens
714 987 902 1020 misereatur
931 988 1042 1028 nostri,

303 1043 333 1071 et
357 1039 503 1083 respiciat
526 1049 594 1080 neS,
619 1044 650 1072 et
673 1040 815 1072 ostendat
831 1040 923 1073 nobis
939 1041 1041 1073 lucem

303 1091 594 1124 misericordiarum
618 1103 755 1133 suarum,
781 1096 810 1126 et
834 1092 978 1125 immittat
1005 1093 1041 1126 ti-

303 1154 425 1176 morem
450 1155 541 1177 suum
566 1155 660 1188 super
684 1150 804 1188 gentes,
822 1156 901 1189 quae
917 1156 980 1179 non
994 1157 1043 1179 co-

302 1202 478 1241 gnoverunt
502 1208 585 1238 eum,
610 1203 644 1231 ut
668 1204 869 1242 cognoscant,
887 1200 960 1244 quia
979 1210 1042 1234 non

302 1256 349 1284 est
372 1252 451 1285 alius
475 1252 567 1293 Deus,
591 1253 651 1286 nisi
675 1253 757 1286 Deus
780 1258 897 1286 noster.

346 1306 362 1350 ἓ
376 1306 428 1339 32.
449 1307 605 1347 Ceterum,
620 1306 693 1350 quia
709 1307 836 1341 difficile
860 1308 939 1341 foret
955 1318 1043 1353 prae-

303 1364 405 1393 sentes
435 1363 559 1394 nostras
589 1361 709 1393 litteras
741 1361 779 1393 ad
809 1361 932 1404 singula
955 1363 1041 1404 loca,

302 1413 355 1446 ubi
373 1423 452 1457 opus
469 1418 560 1455 esset,
574 1414 699 1455 deferri,
715 1415 869 1455 volumus,
886 1420 920 1448 ut
933 1425 1041 1448 earum

302 1467 464 1512 exemplis,
490 1467 583 1500 etiam
607 1467 780 1511 impressis,
806 1478 901 1501 manu
924 1469 1041 1513 publici

302 1521 416 1554 notarii
440 1521 636 1565 subscriptis,
658 1526 688 1554 et
707 1521 811 1565 sigillo
826 1522 957 1555 alicuius
974 1533 1042 1566 per-

303 1585 397 1608 sonae
410 1575 442 1607 in
456 1575 606 1618 dignitate
627 1575 838 1608 ecclesiastica
856 1577 1042 1610 constitutae

301 1628 448 1668 munitis,
474 1628 583 1661 eadem
612 1628 728 1672 ubique
760 1629 837 1662 fides
870 1629 1041 1670 habeatur,

303 1692 382 1725 quae
414 1681 489 1726 ipsis
520 1682 739 1726 praesentibus
769 1682 991 1724 adhiberetur,
1017 1683 1042 1716 si

301 1739 405 1767 essent
428 1734 584 1767 exhibitae
603 1735 651 1767 vel
669 1740 820 1768 ostensae.

344 1789 360 1831 g
375 1787 427 1822 33.
441 1788 525 1822 Nulli
542 1798 618 1832 ergo
632 1788 760 1822 omnino
774 1788 938 1822 hominum
951 1789 1044 1824 liceat

301 1842 382 1875 hanc
399 1842 547 1886 paginam
567 1846 749 1875 nostrorum
767 1842 975 1885 definitionis,
993 1843 1043 1876 de-

301 1895 389 1937 creti,
406 1895 637 1940 adscriptionis,
662 1896 810 1937 mandati,
830 1897 945 1938 statuti,
963 1897 1043 1930 rela-

301 1949 434 1982 xationis
451 1954 482 1982 et
494 1949 639 1982 volutatis
654 1949 836 1992 infringere,
854 1951 899 1982 vel
919 1950 947 1983 ei
965 1961 1043 1983 ausu

302 2002 470 2035 temerario
488 2002 654 2035 contraire.
669 2003 700 2036 Si
717 2003 787 2048 quis
803 2007 907 2035 autem
924 2004 985 2036 hoc
1002 2008 1044 2036 at-

304 2058 422 2087 tentare
437 2056 695 2100 praesumpserit,
712 2055 959 2099 indignationem
980 2067 1044 2090 om-

303 2107 472 2153 nipotentis
489 2108 553 2149 Dei,
572 2119 608 2141 ae
626 2109 790 2142 beatorum
809 2109 893 2143 Petri
911 2115 940 2143 et
956 2111 1041 2143 Pauli

303 2162 518 2206 apostolorum
538 2161 614 2202 eius,
635 2173 668 2195 se
690 2163 814 2195 noverit
830 2163 1042 2197 incursurum.

347 2216 459 2248 Datum
484 2215 612 2256 Romae,
636 2216 720 2259 apud
744 2216 773 2249 S.
799 2216 936 2257 Petrum,
961 2228 1042 2251 anno

304 2269 530 2302 incarnationis
546 2268 727 2301 Dominicae
751 2270 912 2310 MDcxxn',
931 2275 1043 2314 quarto

306 2323 376 2356 idus
400 2323 515 2364 martii,
535 2322 736 2367 pontificatus
753 2324 852 2356 nostri
870 2333 952 2358 anno
972 2335 1004 2358 11.

339 2384 397 2412 Dat.
414 2384 457 2412 die
473 2385 505 2412 12
519 2385 610 2412 martii
628 2385 704 2419 1622,
721 2384 814 2421 pontif.
832 2393 875 2412 au.
892 2392 922 2412 11.

1720 293 1776 327 0811

1075 354 1099 395 »κ
1117 353 1181 395 Ego
1193 352 1378 385 Francis-rus
1398 351 1492 384 Mai-ia
1504 350 1697 384 cardinalisa
1711 351 1812 384 Monte

1165 406 1329 449 episeopus
1356 405 1545 438 roi-mensis.

1075 461 1100 503 -ξ-
1125 460 1190 503 ligo
1217 460 1399 492 Franciscus
1418 459 1533 491 Ssortia
1553 458 1721 492 cardinalis
1736 457 1814 501 epis-

1163 524 1261 556 eopus
1286 513 1488 545 Tusculanus.

1075 568 1097 607 †
1122 566 1187 608 Ego
1220 565 1413 598 Alexandrus
1450 564 1616 597 cardinalis
1648 564 1813 596 Montaltus

1163 618 1330 662 episeopus
1355 617 1555 658 albanensis,
1577 617 1595 650 S
1620 617 1653 650 R.
1677 617 1708 650 E.
1734 616 1814 649 vice-

1164 671 1377 704 cancellarius.

1075 726 1098 765 †
1123 725 1188 766 Ego
1221 724 1366 757 Octavius
1397 723 1564 767 episeopus
1593 722 1814 755 Praenestinus

1164 779 1331 812 cardinalis
1356 779 1522 811 Bandinus.

1075 834 1098 873 †
1124 833 1189 875 Ego
1213 832 1353 865 Andreas
1378 832 1459 865 tituti
1485 831 1581 863 sancti
1608 830 1765 863 Laurentii
1783 830 1814 862 in

1165 885 1281 917 Lucina
1298 885 1462 928 presbyter
1479 884 1644 917 cardinalis
1662 884 1812 916 Perottus.

1076 939 1100 980 η’-
1125 939 1190 980 Ego
1215 939 1346 971 Ioannes
1367 938 1502 981 Baptista
1525 937 1605 971 tituli
1623 937 1667 970 Ss.
1683 935 1765 968 Petri
1785 940 1815 967 et

1164 990 1334 1023 Marcellini
1348 990 1513 1033 presbyter
1530 988 1696 1021 cardinalis
1710 989 1812 1020 Detus.

1075 1045 1098 1084 †
1122 1043 1188 1085 Ego
1212 1043 1393 1076 Domiuieus
1411 1042 1577 1075 cardinalis
1592 1042 1637 1075 Ss.
1655 1042 1816 1085 Apostolo-

1164 1107 1234 1128 rum
1260 1096 1456 1140 Gymnasius.

1075 1151 1097 1190 †
1121 1149 1186 1191 Ego
1211 1149 1340 1182 Carolus
1365 1149 1446 1182 tituli
1471 1148 1568 1182 sancti
1592 1148 1733 1181 Caesarei
1751 1158 1816 1180 ear-

1164 1202 1276 1235 dinalis
1296 1202 1478 1235 Madrutius.

1075 1258 1098 1296 †
1122 1255 1188 1298 Ego
1213 1255 1241 1288 S.
1266 1255 1347 1289 tituli
1373 1255 1471 1288 saneti
1502 1255 1697 1300 Chrysogoni
1725 1267 1816 1300 pres-

1163 1309 1253 1354 byter
1278 1309 1445 1342 cardinalis
1470 1309 1672 1352 Burghesius.

1074 1364 1099 1407 †
1123 1364 1189 1406 Ego
1203 1364 1239 1395 M.
1259 1363 1337 1396 tituli
1359 1363 1457 1396 saneti
1480 1362 1633 1407 Onuphrii
1650 1363 1816 1406 presbyter

1164 1417 1331 1450 cardinalis
1349 1417 1549 1450 Barberinus.

1075 1473 1098 1512 †
1121 1471 1187 1513 Ego
1212 1471 1342 1503 Ioannes
1366 1470 1476 1504 Garzia
1500 1470 1582 1503 tituli
1606 1471 1651 1503 Ss.
1676 1470 1816 1510 Quatuor

1163 1524 1391 1557 Coronatoruin
1403 1523 1567 1568 presbyter
1577 1523 1744 1556 cardinalis
1755 1523 1817 1556 Mit-

1163 1577 1256 1610 linus.

1075 1633 1098 1672 †
1122 1631 1188 1673 Ego
1203 1631 1239 1663 M.
1254 1630 1334 1663 tituli
1352 1630 1396 1663 ss.
1410 1630 1527 1669 Quirici
1545 1634 1575 1665 et
1595 1630 1716 1663 lulittae
1730 1641 1817 1675 pres-

1163 1684 1253 1728 byter
1277 1683 1444 1716 cardinalis
1468 1684 1587 1716 Lantes.

1075 1740 1098 1779 †
1122 1738 1188 1781 Ego
1221 1736 1378 1771 Fabritius
1411 1737 1490 1771 tituli
1521 1737 1619 1770 saneti
1650 1737 1815 1781 Augustini

1164 1791 1328 1836 presbyter
1351 1791 1518 1824 cardinalis
1542 1791 1693 1824 Veratius.

1075 1847 1098 1886 †
1122 1845 1187 1887 Ego
1205 1845 1335 1878 Ioannes
1351 1845 1489 1888 Baptista
1506 1844 1588 1877 tituli
1605 1849 1728 1877 sanctae
1745 1845 1815 1878 Cae-

1164 1897 1253 1931 ciliae
1277 1897 1441 1941 presbyter
1465 1897 1632 1930 cardinalis
1655 1898 1778 1930 Lenius.

1075 1954 1098 1993 †
1122 1951 1188 1995 Ego
1226 1950 1408 1983 Dominicus
1443 1950 1523 1983 tituli
1560 1951 1657 1983 saneti
1692 1951 1815 1983 Martini

1164 2004 1195 2036 in
1212 2004 1367 2037 Montibus
1390 2004 1554 2048 presbyter
1572 2003 1750 2046 *cardinalis
1768 2004 1817 2037 Ri-

1164 2058 1280 2091 varola.
1558 2052 1563 2057 ’

1075 2114 1098 2153 †
1122 2112 1188 2154 Ego
1222 2110 1340 2155 Gaspar
1371 2110 1538 2144 cardinalis
1569 2110 1704 2154 Borgia,
1735 2111 1815 2145 tituli

1165 2170 1288 2198 sanctae
1312 2165 1419 2198 Crucis
1443 2164 1474 2197 in
1498 2164 1703 2197 Hierusalem.

1075 2222 1098 2261 †
1121 2218 1187 2261 Ego
1212 2218 1367 2251 Robertus
1391 2217 1471 2250 tituli
1497 2217 1594 2249 saneti
1611 2216 1709 2249 Alexii
1732 2227 1816 2260 pres·

1163 2271 1252 2316 byter
1277 2270 1443 2303 cardinalis
1468 2270 1647 2303 Ubaldinus.

1076 2328 1098 2366 †
1123 2325 1189 2368 Ego
1206 2324 1349 2357 Tiberius
1370 2323 1451 2356 tituli
1469 2323 1566 2355 saneti
1590 2322 1713 2356 Priscae
1731 2333 1816 2366 pres-

1164 2378 1254 2422 byter
1278 2376 1444 2409 cardinalis
1468 2376 1579 2409 Mutus.

1830 302 1877 330 An.
1894 302 1922 330 C.
1945 302 2010 330 1892

1076 2434 1099 2472 †
1124 2431 1188 2473 Ego
1200 2430 1324 2463 Gabriel
1339 2429 1420 2462 tituli
1430 2429 1527 2462 saneti
1541 2429 1771 2462 Bartholomaei
1784 2430 1815 2462 in

1165 2484 1268 2516 Insula
1284 2482 1449 2527 presbyter
1473 2482 1639 2515 cardinalis
1659 2483 1697 2515 de
1713 2483 1813 2516 Treio.

1076 2541 1098 2580 -Τ
1122 2538 1188 2580 Ego
1213 2538 1241 2571 S.
1266 2537 1431 2581 presbyter
1456 2536 1622 2570 cardinalis
1646 2536 1812 2569 851151111-

1163 2601 1231 2631 nae,
1256 2590 1285 2623 S.
1310 2591 1344 2623 R.
1371 2590 1402 2622 E.
1423 2589 1691 2622 bibliothecarius.

1075 2648 1098 2686 †
1122 2645 1187 2687 Ego
1212 2643 1312 2677 Guido
1336 2642 1417 2675 tituli
1434 2648 1556 2676 sanetae
1574 2643 1687 2676 Mariae
1707 2643 1745 2675 de
1763 2643 1816 2676 Po-
1832 2670 1836 2672 .

1163 2698 1237 2742 pulo
1252 2697 1416 2742 presbyter
1432 2696 1598 2730 cardinalis
1615 2696 1814 2730 Bentivolius.

145 2469 216 2494 Papae
239 2469 289 2490 sub·

106 2495 202 2522 scriptio.

448 2457 497 2507 ᾖ
528 2457 614 2494 EGO
646 2457 897 2494 caesonius

379 2529 575 2555 CATHOLICAE
599 2529 768 2553 ECCLESIAE
792 2530 970 2553 EPISCOPUS.

107 2600 289 2654 „ubffcssffssiffiieusm
305 2595 328 2634 †
351 2592 418 2635 Ego
441 2591 594 2626 Antonius
619 2591 785 2625 cardinalis
809 2591 931 2624 Saulius
956 2591 1043 2626 deca-

349 2656 417 2678 [IUS-

340 2709 354 2735 1
370 2708 488 2735 Erronee
502 2708 566 2735 edit.
584 2707 666 2735 Main.
683 2707 766 2735 habet
782 2707 845 2735 1621
868 2707 904 2744 (a.
921 2707 971 2743 T.).

389 2762 468 2790 Bull.
487 2763 564 2790 Rom.
585 2778 619 2781 —
641 2762 701 2789 Vol.
717 2761 782 2789 XII.
909 2761 944 2789 86
