2293 3231
554 267 618 302 stt
1093 267 1268 293 strunium
1292 265 1444 292 nomm!

601 326 779 363 Ordinariis
811 323 915 369 quoad
952 329 1060 356 curam
1092 321 1267 354 animarum
1299 323 1329 354 et
1360 318 1574 352 consessiones
1605 318 1797 354 secularium
1828 319 1892 356 312
1917 324 1948 356 et
1970 321 2044 357 313.

602 377 789 414 Praescribit
815 376 976 410 observari
1001 383 1167 408 numerum
1193 377 1341 406 statutum
1360 373 1391 405 in
1416 373 1615 405 monasteriis
1639 372 1823 406 monialium
1853 375 1943 418 regni
1974 374 2045 410 Por-

600 432 747 477 tugalliae
777 431 840 464 315
872 441 900 462 α.
927 428 1084 462 Sacellum
1124 429 1154 460 in
1185 426 1318 460 Basilica
1345 425 1511 459 Liberiana
1544 427 1656 469 erigit,
1689 427 1752 460 315
1784 427 1821 459 b:
1860 427 1940 461 Vide
1969 428 2045 463 Bur-

596 487 780 531 gbesiorum
806 482 967 516 sacellum.
993 481 1166 515 Clementis
1192 480 1296 524 Papae
1322 478 1390 512 Vlll
1417 483 1656 512 monumentum
1682 480 1713 512 in
1739 488 1777 513 eo
1801 481 1905 524 ponit,
1931 480 1993 515 317
2018 481 2045 515 b.

597 539 733 572 lnstituit
746 536 1040 570 Confraternitatem
1058 533 1313 568 christifidelium
1332 534 1498 578 utriusque
1515 543 1612 567 sexus
1628 532 1688 567 sub
1708 534 1909 568 invocatione
1926 534 1973 568 Ss.
1987 534 2045 569 Be-

599 592 715 626 nedicti
740 594 770 624 et
795 588 1006 623 scholasticae
1032 588 1070 621 de
1094 587 1177 621 L'rbe
1203 596 1276 621 cum
1312 586 1458 620 facultate
1488 585 1646 621 liberandi
1676 597 1774 621 unum
1807 590 1976 633 quotannis
2005 599 2043 623 ex

598 645 754 678 damnatis
772 642 957 687 capitaliter,
975 641 1038 675 338
1055 652 1075 673 α
1092 644 1123 674 61
1139 652 1200 685 seq.
1219 640 1333 674 Statuit
1358 643 1493 685 quatuor
1509 639 1728 674 adolescentes
1747 640 1909 676 Ruthenos
1933 643 1964 676 in
1982 642 2046 676 col-

599 698 680 741 legio
705 696 826 730 Graeco
851 695 891 728 de
908 694 991 728 Urbe
1009 694 1155 734 educari,
1174 694 1237 728 340
1255 704 1274 726 α
1291 696 1321 727 61
1338 704 1398 738 seq.
1421 692 1643 727 Caeremonias
1660 703 1678 728 a
1694 693 1850 728 Ruthenis
1870 688 2045 730 servandas

598 751 753 792 declarat,
772 750 831 783 341
855 759 873 781 a
898 752 926 782 et
952 759 1012 792 seq.
1029 747 1147 781 Detinit
1172 746 1334 780 Rutbenos
1359 747 1528 790 episcopos
1553 747 1694 781 ordinari
1711 757 1803 791 posse
1820 748 2046 783 assistentibus

598 805 712 846 latinis,
731 808 760 837 et
785 804 936 844 vicissim,
958 801 1021 835 342
1046 812 1075 835 α.
1100 800 1221 835 Poenas
1246 803 1277 833 et
1301 800 1545 842 cfltiscationes
1570 802 1602 834 in
1627 800 1715 834 Statu
1739 800 1962 835 Ecclesiastico
1986 801 2048 835 sol-

600 858 719 893 vendas
751 865 895 891 camerae
928 855 1121 899 apostolicae
1156 864 1195 887 ex
1220 852 1450 888 Constitutione
1483 852 1562 886 Sixti
1587 851 1631 894 V,
1657 852 1720 886 343
1745 863 1764 885 α
1789 856 1820 886 61
1844 863 1906 898 seq.
1930 851 2047 888 Detinit

598 912 637 946 de
661 910 818 955 gubernio
843 910 1108 943 monasteriorum
1133 907 1359 942 monachorum
1381 906 1671 941 ecclesiasticorum
1688 904 1820 941 Ordinis
1837 905 1868 940 S.
1885 906 2048 941 Benedicti

598 975 654 1010 per
677 963 810 998 abbates
835 966 887 996 aut
912 963 1056 1006 priores,
1082 962 1144 996 345
1170 960 1186 994 b
1211 965 1242 995 et
1265 971 1326 1006 seq.
1352 960 1453 995 Unam
1477 960 1763 1004 Congregationem
1791 959 2047 1003 cisterciensem,

600 1019 775 1061 Aragoniae
801 1020 832 1050 et
854 1016 1015 1050 Navarrae
1040 1014 1100 1050 sub
1125 1014 1309 1049 obedientia
1326 1013 1450 1049 abbatis
1465 1014 1625 1058 generalis
1645 1013 1790 1048 Cistercii
1815 1015 1919 1057 erigit,
1937 1014 2000 1048 347
2018 1018 2049 1048 et.

597 1083 658 1117 seq.
687 1071 974 1115 Congregationem
998 1069 1141 1104 doctrina
1166 1068 1338 1103 christiana
1354 1069 1612 1103 Avenionensem
1631 1077 1704 1102 cum
1723 1067 1979 1111 Congregatione
1996 1067 2050 1102 So-

600 1125 746 1159 maschae
778 1126 865 1166 unit,
891 1123 955 1157 354
980 1127 1009 1157 et
1034 1134 1096 1168 seq.
1121 1123 1253 1157 Innovat
1278 1122 1523 1156 Constitutiones
1548 1122 1629 1156 Sixti
1653 1120 1694 1154 IV
1719 1124 1751 1155 et
1774 1121 1821 1156 Pii
1845 1120 1871 1154 V
1895 1121 1936 1156 de
1968 1121 2049 1156 Con-

600 1181 746 1223 ceptione
769 1179 802 1212 B.
827 1178 866 1212 M.
891 1178 940 1218 V.,
967 1178 1030 1212 356
1055 1178 1072 1211 b
1097 1182 1128 1212 et
1151 1176 1299 1221 prohibet
1322 1178 1493 1221 quominus
1518 1178 1549 1209 in
1575 1173 1698 1209 actibus
1729 1173 1866 1219 publicis
1891 1178 2050 1210 asseratur

602 1242 670 1266 eam
695 1233 791 1266 fuisse
818 1234 848 1265 in
874 1236 1006 1275 peccato
1031 1235 1236 1275 conceptam,
1263 1231 1324 1264 396
1351 1230 1368 1262 b
1393 1234 1421 1264 ct
1446 1240 1508 1274 seq.
1533 1228 1685 1263 Moniales
1702 1237 1742 1261 ne
1759 1227 1882 1262 solvant
1898 1229 2049 1273 propinas

600 1285 818 1330 superioribus
843 1288 1126 1328 monasteriorum,
1152 1286 1216 1320 359
1241 1284 1257 1318 b
1283 1289 1312 1318 et
1336 1295 1396 1329 seq.
1423 1282 1537 1317 Contra
1568 1281 1704 1316 ambitus
1734 1281 1867 1315 fratrum
1897 1281 2051 1317 Caelesti-

601 1352 728 1383 norum⁷
747 1342 809 1375 300
827 1341 853 1384 b,
870 1343 946 1375 item
962 1341 1136 1383 Minorum,
1163 1340 1226 1374 450
1251 1341 1268 1373 b
1294 1344 1324 1374 et
1347 1339 1566 1378 Minimorum,
1591 1335 1656 1370 452
1676 1336 1702 1369 b.
1719 1335 1861 1368 Revoeat
1880 1335 2050 1380 privilegia

602 1398 815 1431 universitatis
839 1397 934 1431 studii
960 1397 1183 1438 Lovaniensis,
1206 1395 1270 1428 36⁶2
1294 1394 1310 1428 b
1335 1399 1364 1428 et
1389 1403 1450 1438 seq.
1468 1392 1640 1427 Confirmat
1663 1389 1909 1425 Constitutiones
1933 1389 2051 1425 Eremi-

601 1456 700 1485 tarum
734 1452 763 1485 S.
789 1451 957 1494 Augustini
989 1451 1252 1495 congregationis
1285 1449 1411 1483 Siciliae
1443 1452 1473 1482 et
1499 1448 1598 1492 ipsius
1630 1448 1780 1480 unionem
1805 1445 2051 1490 Congregationi

601 1507 724 1549 ltaliae,
751 1507 813 1541 377
838 1506 854 1539 b
880 1510 909 1540 et
934 1517 995 1551 seq.
1020 1505 1306 1549 Congregationcm
1333 1504 1464 1538 fratrum
1489 1502 1616 1536 loannis
1639 1500 1698 1534 Dei
1723 1502 1755 1534 in
1781 1509 1891 1535 veram
1923 1499 2051 1544 religio-

602 1571 672 1595 nem
698 1562 807 1605 erigit,
833 1561 896 1595 379
920 1560 936 1593 b
961 1564 992 1594 et
1015 1570 1076 1605 seq.
1109 1563 1139 1593 et
1171 1559 1271 1603 ipsius
1304 1558 1551 1592 Constitutiones
1582 1555 1757 1600 approbat,
1783 1555 1845 1589 386
1879 1565 1900 1588 α
1930 1557 1962 1588 61
1989 1565 2051 1599 seq.

601 1616 703 1650 irritat
727 1626 799 1650 suas
824 1615 943 1650 litteras
968 1614 1084 1659 quibus
1108 1612 1358 1649 demandaverat
1377 1610 1621 1655 Congregationi
1646 1609 1834 1643 clericorum
1859 1609 2051 1642 secularium

603 1670 634 1704 B.
659 1670 774 1705 Mariae
798 1680 877 1714 opus
901 1669 1072 1704 erudiendi
1095 1672 1126 1702 et
1149 1667 1287 1702 docendi
1310 1674 1470 1712 pauperes
1494 1663 1670 1706 scholares,
1696 1663 1759 1697 383
1776 1673 1797 1696 a
1820 1666 1852 1697 et
1870 1663 1965 1706 erigit
1979 1671 2052 1706 spe-

603 1724 714 1759 cialem
746 1724 1035 1769 Congregationem
1068 1723 1232 1757 PauIInam
1265 1729 1443 1766 pauperum
1475 1718 1582 1753 Matris
1612 1717 1673 1752 Dei
1703 1716 1884 1751 scholarum
1908 1717 2052 1761 piarum,

604 1779 666 1814 383
684 1779 700 1813 b
717 1783 747 1813 et
769 1791 829 1824 seq.
854 1777 1028 1813 Minoribus
1046 1774 1317 1812 Conventualibus
1341 1774 1487 1819 indulget
1510 1772 1609 1807 semel
1633 1773 1665 1806 in
1689 1781 1799 1806 mense
1823 1772 1960 1806 recitare
1983 1771 2053 1805 offi-

604 1834 688 1867 cium
714 1834 743 1867 S.
776 1833 952 1875 Francisci,
978 1833 1040 1867 385
1065 1842 1095 1865 α.
1120 1831 1293 1866 Confirmat
1324 1833 1439 1864 statuta
1470 1827 1687 1862 universitatis
1721 1826 1820 1860 studii
1842 1824 2053 1867 Viennensis,

605 1888 666 1921 387
691 1899 709 1920 a
734 1891 763 1921 et
787 1897 847 1931 seq.
872 1886 1043 1921 Confirmat
1067 1886 1260 1919 erectionem
1285 1882 1470 1917 academiae
1495 1886 1526 1916 et
1550 1881 1706 1915 ecclesiae
1730 1879 1916 1924 collegiatae
1941 1880 1972 1912 in
1997 1888 2054 1922 op-

606 1941 679 1985 pido
703 1939 971 1984 Novozamoyskio
996 1938 1194 1973 Chelmensis
1219 1938 1393 1980 dioecesis,
1419 1936 1482 1970 389
1503 1935 1519 1968 b
1539 1938 1570 1969 et
1588 1945 1650 1979 seq.
1667 1933 1845 1968 lubilaeum
1869 1933 2052 1967 universale

608 2004 661 2038 pro
685 1994 840 2028 ecclesiae
869 1993 1113 2028 necessitatibus
1142 1992 1273 2031 indicit,
1300 1991 1407 2034 39211
1432 1993 1462 2024 61
1486 1999 1548 2034 seq.
1574 1992 1605 2022 et
1629 1988 1691 2022 434
1716 1998 1735 2021 α
1760 1990 1791 2022 61
1814 1997 1875 2031 seq.
1901 1984 2052 2020 Prohibet
2264 1992 2293 2034 <l

606 2045 827 2079 ecclesiasticis
852 2045 983 2079 dominii
1006 2045 1199 2079 Venetorum
1225 2044 1348 2078 solvere
1373 2042 1533 2088 gabellam
1558 2043 1738 2086 impositam
1770 2040 1892 2086 absque
1923 2039 2051 2074 lieentia

607 2099 697 2132 Sedis
714 2098 924 2143 Apostolieae‚
939 2100 1000 2133 395
1017 2099 1043 2132 b.
1061 2099 1264 2143 Sylvestrinis
1289 2098 1436 2132 concedit
1460 2096 1640 2142 privilegia,
1666 2096 1729 2130 398
1754 2106 1775 2128 a
1799 2098 1829 2129 et
1853 2104 1914 2139 seq.
1932 2097 1964 2128 et
1987 2103 2053 2127 mo-

608 2153 777 2187 nasterium
792 2152 925 2186 ecclesia
939 2153 968 2185 S.
984 2152 1131 2186 Andreae
1145 2154 1176 2186 in
1189 2154 1316 2186 civitate
1331 2148 1520 2194 Auximanii,
1536 2151 1598 2184 400
1612 2150 1629 2182 b
1643 2153 1746 2194 etseq.
1761 2152 1792 2182 et
1803 2148 1836 2182 B.
1855 2147 2053 2192 Sylvestrum

608 2206 790 2240 Cuzolinum
807 2207 992 2240 Sanctorum
1013 2205 1163 2240 abbatum
1188 2216 1321 2241 numero
1341 2206 1503 2247 adscribit,
1518 2205 1579 2239 401
1599 2215 1628 2238 a.
1647 2203 1726 2238 Acta
1742 2201 1894 2236 nonnulla
1911 2211 1928 2236 a
1944 2201 2056 2236 iudici-

606 2259 665 2293 bus
683 2260 771 2294 laieis
790 2262 820 2294 in
837 2269 935 2304 regno
953 2260 1132 2294 Lusitaniae
1148 2264 1256 2294 contra
1269 2260 1521 2294 ecclesiasticam
1535 2259 1766 2292 immunitatem
1779 2258 1930 2290 attentata
1943 2256 2054 2297 irritat,

610 2315 671 2348 405
696 2313 721 2355 b,
747 2318 775 2348 ct
801 2314 869 2347 illos
894 2313 1010 2347 deinde
1035 2313 1171 2348 absolvit
1187 2314 1359 2348 dummodo
1380 2317 1533 2348 revocent
1557 2312 1714 2352 iudicata,
1734 2311 1797 2345 415
1816 2310 1832 2344 b
1850 2313 1957 2354 etseq.
1974 2308 2056 2343 Con·

608 2367 747 2401 cordiam
773 2369 853 2401 inter
878 2368 978 2401 sorum
1004 2367 1256 2402 ecclesiasticum
1274 2372 1304 2402 61
1321 2367 1433 2402 laicale
1451 2368 1556 2402 Status
1573 2365 1821 2400 Mediolanensis
1837 2373 1934 2408 super
1950 2363 2056 2396 causis

609 2421 648 2455 ad
674 2425 842 2466 utrumque
867 2421 1084 2465 spectantibus
1110 2423 1235 2465 initam,
1263 2423 1324 2456 407
1349 2422 1366 2455 b
1389 2432 1450 2466 seq.
1475 2422 1649 2462 confirmat,
1668 2420 1730 2453 410
1748 2418 1774 2452 b.
1796 2416 1959 2452 Fratribus
1979 2415 2056 2460 Cap-

609 2476 754 2517 puccinis
779 2485 904 2508 crucem
931 2477 1090 2520 propriam
1117 2476 1242 2510 deferre
1267 2476 1538 2520 possintftuetur,
1565 2475 1623 2508 411
1653 2474 1670 2506 b
1695 2476 1726 2507 61
1750 2483 1810 2517 seq.
1835 2470 2056 2505 Universitatis
2164 2475 2202 2526 ς

609 2530 705 2562 studii
731 2529 933 2563 Lovanicnsis
958 2531 1072 2563 rectori
1101 2531 1257 2574 paaecipit
1282 2534 1315 2564 ut
1340 2530 1489 2564 observet
1521 2528 1648 2562 decreta
1673 2526 1758 2560 edita
1791 2535 1807 2559 a
1841 2523 2056 2558 visitatoribus
2146 2544 2168 2574 9

611 2581 806 2625 apostolicis,
833 2583 894 2616 tta
920 2583 946 2616 b.
971 2584 1050 2617 Sixti
1076 2583 1101 2617 V
1128 2587 1158 2617 et
1181 2583 1352 2618 Clementis
1369 2583 1440 2618 Vlll
1465 2583 1705 2617 constitutiones
1731 2579 1771 2613 de
1799 2578 1890 2612 bon1s
1914 2579 1945 2611 in
1968 2577 2055 2612 Statu
2183 2592 2214 2633 0

610 2633 830 2668 Ecclesiastico
858 2637 888 2669 in
914 2637 1076 2678 soi-enses,
1107 2639 1218 2671 castris
1253 2647 1349 2680 vero,
1375 2639 1510 2682 aliisque
1543 2631 1848 2670 iurisdictionalibus
1879 2630 2055 2666 nullimode

609 2688 782 2721 alienandis
806 2690 978 2732 confirmat,
994 2692 1207 2735 explicatque,
1232 2691 1294 2725 413
1319 2702 1340 2724 a
1365 2695 1395 2725 et
1419 2703 1480 2736 seq.
1506 2689 1677 2725 Confirmat
1704 2690 1819 2722 statuta
1844 2685 2051 2720 6611111116πηί-

2268 1801 2279 1815 ¹⁸

2260 1875 2263 1882 A

2268 1923 2282 1936 h

2265 1944 2271 1951 μ

2269 1977 2282 1987 ον

2261 2047 2269 2058 ·‹
2276 2036 2279 2039 ”
2292 2065 2293 2071 ¹

2268 2103 2275 2122 ἒ
2280 2121 2281 2127 ,

2275 2139 2278 2146 .

2265 2216 2275 2229 .⁴
2279 2215 2284 2226 -“

2271 2239 2282 2258 ι’.

2274 2282 2278 2290 ,

2264 2295 2280 2334 ,1

2269 2338 2278 2349 6

2264 2358 2285 2385 ἓ,

2264 2398 2282 2425 .'·.

2265 2427 2285 2467 t}

2265 2469 2285 2501 ἶ

2272 2506 2281 2527 *ι’
