2293 3231
100 277 150 310 An.
166 279 196 309 C.
214 278 277 309 {621

141 926 286 949 Emolumenta

103 954 235 980 percipiendi
246 961 251 978 ;

900 275 1077 302 GRE'GORIUS
1099 275 1143 302 XV
1165 275 1214 300 1³1².

297 325 344 360 titi
367 330 397 358 et
421 324 528 369 gavisi,
546 328 609 357 tam
641 324 778 369 antiquis
794 333 888 369 quam
913 326 1035 359 moder-

297 378 345 412 nis
369 378 575 423 temporibus,
601 377 737 418 fuerunt‚
761 388 796 410 ac
816 378 870 418 uti,
895 378 989 421 potiri
1006 383 1053 410 et·

297 431 435 475 gaudere
459 436 596 476 possent,
618 436 645 464 et
672 431 764 464 etiam
790 430 941 463 deberent
958 430 1036 473 (sive

297 484 336 518 de
361 485 422 518 illis
446 495 503 528 per
526 485 646 518 litteras
670 484 866 528 apostolicas,
888 483 954 515 sive
980 494 1054 526 per:

297 543 448 583 patenteS‚
466 543 519 572 aut
542 538 726 582 scripturas,
743 542 795 570 aut
818 536 916 570 libros
940 546 1055 576 eame-⁴

298 593 399 634 rales,
423 594 476 626 aul
499 591 624 625 decreta
654 591 838 632 cameralia,
864 600 917 623 seu
943 590 1056 638 quae-1

300 656 434 689 cumque
446 645 506 678 alia
518 644 644 689 publica
654 645 701 677 vel
711 644 831 688 privata
842 643 1039 684 documenta,
1054 643 1056 651 '

301 699 347 733 vel
371 709 429 743 per
452 709 562 739 usum,
587 698 864 738 consuetudinem,
890 702 943 730 aut
966 697 1041 729 alias

300 753 540 798 quomodolibet
563 753 736 797 appareat),
763 752 908 785 similiter
932 756 961 783 et
986 761 1041 794 pa-

301 807 491 848 riformiter,
516 817 552 840 ac
575 807 692 850 absque
717 806 780 839 ulla
803 816 934 850 prorsus
958 804 1043 837 diffe-

301 860 413 901 rentia,
431 860 487 901 uti,
504 859 601 904 potiri
618 863 648 893 et
667 859 821 903 gaudet-03

347 914 362 958 ἓ
387 914 416 948 9.
440 914 504 948 Nec
531 924 594 946 non
619 913 725 946 omnia
749 917 777 945 et
805 911 927 954 singula
951 921 1059 954 rega-1

303 966 354 1007 lia,
374 972 545 1011 proventus
569 971 599 998 et
615 967 694 1006 iura,
712 965 806 998 etiam
823 964 961 1008 antiqua,
979 969 1042 996 tam
1057 959 1059 993 ἶ

303 1030 339 1053 ex
365 1019 479 1063 sigillo,
505 1019 664 1059 custodiis,
688 1017 904 1062 praefecturis,
922 1017 1042 1052 officiis.

304 1073 528 1114 exactionibus,
552 1072 633 1105 taxis
656 1077 687 1105 et
707 1072 958 1117 quibuscumque
976 1071 1060 1103 aliisi

303 1127 408 1168 rebus,
425 1131 456 1159 et
471 1125 658 1170 praesertim
678 1125 710 1158 in
726 1125 838 1159 litteris
861 1125 1043 1158 facultatum

301 1179 452 1224 praedicti
478 1179 561 1212 Petri
586 1178 724 1223 episcopi
741 1178 907 1211 cardinalis
924 1183 953 1211 et
971 1178 1061 1222 alio*¹

302 1242 373 1265 rum
399 1233 647 1265 camerariorum
672 1232 873 1272 enumeratis,
898 1241 992 1275 quam
1018 1226 1061 1263 e-⁴3

304 1286 376 1320 tiam
392 1296 429 1319 ex
445 1286 627 1320 collectoria
639 1286 670 1318 in
688 1285 794 1328 regnis
811 1285 1044 1329 Hispaniarum,
1060 1322 1062 1330 Α

304 1340 481 1373 Lusitaniae
498 1345 528 1372 et
552 1339 706 1383 Neapolis,
724 1350 759 1371 ae
786 1339 930 1371 univorsa
948 1338 1044 1377 Italia,
1061 1373 1062 1376 Ἴ

305 1393 456 1436 vigesima
473 1395 663 1437 nuncupata,
678 1392 877 1426 obvenientia
898 1393 990 1435 (quae
1008 1391 1045 1424 ad
1061 1394 1063 1409 ¹

305 1447 458 1481 rationem
489 1447 625 1480 duorum
654 1457 712 1490 pro
744 1446 923 1479 centenario
952 1456 1046 1489 super

306 1501 424 1545 spoliis,
441 1501 608 1538 fructibus,
625 1501 747 1533 iuribus
772 1506 801 1533 et
826 1500 1046 1533 emolumentis
1062 1491 1063 1498 ἵ

307 1555 456 1587 omnibus
479 1553 634 1587 dictarum
652 1559 682 1586 et
701 1554 833 1586 aliarum
854 1554 1047 1586 collectoria-

306 1618 397 1643 rum,
423 1608 615 1651 ubicumque
644 1608 856 1640 institutarum
891 1613 919 1640 et
952 1606 1065 1653 insti-3

306 1661 505 1702 tuendarum,
520 1671 555 1695 ac
567 1661 661 1694 etiam
675 1661 839 1694 occasione
853 1660 1046 1693 decimarum

306 1713 528 1758 impositarum
558 1719 587 1747 et
613 1713 875 1757 imponendarum
899 1722 1048 1756 quarum-

309 1778 465 1812 cumque,
495 1769 560 1802 sive
592 1767 804 1801 subsidiorum
835 1777 944 1800 earum
979 1758 1066 1799 loco¹

309 1821 545 1866 suppositorum
564 1827 593 1854 et
610 1821 900 1865 supponendorum,
917 1830 980 1853 non
998 1819 1050 1852 ob-

309 1880 409 1908 stante
426 1875 509 1908 illius
533 1875 811 1908 dismembratione
836 1884 853 1906 a
877 1874 975 1907 felicis
999 1883 1049 1906 re-

310 1928 501 1962 cordationis
530 1928 684 1971 Gregorio
716 1928 800 1972 Papa
831 1927 898 1961 XllI
928 1931 958 1961 et
981 1927 1067 1964 aliisi

310 1981 605 2024 praedecessoribus
623 1982 739 2015 nostris
755 1981 903 2015 Romanis
926 1980 1051 2014 Pontifi-

311 2033 399 2067 cibus
423 2035 529 2067 forsan
552 2035 649 2076 facta,
673 2045 709 2068 ac
733 2035 983 2078 quibuscumque
1006 2034 1068 2067 fa-'

313 2087 479 2120 cultatibus
502 2087 625 2120 nunciis
649 2088 831 2131 apostolicis
855 2094 884 2121 et
909 2087 1068 2128 collecto-⁴

311 2140 411 2181 ribus,
429 2141 460 2173 in
478 2141 669 2174 contrarium
687 2141 925 2184 quomodolibet
941 2141 1052 2174 facien-

311 2193 405 2233 tibus,
419 2194 586 2236 concessis,
606 2194 706 2227 eidem
724 2194 881 2227 Ludovico
901 2194 1051 2227 cardinali

313 2250 343 2280 et
367 2247 542 2280 camerario
559 2247 672 2279 harum
690 2246 769 2279 serie
794 2245 998 2289 assignamus,
1017 2256 1052 2279 ac

313 2301 442 2334 omnino
465 2301 600 2345 persolvi
627 2301 772 2334 volumus
796 2305 826 2333 ct
849 2300 1052 2341 mandamus,

313 2354 474 2397 regalibus
505 2359 626 2387 tantum
656 2360 685 2387 et
717 2354 936 2388 emolumentis
960 2346 1070 2386 unius*

313 2418 372 2452 pro
403 2408 583 2441 centenario
614 2419 649 2441 ex
678 2407 960 2452 compositionibus
984 2417 1053 2441 con-

316 2462 533 2505 gregationom
559 2462 772 2506 regularium,
798 2467 827 2494 et
851 2461 970 2494 dimidii
995 2471 1053 2504 pro

317 2516 495 2550 centenario
527 2527 563 2550 ex
587 2517 739 2560 vigesima
763 2516 993 2551 hebraeorum,
1018 2525 1053 2548 ac

317 2569 410 2603 etiam
426 2570 547 2604 dimidii
564 2581 622 2615 pro
645 2570 826 2604 centenario
851 2580 888 2602 ex
913 2569 1053 2603 subsidio

317 2621 460 2656 triennali
485 2624 636 2668 exceptis)
656 2624 776 2666 integre
800 2623 975 2667 percipere,
993 2622 1055 2665 egi·
1071 2656 1073 2659 .

319 2685 393 2718 gere
410 2682 440 2710 et
458 2677 577 2717 levare;
1070 2663 1074 2717 i

1716 263 1780 299 523
1826 274 1874 302 An.
1892 274 1921 303 c.
1939 274 2003 303 «εει

1113 325 1127 368 ἓ
1150 323 1201 358 to.
1219 325 1261 356 Ac
1279 322 1410 368 propria
1435 322 1619 357 auctoritate
1644 332 1810 366 quoscum-
1858 336 1958 365 neuim
1974 342 2008 356 eo-

1069 388 1129 422 que
1154 377 1286 410 nuncios
1311 381 1341 409 et
1365 377 1558 416 collectores,
1584 375 1809 419 appallatorcS,
1825 362 2010 411 t??02¹‚··2¹‹'‚¹35232

1069 429 1285 473 depositarios,
1304 429 1453 469 notarios,
1474 428 1567 462 ctiam
1588 427 1746 461 auditores
1763 414 2011 463 ca.{,²„0²1¹t?1?2„‘t3¹2³.‘¹.

1071 493 1186 523 merae,
1204 488 1231 515 ct
1250 482 1328 515 alios
1343 482 1493 515 officiales
1510 482 1669 515 Romanae
1689 481 1811 522 Curiae,
1826 471 2011 521 &aeratam-

1072 536 1193 569 etiamsi
1212 536 1338 579 speciali
1359 538 1432 570 nota
1457 535 1543 578 digni
1569 535 1640 577 sint,
1657 540 1688 568 et
1704 535 1812 579 quavis

1072 589 1257 623 auctoritate
1275 594 1304 622 et
1320 589 1468 632 dignitate
1485 589 1578 622 etiam
1604 588 1814 621 cardinalatus

1072 643 1300 687 praefulgeant,
1318 642 1356 675 ad
1380 642 1459 682 iura,
1485 642 1689 675 obventiones
1705 645 1735 675 et
1756 641 1815 674 alia

1073 707 1291 740 quaecumque
1315 697 1527 729 emolumenta
1554 696 1612 729 sibi
1639 695 1761 735 debita,
1786 700 1813 728 ct

1056 750 1105 792 ,in
1137 750 1277 783 futurum
1303 749 1454 790 debenda,
1481 749 1666 782 tradendum
1692 755 1722 782 et
1746 759 1818 781 con—

1076 802 1273 845 signandum,
1291 802 1477 846 exequutive
1490 809 1518 835 et
1536 812 1631 835 manu
1644 801 1732 845 regia
1747 811 1818 846 pro-

1076 855 1225 896 cedendo,
1244 865 1357 898 cogere
1383 860 1413 888 et
1437 856 1641 899 compellere;
1666 866 1724 888 nec
1743 865 1817 896 non,

1077 914 1137 943 tam
1163 909 1265 952 quoad
1299 909 1348 942 ius
1379 909 1572 953 percipiendi
1606 909 1817 942 emolumenta

1075 963 1245 1007 praedicta,
1267 968 1295 995 et
1320 963 1379 995 alia
1403 963 1473 996 iura
1497 963 1555 995 sibi
1581 962 1818 1006 quomodolibet

1076 1017 1190 1057 debita,
1204 1028 1297 1061 quam
1316 1016 1419 1061 quoad
1443 1017 1504 1049 alia
1527 1016 1632 1050 omnia
1649 1022 1679 1050 et
1696 1016 1818 1059 singula

1077 1071 1256 1115 supradicta
1281 1076 1307 1103 et
1334 1070 1531 1114 infrascripta
1553 1070 1771 1114 exequendum
1789 1074 1817 1102 et

1078 1124 1297 1158 ordinandum.
1317 1134 1380 1157 non
1398 1124 1499 1156 solum
1517 1123 1699 1167 supradicta
1715 1128 1820 1156 aucto-

1077 1178 1168 1211 ritate
1184 1183 1213 1211 et
1225 1178 1371 1210 facultate
1386 1177 1445 1210 sibi
1459 1177 1580 1210 anobis
1601 1187 1657 1220 per
1677 1187 1821 1220 praesen-

1078 1238 1123 1265 tes
1148 1232 1297 1265 attributa
1317 1238 1343 1263 et
1365 1233 1523 1271 concessa,
1545 1230 1599 1263 sed
1620 1230 1714 1263 etiam
1735 1230 1822 1263 omni

1079 1291 1106 1318 et
1138 1296 1336 1330 quacumque.
1372 1285 1515 1317 facultate
1548 1289 1576 1316 et
1614 1283 1821 1323 auctoritate,

1079 1350 1139 1383 qua
1165 1340 1265 1372 dictus
1283 1339 1394 1371 Petrus
1411 1338 1578 1382 episcopus
1603 1336 1772 1370 cardinalis
1793 1341 1820 1367 et

1080 1392 1272 1436 quicumque
1297 1391 1364 1424 cius
1389 1391 1421 1424 in
1445 1391 1527 1423 dicto
1553 1390 1656 1423 officio
1681 1399 1822 1422 eamera—

1080 1445 1177 1478 riatus
1202 1445 1463 1489 praedecessores
1492 1444 1539 1476 usi
1573 1444 1698 1476 fuerunt
1723 1448 1751 1475 et
1776 1443 1820 1475 uti

1079 1503 1272 1542 potuerunt,
1300 1497 1518 1541 pariformiter
1547 1496 1729 1540 plenissime
1756 1496 1820 1534 uti,

1080 1553 1141 1585 frui
1155 1559 1182 1585 et
1197 1552 1291 1596 potiri
1305 1551 1403 1585 libere
1418 1558 1446 1585 ct
1459 1552 1543 1585 licite
1557 1551 1655 1596 possit
1668 1557 1698 1584 et
1710 1551 1819 1584 valeat.

1125 1608 1139 1650 ,ξ
1164 1608 1179 1639 Δ1
1192 1607 1215 1639 l.
1234 1607 1414 1639 Mandantes
1427 1606 1459 1639 in
1476 1606 1591 1638 virtute
1608 1611 1732 1638 sanctae
1749 1605 1822 1638 obe·
1863 1626 2021 1648 Ohedieuun,

1081 1661 1216 1694 dientiae
1230 1661 1351 1694 dilectis
1366 1660 1438 1693 filiis
1453 1660 1704 1704 praesidentibus
1717 1664 1747 1692 et
1762 1659 1822 1692 cle·
1835 1654 1973 1679 ¹³¹'³⁹⁵¹⁴³¹²‘¹³’

1082 1714 1155 1747 ricis
1176 1714 1276 1747 dictae
1300 1724 1455 1752 camerae,
1473 1714 1648 1757 ceterisque
1667 1713 1822 1756 personis,

1082 1768 1307 1811 cuiuscumque
1332 1767 1508 1810 dignitatis,
1534 1767 1668 1810 gradus,
1693 1766 1823 1806 ordinis,

1083 1821 1290 1861 conditionis,
1325 1820 1483 1863 qualitatis
1516 1825 1545 1852 et
1576 1819 1824 1863 praeminentiae

1082 1874 1208 1915 fuerint,
1232 1884 1353 1907 necnon
1379 1873 1675 1913 communitatibus,
1699 1872 1825 1905 univer-

1083 1922 1237 1967 sitatibus,
1262 1927 1349 1968 locis,
1376 1927 1564 1970 illorumque
1586 1926 1771 1959 officialibus
1797 1932 1826 1959 et

1083 1981 1282 2021 hominibus,
1308 1992 1343 2013 ac
1367 1981 1435 2014 aliis
1450 2008 1457 2020 ,
1482 1980 1520 2012 ad
1545 1990 1624 2023 quos
1653 1983 1772 2024 spectat
1797 1985 1827 2012 et

1084 2035 1231 2079 pertinet,
1249 2045 1283 2067 ac
1301 2045 1358 2077 pro
1376 2038 1519 2078 tempore
1539 2033 1691 2077 spectabit
1715 2038 1745 2066 et
1757 2043 1826 2077 per-

1085 2088 1214 2128 tinebit,
1239 2092 1392 2131 quatenus
1416 2087 1474 2131 ipsi
1500 2090 1529 2120 et
1553 2097 1664 2120 eorum
1694 2086 1825 2129 quilibet

1085 2142 1186 2175 eidem
1205 2141 1360 2174 Ludovico
1378 2140 1539 2180 cardinali,
1560 2145 1589 2172 et
1609 2151 1666 2184 pro
1682 2145 1825 2183 tempore

1085 2195 1227 2227 existenti
1245 2194 1437 2234 camerario,
1463 2194 1517 2238 qui
1542 2193 1574 2226 in
1596 2192 1757 2237 praedicto
1774 2203 1825 2226 ca-

1085 2248 1273 2282 merariatus
1297 2248 1401 2281 officio
1429 2257 1596 2291 personam
1624 2250 1765 2280 nostram
1796 2252 1826 2278 et

1085 2312 1143 2344 pro
1168 2306 1312 2345 tempore
1337 2300 1498 2333 existentis
1516 2299 1647 2333 Romani
1668 2299 1827 2332 Pontificis

1087 2359 1312 2397 repraesentat,
1326 2358 1488 2397 tamquam
1510 2352 1652 2385 membra
1665 2352 1760 2396 capiti
1777 2352 1829 2386 oh-

1088 2412 1262 2450 sequentes,
1285 2417 1319 2439 ac
1345 2406 1552 2439 reverentiam
1570 2411 1599 2438 et
1617 2405 1829 2439 obedientiam

1087 2460 1206 2493 debitas
1231 2460 1428 2500 exhibentes,
1455 2459 1521 2492 eius
1541 2459 1668 2492 monitis
1693 2463 1722 2493 ct
1745 2469 1829 2492 man-

1088 2513 1167 2546 datis
1184 2514 1312 2547 omnino
1330 2518 1462 2558 pareant.
1487 2518 1516 2546 et
1541 2513 1696 2553 obediant,
1721 2513 1830 2557 illique

1089 2568 1119 2600 in
1143 2567 1296 2610 regimine
1317 2572 1347 2600 et
1367 2567 1635 2601 administratione
1656 2567 1755 2612 ipsius
1782 2579 1831 2602 ca-

1089 2631 1204 2661 merae,
1218 2632 1253 2653 ac
1267 2620 1340 2654 dicti
1355 2621 1449 2654 officii
1462 2622 1687 2654 camerariatus
1703 2620 1829 2669 officiof,

1126 2685 1136 2711 1
1153 2683 1272 2711 Verbum
1286 2683 1379 2719 officio
1393 2683 1549 2712 redundare
1563 2683 1670 2713 videtur
1687 2685 1726 2720 (n.
1743 2685 1791 2719 τ.).
