2293 3231
294 271 343 297 An.
361 271 390 297 c..
413 270 481 299 1612
533 262 592 295 170

318 1184 486 1211 Archiepiscopo

301 1212 417 1233 Gnesuensi
431 1216 486 1231 com-

301 1239 391 1259 mittitur
414 1238 487 1259 huius-

301 1264 359 1286 modi
396 1264 487 1286 subsidii

302 1291 394 1313 exactio.

305 1719 404 1745 Exceptis
419 1721 489 1740 tamen

305 1747 389 1767 clericis
408 1751 490 1773 paupe-

304 1773 370 1794 ribus.

344 1931 490 1954 ernost-nuum

306 1960 442 1985 transumptis
447 1964 491 1980 cre·

307 1985 329 2007 di
346 1986 410 2007 iubet.

496 371 574 404 iuris
607 371 721 405 clausis
744 398 751 410 ,
780 370 943 413 quibusvis
973 369 1162 412 generaliter
1191 370 1239 403 vel

497 425 676 469 specialiter
701 422 859 456 concessis
879 422 1014 464 (etiamsi
1036 422 1074 455 de
1094 422 1165 461 illis,
1189 433 1257 456 eo-¹

498 488 632 522 rumque
658 476 730 510 totis
756 475 929 515 tenoribus,
946 475 984 508 de
1001 476 1099 509 verbo
1114 475 1153 508 ad
1170 486 1239 509 rer·
1256 507 1257 511 ,

497 531 572 563 bum
603 529 720 562 mentio
748 539 802 561 seu
835 528 964 572 quaevis
991 528 1051 561 alia
1078 527 1257 573 expressio

498 582 642 616 habenda
667 582 714 622 sit,
739 587 767 614 ct
794 581 824 613 in
849 581 893 614 eis
917 587 1062 615 caveatur
1083 576 1257 627 expresse,1

498 636 582 681 quod
608 646 663 679 per
688 634 870 668 huiusmodi
897 635 1054 669 clausulas
1078 637 1257 679 generales

499 689 592 722 etiam
617 688 787 732 specialem
812 688 1004 722 mentionem
1036 689 1242 733 imponantes

499 741 543 774 eis
567 741 754 785 derogatum
768 751 835 774 esse
851 751 914 774 non
930 746 1105 782 censeatur,
1119 748 1171 775 aut
1187 742 1241 776 de-

499 794 606 837 rogari
623 793 776 835 videatur,
795 794 854 827 nisi
871 794 965 828 certis
981 795 1076 828 modo
1089 800 1119 828 et
1139 795 1240 828 forma
1257 824 1259 831 ,

499 848 530 880 in
548 848 609 880 illis
626 848 783 892 expressis
799 848 891 892 plene
908 848 1108 892 observatis):
1127 848 1242 892 quibus

499 902 658 942 omnibus,
682 912 794 935 eorum
814 908 938 935 tenores
954 903 1172 946 praesentibus
1183 914 1242 948 pro
1258 918 1259 923 ¹

498 955 591 1000 plene
608 955 766 999 expressis
781 955 943 996 habentes,
964 955 1026 988 illis
1041 956 1117 989 alias
1138 957 1168 989 in
1185 967 1242 990 suo

501 1009 621 1043 robore
642 1009 878 1054 permansuris,
903 1009 962 1043 hae
988 1009 1053 1043 rice
1081 1010 1240 1043 dumtaxat

502 1063 681 1107 specialiter
694 1067 723 1097 et
736 1074 884 1107 expresse
898 1063 1098 1106 derogamus,
1119 1064 1244 1098 ceteris-

501 1127 561 1161 que
586 1117 753 1150 contrariis
777 1116 1041 1161 quibuscumque.

546 1171 561 1214 g
575 1170 604 1203 6.
619 1171 772 1211 Quocirca
785 1170 957 1204 venerabili
971 1170 1061 1204 fratri
1074 1171 1245 1216 archiepis-

502 1235 584 1268 copo
608 1224 790 1264 Gnesnensi,
815 1229 848 1256 ut
873 1223 912 1256 ad
935 1223 1088 1268 praedicti
1113 1224 1243 1258 subsidii

502 1277 698 1311 exactionem
722 1277 907 1311 auctoritate
938 1280 1047 1310 nostra
1071 1278 1244 1322 apostoliea

502 1342 559 1376 per
583 1342 736 1377 personas
760 1331 999 1372 ecclesiasticas,
1024 1337 1053 1364 et
1078 1342 1142 1366 non
1158 1332 1245 1373 alias,

502 1395 575 1418 cum
588 1394 606 1417 a
618 1384 780 1417 maiestate
798 1386 849 1418 tua
864 1384 957 1417 suerit
972 1384 1154 1428 requisitus,
1174 1396 1247 1429 pro-

503 1437 602 1478 cedat,
623 1437 766 1471 invocato
787 1437 891 1478 etiam,
912 1437 937 1470 si
962 1447 1042 1481 opus
1066 1438 1172 1479 suerit,
1190 1449 1246 1472 au—

503 1491 577 1525 xilio
602 1491 723 1524 brachii
740 1491 901 1532 secularis,
924 1496 1031 1524 tenore
1051 1492 1244 1536 presentium

503 1544 728 1579 committimus
742 1550 771 1578 et
784 1544 980 1585 mandamus,
989 1544 1155 1588 eidemque
1166 1556 1247 1579 eam-

503 1599 575 1634 dem
599 1601 794 1634 exactionem
818 1601 951 1634 faciendi
982 1601 1161 1634 facultatem
1186 1601 1243 1634 da-

504 1664 582 1687 mus.

547 1708 564 1752 §
588 1707 617 1741 7.
644 1707 793 1741 Volumus
818 1712 934 1749 autem,
959 1712 991 1740 ut
1016 1718 1173 1752 pauperes
1189 1708 1248 1742 cle-

504 1760 571 1802 rici,
596 1761 651 1805 qui
674 1761 705 1794 in
731 1760 904 1808 redditibus
928 1771 991 1795 non
1014 1761 1168 1795 haberent
1187 1761 1246 1795 nisi

505 1814 621 1848 victum
649 1815 880 1857 necessarium,
909 1814 948 1848 ad
979 1815 1247 1849 contribuendum

504 1867 633 1901 minime
651 1868 890 1912 compellantur.

549 1921 565 1966 g
579 1920 608 1955 8.
622 1921 769 1955 Praetera
782 1922 928 1955 volumus
938 1921 1152 1966 praesentium
1166 1928 1247 1956 tran-

505 1975 639 2019 sumptis
655 1985 750 2008 manu
766 1975 899 2009 alicuius
912 1975 1027 2009 notarii
1043 1975 1163 2020 publici
1177 1975 1248 2009 sub-

506 2029 632 2073 scriptis
655 2034 686 2062 et
710 2029 813 2072 sigillo
832 2029 966 2063 alicuius
985 2039 1141 2074 personae
1157 2029 1188 2062 in
1205 2029 1248 2063 di-

506 2083 623 2126 gnitate
646 2082 857 2116 ecclesiastica
888 2083 1072 2117 constitutae
1102 2084 1246 2123 munitis,

506 2136 648 2170 eamdem
662 2146 793 2180 prorsus
809 2136 914 2177 fidem,
928 2136 959 2169 in
976 2136 1092 2170 iudicio
1106 2142 1135 2170 et
1148 2143 1245 2178 extra,

507 2190 537 2223 in
562 2190 710 2223 omnibus
733 2193 763 2223 et
786 2199 843 2233 per
867 2189 971 2222 omnia
996 2189 1150 2230 adhiberi,
1167 2201 1246 2234 quae

506 2243 585 2287 ipsis
609 2242 830 2287 praesentibus
854 2242 1070 2283 adhiberetur,
1095 2243 1121 2276 si
1145 2243 1265 2277 sorent'

506 2296 667 2330 exhibitae
690 2297 738 2330 vel
763 2302 914 2330 ostensae.
1215 2326 1224 2333 ,

551 2349 663 2383 Datum
690 2350 807 2383 Romae
830 2350 912 2394 apud
937 2355 1078 2383 sanctum
1098 2350 1247 2392 Marcum,

507 2403 566 2437 sub
590 2404 706 2437 annulo
727 2403 904 2445 piscatoris,
929 2404 978 2437 die
1000 2404 1102 2437 liunii
1128 2415 1247 2443 uncxn.

509 2457 708 2501 pontificatus
731 2458 830 2491 nostri
854 2468 936 2492 anno
961 2468 1025 2492 vm.

544 2519 602 2547 Dat.
619 2520 663 2547 die
678 2521 689 2547 1
709 2521 773 2548 iunii
793 2522 869 2556 1612,
887 2522 980 2557 pontis.
998 2530 1042 2549 an.
1059 2529 1114 2550 viu.

1068 270 1247 295 BL'LLARtt'M
1273 270 1426 295 nomnen

494 319 605 359 nibus,
636 319 903 358 immunitatibus,
928 317 1021 350 etiam
1046 317 1077 349 in
1102 321 1256 361 corpore}

1254 360 1256 376 Ι
1603 319 1682 353 CCV.

1254 397 1484 440 Confirmatio
1508 397 1696 432 concordiae
1720 399 1824 433 initae
1848 400 1935 433 inter
1958 409 2010 433 re-

1317 461 1388 494 qem
1409 450 1606 483 catholicum
1632 450 1935 486 administratorem
1952 453 2014 486 Mi-

1319 503 1412 536 litiae
1447 504 1555 536 beatae
1587 503 1712 537 Mariae
1739 504 1778 538 de
1802 504 1962 538 Illontesia
1985 510 2014 538 et

1315 561 1555 601 praeceptorem
1575 556 1614 590 de
1638 556 1733 591 Onda
1751 567 1789 590 ac
1810 558 2011 591 universita-

1319 615 1380 644 tem
1396 610 1511 655 oppidi
1535 610 1573 644 de
1596 609 1691 644 Onda
1709 610 1915 644 Dereusensis
1929 611 2015 645 dioe-

1318 664 1395 697 cesis
1419 674 1516 707 super
1539 663 1685 708 quadam
1709 663 1966 698 iurisdictione¹.

1256 736 1257 739 ¹
1274 744 1446 772 Venerabili
1466 744 1554 772 fratri
1575 744 1704 772 Antonio
1728 743 1953 779 archiepiscopo
1966 744 2016 772 Ga-

1309 796 1409 823 puano
1428 792 1533 816 nostro
1553 792 1584 816 et.
1604 788 1691 816 sedis
1710 789 1899 823 Apostolicae
1918 789 1950 816 in
1967 795 2016 816 re-

1257 834 1259 862 }
1309 832 1375 868 quis
1393 833 1605 867 Hispaniarum
1624 832 1732 860 nuncio

1516 886 1628 913 Paulus
1648 885 1728 920 Papa
1747 885 1779 913 V.

1257 928 1259 941 ⁴

1293 947 1480 976 venerahilis
1495 948 1598 980 frater,
1615 948 1746 976 salutem
1761 951 1793 976 et
1807 947 2005 983 apostolicam

1522 992 1772 1021 benedictionem.

1278 1118 1437 1151 servitutis
1450 1117 1554 1152 officio
1570 1118 1698 1162 piorum
1711 1118 1855 1152 locorum
1871 1129 2021 1163 quorum-

1278 1170 1364 1211 libet,
1389 1175 1417 1205 et
1442 1171 1577 1204 maxime
1603 1171 1817 1214 regularium,
1842 1171 1966 1205 utilitati
1990 1177 2020 1205 et

1278 1224 1454 1257 commodis
1479 1224 1684 1265 intendentes,
1704 1236 1740 1258 ea
1756 1236 1836 1269 quae
1852 1231 2022 1270 propterea

1260 1278 1361 1323 ,inter
1384 1277 1492 1311 fideles
1515 1278 1684 1322 quoslibet,
1707 1279 1836 1312 semotis
1851 1279 1953 1312 litium
1965 1289 2021 1312 an-

1279 1331 1440 1372 fractibus,
1466 1332 1666 1366 concorditer
1686 1333 1767 1366 sacta
1795 1333 1891 1366 fuisse
1910 1333 2021 1367 dicun-

1280 1392 1348 1426 tur,
1374 1392 1405 1419 ut
1432 1386 1524 1419 firma
1547 1391 1577 1419 et
1601 1386 1718 1420 illibata
1743 1392 1897 1431 perpetuo
1919 1387 2021 1432 persi-

1280 1445 1371 1481 stant,
1396 1440 1542 1480 libenter,
1559 1450 1630 1473 cum
1647 1450 1665 1472 a
1681 1440 1773 1474 nobis
1784 1441 1912 1484 petitur,
1932 1451 2021 1475 man-

1279 1494 1391 1528 damus
1414 1493 1588 1539 apostolico
1613 1494 1789 1538 patrocinio
1814 1494 1970 1528 roborari.

1333 1548 1348 1591 ὲ

1281 1612 1340 1646 pro
1356 1606 1444 1646 parte
1461 1600 1636 1634 charissimi
1654 1601 1686 1634 in
1700 1600 1824 1635 Christo
1841 1601 1898 1634 filii
1921 1607 2021 1636 nostri

1280 1709 1517 1743 administrator
1549 1714 1722 1753 perpetuus
1749 1709 1877 1743 Militiae
1911 1710 2022 1745 heatae

1281 1762 1395 1796 Mariae
1419 1761 1458 1795 de
1482 1762 1631 1795 Montesia
1656 1767 1686 1795 et
1706 1763 1803 1796 sancti
1827 1762 1956 1806 Georgii
1983 1763 2022 1797 de

1281 1816 1400 1849 Alsama
1410 1815 1595 1849 auctoritate
1603 1815 1774 1859 apostolica
1783 1815 1951 1859 deputatus
1963 1816 2024 1850 exi-

1281 1868 1343 1909 stit,
1361 1878 1396 1901 ac
1410 1868 1598 1902 dilectorum
1614 1867 1754 1901 filiorum
1771 1868 1914 1902 moderni
1931 1879 2024 1914 prae-

1281 1921 1418 1966 ceptoris
1436 1921 1672 1966 praeceptoriae
1691 1921 1800 1966 oppidi
1817 1921 1856 1955 de
1875 1921 1963 1956 Onda
1982 1923 2026 1956 di-

1282 1981 1349 2008 ctae
1367 1975 1493 2008 Militiae
1522 1974 1721 2008 Dertusensis
1743 1974 1908 2016 dioecesis,
1924 1986 1961 2010 ac
1979 1987 2021 2010 u-

1280 2028 1470 2062 niversitatis
1495 2034 1524 2062 et
1553 2028 1717 2062 hominum
1747 2028 1886 2063 eiusdem
1916 2029 2024 2074 oppidi
2053 2069 2059 2075 ι

1282 2082 1392 2127 petitio
1415 2081 1616 2122 continebat,
1640 2080 1724 2125 quod
1738 2108 1746 2122 ,
1770 2092 1844 2115 cum
1872 2082 2023 2117 haetenus

1281 2145 1393 2179 graves
1417 2140 1445 2168 et
1471 2135 1575 2168 variae
1592 2135 1662 2168 lites
1678 2135 1759 2168 inter
1776 2135 1957 2180 Philippum
1972 2147 2023 2170 re-

1281 2200 1363 2233 gem,
1389 2189 1433 2223 uti
1457 2189 1743 2223 administratorem
1768 2189 1894 2224 Militiae
1913 2191 2023 2224 huius-

1282 2244 1367 2277 modi
1391 2255 1427 2277 ac
1452 2249 1692 2288 praeceptorem
1717 2254 1755 2278 ex
1778 2246 1855 2285 una,
1879 2255 1937 2278 nec
1959 2255 2022 2278 non

1281 2297 1517 2331 universitatem
1549 2303 1580 2331 et
1614 2297 1759 2332 homines
1783 2297 1960 2342 praedictos
1985 2308 2022 2331 ex

1264 2374 1265 2387 1
1282 2352 1380 2384 altera
1395 2351 1548 2395 partibus,
1565 2351 1706 2395 aliosque
1719 2351 1825 2384 forsan
1837 2351 1940 2384 litium
1952 2361 2024 2385 con·

1283 2410 1394 2445 sortes,
1420 2415 1516 2449 super
1539 2404 1727 2448 quibusdam
1753 2403 2023 2438 iurisdictionibus

1283 2458 1426 2491 civilibus
1450 2462 1480 2490 et
1504 2457 1639 2490 maxime
1663 2459 1718 2498 ca,
1747 2468 1841 2501 quam
1863 2458 2018 2502 Alphen-

1283 2512 1391 2545 simim
1408 2511 1502 2554 vulgo
1519 2516 1631 2544 vocant
1658 2510 1688 2543 in
1710 2510 1771 2543 illis
1794 2510 1948 2554 partibus,
1971 2521 2023 2544 va-

1283 2565 1402 2609 riisque
1429 2564 1551 2598 iuribus
1574 2565 1725 2608 (quorum
1747 2564 1852 2608 aliqua
1870 2564 1909 2598 ad
1930 2574 2023 2609 prae-

1322 2684 1328 2708 t
1350 2681 1386 2708 Ex
1403 2680 1511 2716 aegest.
1528 2680 1554 2708 iu
1569 2680 1672 2708 Secret.
1690 2679 1826 2708 Brevium.

1321 1065 1364 1098 Ex
1386 1064 1526 1098 iniuncto
1550 1064 1641 1098 nobis
1665 1064 1804 1109 desuper
1827 1065 2019 1109 apostolicae
2059 1081 2200 1104 emmaum.
2234 1081 2237 1085 ’

1385 1548 1409 1581 1.
1443 1547 1588 1580 Exliibita
1616 1547 1772 1591 siquidem
1799 1547 1891 1582 nobis
1918 1559 2022 1594 nuper
2049 1547 2227 1591 ,Adeunt-mm»-

2013 1603 2019 1609 ·
2036 1587 2223 1640 {carrera

1330 1655 1335 1660 .
1353 1656 1358 1660 .
1411 1655 1416 1660 .
1473 1655 1478 1660 .
1565 1655 1571 1660 .
1752 1655 1757 1660 .
1901 1656 1906 1661 .
1931 1656 1937 1662 .
2013 1657 2019 1663 .
2036 1645 2087 1664 rem,
2101 1642 2123 1662 et
2136 1641 2172 1662 nni
2187 1646 2221 1663 ei·-

1282 1656 1418 1700 Philippi
1442 1655 1666 1699 Hispaniarum
1691 1666 1777 1699 regis
1793 1656 1950 1698 catholici,
1966 1667 2022 1701 qui
2036 1666 2220 1719 &agap-appui
