<?xml version="1.0" encoding="UTF-8"?>
<!DOCTYPE html PUBLIC "-//W3C//DTD XHTML 1.0 Transitional//EN"
    "http://www.w3.org/TR/xhtml1/DTD/xhtml1-transitional.dtd">
<html xmlns="http://www.w3.org/1999/xhtml" xml:lang="en" lang="en">
 <head>
  <title>
</title>
<meta http-equiv="Content-Type" content="text/html;charset=utf-8" />
  <meta name='ocr-system' content='tesseract 3.04.00' />
  <meta name='ocr-capabilities' content='ocr_page ocr_carea ocr_par ocr_line ocrx_word'/>
</head>
<body>
  <div class='ocr_page' id='page_1' title='image "./bullarumdiplomat12cath_0736.png"; bbox 0 0 2293 3231; ppageno 0'>
   <div class='ocr_carea' id='block_1_1' title="bbox 275 288 570 327">
    <p class='ocr_par' dir='ltr' id='par_1_1' title="bbox 275 288 570 327">
     <span class='ocr_line' id='line_1_1' title="bbox 275 288 570 327; baseline -0.01 -1"><span class='ocrx_word' id='word_1_1' title='bbox 275 299 323 326; x_wconf 76' lang='lat' dir='ltr'>An.</span> <span class='ocrx_word' id='word_1_2' title='bbox 342 299 369 326; x_wconf 84' lang='lat' dir='ltr'>c.</span> <span class='ocrx_word' id='word_1_3' title='bbox 391 298 461 327; x_wconf 76' lang='lat'><strong>1622</strong></span> <span class='ocrx_word' id='word_1_4' title='bbox 504 288 570 324; x_wconf 85' lang='grc'>698</span> 
     </span>
    </p>
   </div>
   <div class='ocr_carea' id='block_1_2' title="bbox 279 1157 462 1237">
    <p class='ocr_par' dir='ltr' id='par_1_2' title="bbox 279 1157 462 1237">
     <span class='ocr_line' id='line_1_2' title="bbox 329 1157 461 1184; baseline -0.023 -5"><span class='ocrx_word' id='word_1_5' title='bbox 329 1157 461 1184; x_wconf 61' lang='lat' dir='ltr'>apostoticae</span> 
     </span>
     <span class='ocr_line' id='line_1_3' title="bbox 279 1184 462 1206; baseline -0.011 0"><span class='ocrx_word' id='word_1_6' title='bbox 279 1184 341 1206; x_wconf 76' lang='lat' dir='ltr'>Sedis</span> <span class='ocrx_word' id='word_1_7' title='bbox 363 1184 462 1205; x_wconf 80' lang='lat' dir='ltr'>auxilium</span> 
     </span>
     <span class='ocr_line' id='line_1_4' title="bbox 279 1212 384 1237; baseline -0.019 -4"><span class='ocrx_word' id='word_1_8' title='bbox 279 1212 384 1237; x_wconf 74' lang='lat' dir='ltr'>implorat.</span> 
     </span>
    </p>
   </div>
   <div class='ocr_carea' id='block_1_3' title="bbox 280 1424 466 1634">
    <p class='ocr_par' dir='ltr' id='par_1_3' title="bbox 280 1424 466 1634">
     <span class='ocr_line' id='line_1_5' title="bbox 353 1424 465 1451; baseline -0.018 -5"><span class='ocrx_word' id='word_1_9' title='bbox 353 1424 465 1451; x_wconf 74' lang='lat' dir='ltr'>Gregorius</span> 
     </span>
     <span class='ocr_line' id='line_1_6' title="bbox 280 1452 465 1473; baseline -0.016 0"><span class='ocrx_word' id='word_1_10' title='bbox 280 1453 398 1473; x_wconf 69' lang='lat' dir='ltr'>subsidium</span> <span class='ocrx_word' id='word_1_11' title='bbox 425 1452 465 1471; x_wconf 76' lang='lat' dir='ltr'>bis-</span> 
     </span>
     <span class='ocr_line' id='line_1_7' title="bbox 281 1479 465 1500; baseline -0.016 -1"><span class='ocrx_word' id='word_1_12' title='bbox 281 1482 364 1500; x_wconf 87' lang='lat' dir='ltr'>centum</span> <span class='ocrx_word' id='word_1_13' title='bbox 379 1479 465 1498; x_wconf 78' lang='lat' dir='ltr'>millium</span> 
     </span>
     <span class='ocr_line' id='line_1_8' title="bbox 281 1504 465 1526; baseline -0.005 -1"><span class='ocrx_word' id='word_1_14' title='bbox 281 1508 388 1526; x_wconf 55' lang='lat' dir='ltr'>scut-*rum</span> <span class='ocrx_word' id='word_1_15' title='bbox 399 1504 426 1525; x_wconf 80' lang='lat' dir='ltr'>ab</span> <span class='ocrx_word' id='word_1_16' title='bbox 433 1509 465 1523; x_wconf 79' lang='lat' dir='ltr'>ec·</span> 
     </span>
     <span class='ocr_line' id='line_1_9' title="bbox 281 1532 408 1553; baseline -0.024 0"><span class='ocrx_word' id='word_1_17' title='bbox 281 1532 408 1553; x_wconf 69' lang='lat' dir='ltr'>cti-suasuris</span> 
     </span>
     <span class='ocr_line' id='line_1_10' title="bbox 282 1557 466 1584; baseline -0.011 -5"><span class='ocrx_word' id='word_1_18' title='bbox 282 1561 314 1579; x_wconf 78' lang='lat' dir='ltr'>tra</span> <span class='ocrx_word' id='word_1_19' title='bbox 352 1557 466 1584; x_wconf 77' lang='lat' dir='ltr'>quadrien-</span> 
     </span>
     <span class='ocr_line' id='line_1_11' title="bbox 281 1585 466 1610; baseline -0.011 -5"><span class='ocrx_word' id='word_1_20' title='bbox 281 1591 329 1605; x_wconf 85' lang='lat' dir='ltr'>num</span> <span class='ocrx_word' id='word_1_21' title='bbox 346 1585 466 1610; x_wconf 66' lang='lat' dir='ltr'>person-en-</span> 
     </span>
     <span class='ocr_line' id='line_1_12' title="bbox 282 1610 454 1634; baseline -0.012 -2"><span class='ocrx_word' id='word_1_22' title='bbox 282 1612 331 1633; x_wconf 85' lang='lat' dir='ltr'>dum</span> <span class='ocrx_word' id='word_1_23' title='bbox 345 1610 454 1634; x_wconf 75' lang='lat' dir='ltr'>coneedit,</span> 
     </span>
    </p>
   </div>
   <div class='ocr_carea' id='block_1_4' title="bbox 474 342 1241 2620">
    <p class='ocr_par' dir='ltr' id='par_1_4' title="bbox 474 342 1237 1390">
     <span class='ocr_line' id='line_1_13' title="bbox 474 342 1218 392; baseline -0.009 -12"><span class='ocrx_word' id='word_1_24' title='bbox 474 346 720 392; x_wconf 87' lang='lat' dir='ltr'>praemissorum</span> <span class='ocrx_word' id='word_1_25' title='bbox 746 344 910 377; x_wconf 82' lang='lat' dir='ltr'>occasione</span> <span class='ocrx_word' id='word_1_26' title='bbox 935 342 1120 381; x_wconf 72' lang='lat' dir='ltr'>vendiderit,</span> <span class='ocrx_word' id='word_1_27' title='bbox 1148 352 1218 384; x_wconf 78' lang='lat' dir='ltr'>gra-</span> 
     </span>
     <span class='ocr_line' id='line_1_14' title="bbox 476 394 1235 444; baseline -0.009 -11"><span class='ocrx_word' id='word_1_28' title='bbox 476 400 637 433; x_wconf 76' lang='lat' dir='ltr'>vissimum</span> <span class='ocrx_word' id='word_1_29' title='bbox 662 408 714 430; x_wconf 87' lang='lat' dir='ltr'>aes</span> <span class='ocrx_word' id='word_1_30' title='bbox 738 397 890 436; x_wconf 82' lang='lat' dir='ltr'>alienum,</span> <span class='ocrx_word' id='word_1_31' title='bbox 911 406 969 439; x_wconf 90' lang='lat' dir='ltr'>pro</span> <span class='ocrx_word' id='word_1_32' title='bbox 994 394 1235 444; x_wconf 54' lang='lat' dir='ltr'>recuperandisg</span> 
     </span>
     <span class='ocr_line' id='line_1_15' title="bbox 476 446 1235 491; baseline -0.008 -6"><span class='ocrx_word' id='word_1_33' title='bbox 476 458 504 485; x_wconf 87' lang='lat' dir='ltr'>et</span> <span class='ocrx_word' id='word_1_34' title='bbox 535 449 757 484; x_wconf 76' lang='lat' dir='ltr'>conservandis</span> <span class='ocrx_word' id='word_1_35' title='bbox 791 449 868 482; x_wconf 91' lang='lat' dir='ltr'>locis</span> <span class='ocrx_word' id='word_1_36' title='bbox 903 453 933 481; x_wconf 89' lang='lat' dir='ltr'>et</span> <span class='ocrx_word' id='word_1_37' title='bbox 968 446 1235 491; x_wconf 79' lang='lat' dir='ltr'>propugnaculis</span> 
     </span>
     <span class='ocr_line' id='line_1_16' title="bbox 477 498 1235 546; baseline -0.007 -12"><span class='ocrx_word' id='word_1_38' title='bbox 477 501 653 546; x_wconf 86' lang='lat' dir='ltr'>praedictis,</span> <span class='ocrx_word' id='word_1_39' title='bbox 673 511 730 544; x_wconf 89' lang='lat' dir='ltr'>per</span> <span class='ocrx_word' id='word_1_40' title='bbox 750 510 829 543; x_wconf 84' lang='lat' dir='ltr'>quae</span> <span class='ocrx_word' id='word_1_41' title='bbox 855 504 917 532; x_wconf 88' lang='lat' dir='ltr'>tam</span> <span class='ocrx_word' id='word_1_42' title='bbox 944 498 1020 532; x_wconf 83' lang='lat' dir='ltr'>cleri</span> <span class='ocrx_word' id='word_1_43' title='bbox 1044 508 1140 541; x_wconf 83' lang='lat' dir='ltr'>quam</span> <span class='ocrx_word' id='word_1_44' title='bbox 1164 508 1235 541; x_wconf 43' lang='lat' dir='ltr'>pom</span> 
     </span>
     <span class='ocr_line' id='line_1_17' title="bbox 476 550 1219 599; baseline -0.005 -12"><span class='ocrx_word' id='word_1_45' title='bbox 476 555 540 599; x_wconf 87' lang='lat' dir='ltr'>puli</span> <span class='ocrx_word' id='word_1_46' title='bbox 566 553 704 586; x_wconf 90' lang='lat' dir='ltr'>eiusdem</span> <span class='ocrx_word' id='word_1_47' title='bbox 730 553 820 595; x_wconf 77' lang='lat' dir='ltr'>regni</span> <span class='ocrx_word' id='word_1_48' title='bbox 848 551 1058 594; x_wconf 79' lang='lat' dir='ltr'>Portugalliae</span> <span class='ocrx_word' id='word_1_49' title='bbox 1083 550 1219 584; x_wconf 83' lang='lat' dir='ltr'>utilitati-</span> 
     </span>
     <span class='ocr_line' id='line_1_18' title="bbox 476 603 1218 646; baseline -0.005 -6"><span class='ocrx_word' id='word_1_50' title='bbox 476 608 533 640; x_wconf 90' lang='lat' dir='ltr'>bus</span> <span class='ocrx_word' id='word_1_51' title='bbox 550 613 580 640; x_wconf 81' lang='lat' dir='ltr'>et</span> <span class='ocrx_word' id='word_1_52' title='bbox 605 606 891 646; x_wconf 73' lang='lat' dir='ltr'>commoditatibus,</span> <span class='ocrx_word' id='word_1_53' title='bbox 908 615 1030 638; x_wconf 84' lang='lat' dir='ltr'>necnon</span> <span class='ocrx_word' id='word_1_54' title='bbox 1047 603 1218 637; x_wconf 89' lang='lat' dir='ltr'>catholico-</span> 
     </span>
     <span class='ocr_line' id='line_1_19' title="bbox 477 657 1220 702; baseline -0.005 -9"><span class='ocrx_word' id='word_1_55' title='bbox 477 671 547 694; x_wconf 90' lang='lat' dir='ltr'>rum</span> <span class='ocrx_word' id='word_1_56' title='bbox 571 661 602 693; x_wconf 91' lang='lat' dir='ltr'>in</span> <span class='ocrx_word' id='word_1_57' title='bbox 627 660 718 693; x_wconf 87' lang='lat' dir='ltr'>dictis</span> <span class='ocrx_word' id='word_1_58' title='bbox 743 659 902 692; x_wconf 87' lang='lat' dir='ltr'>lndiarum</span> <span class='ocrx_word' id='word_1_59' title='bbox 924 658 1069 702; x_wconf 89' lang='lat' dir='ltr'>partibus</span> <span class='ocrx_word' id='word_1_60' title='bbox 1089 657 1220 690; x_wconf 81' lang='lat' dir='ltr'>existen-</span> 
     </span>
     <span class='ocr_line' id='line_1_20' title="bbox 476 711 1237 756; baseline -0.008 -9"><span class='ocrx_word' id='word_1_61' title='bbox 476 715 553 748; x_wconf 92' lang='lat' dir='ltr'>tium</span> <span class='ocrx_word' id='word_1_62' title='bbox 580 713 671 746; x_wconf 89' lang='lat' dir='ltr'>saluti</span> <span class='ocrx_word' id='word_1_63' title='bbox 704 718 796 756; x_wconf 86' lang='lat' dir='ltr'>atquc</span> <span class='ocrx_word' id='word_1_64' title='bbox 831 712 990 746; x_wconf 82' lang='lat' dir='ltr'>securitati</span> <span class='ocrx_word' id='word_1_65' title='bbox 1022 711 1237 751; x_wconf 50' lang='lat' dir='ltr'>consulitui·‚=¹</span> 
     </span>
     <span class='ocr_line' id='line_1_21' title="bbox 476 765 1219 808; baseline -0.005 -7"><span class='ocrx_word' id='word_1_66' title='bbox 476 767 676 807; x_wconf 77' lang='lat' dir='ltr'>contraxerit,</span> <span class='ocrx_word' id='word_1_67' title='bbox 694 767 943 800; x_wconf 73' lang='lat' dir='ltr'>contributiones</span> <span class='ocrx_word' id='word_1_68' title='bbox 960 776 1035 798; x_wconf 68' lang='lat' dir='ltr'>vero</span> <span class='ocrx_word' id='word_1_69' title='bbox 1055 765 1219 808; x_wconf 79' lang='lat' dir='ltr'>generales</span> 
     </span>
     <span class='ocr_line' id='line_1_22' title="bbox 475 819 1219 864; baseline -0.007 -9"><span class='ocrx_word' id='word_1_70' title='bbox 475 822 549 855; x_wconf 86' lang='lat' dir='ltr'>dicti</span> <span class='ocrx_word' id='word_1_71' title='bbox 573 821 673 864; x_wconf 81' lang='lat' dir='ltr'>regni,</span> <span class='ocrx_word' id='word_1_72' title='bbox 691 826 721 853; x_wconf 84' lang='lat' dir='ltr'>et</span> <span class='ocrx_word' id='word_1_73' title='bbox 738 821 819 853; x_wconf 91' lang='lat' dir='ltr'>ultra</span> <span class='ocrx_word' id='word_1_74' title='bbox 840 830 994 853; x_wconf 86' lang='lat' dir='ltr'>summam</span> <span class='ocrx_word' id='word_1_75' title='bbox 1011 819 1219 852; x_wconf 89' lang='lat' dir='ltr'>ducentorum</span> 
     </span>
     <span class='ocr_line' id='line_1_23' title="bbox 478 871 1220 917; baseline -0.005 -10"><span class='ocrx_word' id='word_1_76' title='bbox 478 874 612 907; x_wconf 88' lang='lat' dir='ltr'>millium</span> <span class='ocrx_word' id='word_1_77' title='bbox 638 873 852 907; x_wconf 78' lang='lat' dir='ltr'>cruciatorum</span> <span class='ocrx_word' id='word_1_78' title='bbox 888 884 946 917; x_wconf 87' lang='lat' dir='ltr'>per</span> <span class='ocrx_word' id='word_1_79' title='bbox 977 872 1108 905; x_wconf 90' lang='lat' dir='ltr'>dilectos</span> <span class='ocrx_word' id='word_1_80' title='bbox 1138 871 1220 904; x_wconf 85' lang='lat' dir='ltr'>filios</span> 
     </span>
     <span class='ocr_line' id='line_1_24' title="bbox 477 924 1222 961; baseline -0.005 0"><span class='ocrx_word' id='word_1_81' title='bbox 477 927 734 961; x_wconf 83' lang='lat' dir='ltr'>communitatem</span> <span class='ocrx_word' id='word_1_82' title='bbox 760 932 789 959; x_wconf 89' lang='lat' dir='ltr'>et</span> <span class='ocrx_word' id='word_1_83' title='bbox 814 927 958 959; x_wconf 88' lang='lat' dir='ltr'>homines</span> <span class='ocrx_word' id='word_1_84' title='bbox 983 925 1116 959; x_wconf 75' lang='lat' dir='ltr'>civitatis</span> <span class='ocrx_word' id='word_1_85' title='bbox 1141 924 1222 958; x_wconf 72' lang='lat' dir='ltr'>[lix-</span> 
     </span>
     <span class='ocr_line' id='line_1_25' title="bbox 478 978 1220 1024; baseline -0.005 -10"><span class='ocrx_word' id='word_1_86' title='bbox 478 981 625 1014; x_wconf 87' lang='lat' dir='ltr'>honensis</span> <span class='ocrx_word' id='word_1_87' title='bbox 661 980 762 1014; x_wconf 86' lang='lat' dir='ltr'>eidem</span> <span class='ocrx_word' id='word_1_88' title='bbox 790 979 936 1024; x_wconf 88' lang='lat' dir='ltr'>Philippo</span> <span class='ocrx_word' id='word_1_89' title='bbox 972 979 1040 1022; x_wconf 76' lang='lat' dir='ltr'>regi</span> <span class='ocrx_word' id='word_1_90' title='bbox 1075 978 1220 1011; x_wconf 86' lang='lat' dir='ltr'>adhunc</span> 
     </span>
     <span class='ocr_line' id='line_1_26' title="bbox 479 1032 1221 1078; baseline -0.005 -9"><span class='ocrx_word' id='word_1_91' title='bbox 479 1036 625 1069; x_wconf 83' lang='lat' dir='ltr'>effectum</span> <span class='ocrx_word' id='word_1_92' title='bbox 650 1034 808 1075; x_wconf 79' lang='lat' dir='ltr'>donatam,</span> <span class='ocrx_word' id='word_1_93' title='bbox 833 1044 896 1067; x_wconf 92' lang='lat' dir='ltr'>non</span> <span class='ocrx_word' id='word_1_94' title='bbox 921 1038 1099 1078; x_wconf 76' lang='lat' dir='ltr'>suppetant,</span> <span class='ocrx_word' id='word_1_95' title='bbox 1119 1032 1157 1065; x_wconf 86' lang='lat' dir='ltr'>ad</span> <span class='ocrx_word' id='word_1_96' title='bbox 1175 1043 1221 1065; x_wconf 91' lang='lat' dir='ltr'>ec-</span> 
     </span>
     <span class='ocr_line' id='line_1_27' title="bbox 477 1087 1222 1132; baseline -0.004 -10"><span class='ocrx_word' id='word_1_97' title='bbox 477 1089 722 1123; x_wconf 88' lang='lat' dir='ltr'>clesiasticarum</span> <span class='ocrx_word' id='word_1_98' title='bbox 737 1098 944 1132; x_wconf 86' lang='lat' dir='ltr'>personarum</span> <span class='ocrx_word' id='word_1_99' title='bbox 959 1087 1137 1120; x_wconf 83' lang='lat' dir='ltr'>subsidium</span> <span class='ocrx_word' id='word_1_100' title='bbox 1151 1096 1222 1120; x_wconf 91' lang='lat' dir='ltr'>con-</span> 
     </span>
     <span class='ocr_line' id='line_1_28' title="bbox 477 1140 1222 1186; baseline -0.004 -10"><span class='ocrx_word' id='word_1_101' title='bbox 477 1143 660 1186; x_wconf 81' lang='lat' dir='ltr'>fugiendum</span> <span class='ocrx_word' id='word_1_102' title='bbox 694 1142 906 1186; x_wconf 85' lang='lat' dir='ltr'>compellitur.</span> <span class='ocrx_word' id='word_1_103' title='bbox 932 1140 1029 1174; x_wconf 69' lang='lat' dir='ltr'>Nobis</span> <span class='ocrx_word' id='word_1_104' title='bbox 1052 1144 1222 1184; x_wconf 86' lang='lat' dir='ltr'>propterea</span> 
     </span>
     <span class='ocr_line' id='line_1_29' title="bbox 478 1193 1221 1241; baseline -0.005 -11"><span class='ocrx_word' id='word_1_105' title='bbox 478 1197 580 1230; x_wconf 88' lang='lat' dir='ltr'>dictus</span> <span class='ocrx_word' id='word_1_106' title='bbox 604 1196 768 1241; x_wconf 85' lang='lat' dir='ltr'>Philippus</span> <span class='ocrx_word' id='word_1_107' title='bbox 785 1206 841 1229; x_wconf 83' lang='lat' dir='ltr'>rex</span> <span class='ocrx_word' id='word_1_108' title='bbox 865 1195 1027 1228; x_wconf 91' lang='lat' dir='ltr'>humiliter</span> <span class='ocrx_word' id='word_1_109' title='bbox 1051 1193 1221 1238; x_wconf 84' lang='lat' dir='ltr'>supplicari</span> 
     </span>
     <span class='ocr_line' id='line_1_30' title="bbox 479 1248 1223 1294; baseline -0.004 -11"><span class='ocrx_word' id='word_1_110' title='bbox 479 1250 560 1290; x_wconf 83' lang='lat' dir='ltr'>fecit,</span> <span class='ocrx_word' id='word_1_111' title='bbox 580 1255 614 1282; x_wconf 89' lang='lat' dir='ltr'>ut</span> <span class='ocrx_word' id='word_1_112' title='bbox 639 1260 733 1294; x_wconf 88' lang='lat' dir='ltr'>super</span> <span class='ocrx_word' id='word_1_113' title='bbox 758 1248 941 1293; x_wconf 81' lang='lat' dir='ltr'>praemissis</span> <span class='ocrx_word' id='word_1_114' title='bbox 957 1253 1135 1292; x_wconf 89' lang='lat' dir='ltr'>opportune</span> <span class='ocrx_word' id='word_1_115' title='bbox 1152 1258 1223 1292; x_wconf 90' lang='lat' dir='ltr'>pro-</span> 
     </span>
     <span class='ocr_line' id='line_1_31' title="bbox 479 1301 1218 1345; baseline -0.004 -9"><span class='ocrx_word' id='word_1_116' title='bbox 479 1303 585 1336; x_wconf 77' lang='lat' dir='ltr'>videre</span> <span class='ocrx_word' id='word_1_117' title='bbox 617 1303 655 1336; x_wconf 87' lang='lat' dir='ltr'>de</span> <span class='ocrx_word' id='word_1_118' title='bbox 690 1302 883 1345; x_wconf 80' lang='lat' dir='ltr'>benignitate</span> <span class='ocrx_word' id='word_1_119' title='bbox 908 1301 1081 1345; x_wconf 74' lang='lat' dir='ltr'>apostolica</span> <span class='ocrx_word' id='word_1_120' title='bbox 1105 1301 1218 1344; x_wconf 73' lang='lat' dir='ltr'>digna-</span> 
     </span>
     <span class='ocr_line' id='line_1_32' title="bbox 479 1367 596 1390; baseline -0.017 0"><span class='ocrx_word' id='word_1_121' title='bbox 479 1367 596 1390; x_wconf 86' lang='lat' dir='ltr'>remur.</span> 
     </span>
    </p>

    <p class='ocr_par' dir='ltr' id='par_1_5' title="bbox 481 1407 1241 2620">
     <span class='ocr_line' id='line_1_33' title="bbox 525 1407 1241 1455; baseline -0.004 -12"><span class='ocrx_word' id='word_1_122' title='bbox 525 1411 540 1455; x_wconf 65' lang='grc' dir='ltr'>ἓ</span> <span class='ocrx_word' id='word_1_123' title='bbox 556 1409 586 1444; x_wconf 81' lang='lat'>3.</span> <span class='ocrx_word' id='word_1_124' title='bbox 604 1410 666 1443; x_wconf 79' lang='lat' dir='ltr'>Nos</span> <span class='ocrx_word' id='word_1_125' title='bbox 685 1409 781 1453; x_wconf 80' lang='lat' dir='ltr'>igitur</span> <span class='ocrx_word' id='word_1_126' title='bbox 798 1407 879 1453; x_wconf 89' lang='lat' dir='ltr'>qui¹‚</span> <span class='ocrx_word' id='word_1_127' title='bbox 896 1408 967 1441; x_wconf 91' lang='lat' dir='ltr'>licet</span> <span class='ocrx_word' id='word_1_128' title='bbox 984 1407 1023 1440; x_wconf 85' lang='lat' dir='ltr'>ab</span> <span class='ocrx_word' id='word_1_129' title='bbox 1039 1408 1106 1452; x_wconf 90' lang='lat' dir='ltr'>ipso</span> <span class='ocrx_word' id='word_1_130' title='bbox 1124 1408 1223 1452; x_wconf 89' lang='lat' dir='ltr'>ponti·</span> <span class='ocrx_word' id='word_1_131' title='bbox 1239 1430 1241 1436; x_wconf 43' lang='lat'><strong>⁴</strong></span> 
     </span>
     <span class='ocr_line' id='line_1_34' title="bbox 481 1461 1223 1504; baseline -0.005 -7"><span class='ocrx_word' id='word_1_132' title='bbox 481 1464 592 1498; x_wconf 82' lang='lat' dir='ltr'>ficatus</span> <span class='ocrx_word' id='word_1_133' title='bbox 607 1463 707 1497; x_wconf 90' lang='lat' dir='ltr'>nostri</span> <span class='ocrx_word' id='word_1_134' title='bbox 731 1461 820 1495; x_wconf 90' lang='lat' dir='ltr'>initio</span> <span class='ocrx_word' id='word_1_135' title='bbox 836 1461 914 1494; x_wconf 90' lang='lat' dir='ltr'>nihil</span> <span class='ocrx_word' id='word_1_136' title='bbox 931 1461 1088 1504; x_wconf 86' lang='lat' dir='ltr'>antiquius</span> <span class='ocrx_word' id='word_1_137' title='bbox 1106 1461 1223 1494; x_wconf 87' lang='lat' dir='ltr'>habue-</span> 
     </span>
     <span class='ocr_line' id='line_1_35' title="bbox 481 1515 1223 1561; baseline -0.004 -11"><span class='ocrx_word' id='word_1_138' title='bbox 481 1518 591 1558; x_wconf 87' lang='lat' dir='ltr'>rimus,</span> <span class='ocrx_word' id='word_1_139' title='bbox 615 1527 710 1561; x_wconf 88' lang='lat' dir='ltr'>quam</span> <span class='ocrx_word' id='word_1_140' title='bbox 734 1515 880 1549; x_wconf 86' lang='lat' dir='ltr'>ecclesias</span> <span class='ocrx_word' id='word_1_141' title='bbox 897 1525 1016 1555; x_wconf 90' lang='lat' dir='ltr'>omnes,</span> <span class='ocrx_word' id='word_1_142' title='bbox 1035 1515 1223 1558; x_wconf 85' lang='lat' dir='ltr'>illarumque</span> 
     </span>
     <span class='ocr_line' id='line_1_36' title="bbox 481 1568 1223 1616; baseline -0.004 -12"><span class='ocrx_word' id='word_1_143' title='bbox 481 1571 642 1616; x_wconf 84' lang='lat' dir='ltr'>praesules</span> <span class='ocrx_word' id='word_1_144' title='bbox 659 1575 687 1603; x_wconf 89' lang='lat' dir='ltr'>et</span> <span class='ocrx_word' id='word_1_145' title='bbox 706 1579 859 1614; x_wconf 87' lang='lat' dir='ltr'>personas</span> <span class='ocrx_word' id='word_1_146' title='bbox 879 1579 941 1601; x_wconf 93' lang='lat' dir='ltr'>non</span> <span class='ocrx_word' id='word_1_147' title='bbox 959 1569 1060 1602; x_wconf 90' lang='lat' dir='ltr'>solum</span> <span class='ocrx_word' id='word_1_148' title='bbox 1078 1568 1117 1600; x_wconf 89' lang='lat' dir='ltr'>ab</span> <span class='ocrx_word' id='word_1_149' title='bbox 1138 1569 1223 1601; x_wconf 89' lang='lat' dir='ltr'>omni</span> 
     </span>
     <span class='ocr_line' id='line_1_37' title="bbox 482 1622 1224 1665; baseline -0.005 -8"><span class='ocrx_word' id='word_1_150' title='bbox 482 1623 652 1658; x_wconf 84' lang='lat' dir='ltr'>exactionis</span> <span class='ocrx_word' id='word_1_151' title='bbox 677 1622 819 1657; x_wconf 78' lang='lat' dir='ltr'>molestia</span> <span class='ocrx_word' id='word_1_152' title='bbox 837 1622 993 1655; x_wconf 89' lang='lat' dir='ltr'>immunes</span> <span class='ocrx_word' id='word_1_153' title='bbox 1009 1632 1224 1665; x_wconf 70' lang='lat' dir='ltr'>praeservare,</span> 
     </span>
     <span class='ocr_line' id='line_1_38' title="bbox 483 1674 1224 1719; baseline -0.004 -9"><span class='ocrx_word' id='word_1_154' title='bbox 483 1687 592 1710; x_wconf 75' lang='lat' dir='ltr'>rerum</span> <span class='ocrx_word' id='word_1_155' title='bbox 617 1677 728 1717; x_wconf 86' lang='lat' dir='ltr'>etiam,</span> <span class='ocrx_word' id='word_1_156' title='bbox 764 1680 916 1719; x_wconf 88' lang='lat' dir='ltr'>quantum</span> <span class='ocrx_word' id='word_1_157' title='bbox 941 1675 972 1708; x_wconf 95' lang='lat' dir='ltr'>in</span> <span class='ocrx_word' id='word_1_158' title='bbox 1007 1674 1098 1708; x_wconf 89' lang='lat' dir='ltr'>nobis</span> <span class='ocrx_word' id='word_1_159' title='bbox 1125 1674 1224 1715; x_wconf 88' lang='lat' dir='ltr'>soret,</span> 
     </span>
     <span class='ocr_line' id='line_1_39' title="bbox 482 1728 1224 1768; baseline -0.004 -4"><span class='ocrx_word' id='word_1_160' title='bbox 482 1730 657 1765; x_wconf 89' lang='lat' dir='ltr'>commodis</span> <span class='ocrx_word' id='word_1_161' title='bbox 683 1735 713 1763; x_wconf 87' lang='lat' dir='ltr'>et</span> <span class='ocrx_word' id='word_1_162' title='bbox 736 1729 912 1763; x_wconf 90' lang='lat' dir='ltr'>honoribus</span> <span class='ocrx_word' id='word_1_163' title='bbox 947 1729 1093 1768; x_wconf 78' lang='lat' dir='ltr'>afficere3</span> <span class='ocrx_word' id='word_1_164' title='bbox 1119 1728 1224 1762; x_wconf 87' lang='lat' dir='ltr'>animo</span> 
     </span>
     <span class='ocr_line' id='line_1_40' title="bbox 483 1783 1225 1818; baseline -0.004 0"><span class='ocrx_word' id='word_1_165' title='bbox 483 1791 587 1818; x_wconf 88' lang='lat' dir='ltr'>tamen</span> <span class='ocrx_word' id='word_1_166' title='bbox 611 1784 807 1818; x_wconf 83' lang='lat' dir='ltr'>revolventes</span> <span class='ocrx_word' id='word_1_167' title='bbox 844 1783 939 1816; x_wconf 90' lang='lat' dir='ltr'>etiam</span> <span class='ocrx_word' id='word_1_168' title='bbox 972 1783 1010 1815; x_wconf 92' lang='lat' dir='ltr'>ad</span> <span class='ocrx_word' id='word_1_169' title='bbox 1043 1783 1163 1816; x_wconf 84' lang='lat' dir='ltr'>clerum</span> <span class='ocrx_word' id='word_1_170' title='bbox 1195 1787 1225 1815; x_wconf 89' lang='lat' dir='ltr'>et</span> 
     </span>
     <span class='ocr_line' id='line_1_41' title="bbox 483 1836 1226 1880; baseline -0.004 -8"><span class='ocrx_word' id='word_1_171' title='bbox 483 1838 711 1872; x_wconf 89' lang='lat' dir='ltr'>ecclesiasticos</span> <span class='ocrx_word' id='word_1_172' title='bbox 735 1837 809 1870; x_wconf 87' lang='lat' dir='ltr'>dicti</span> <span class='ocrx_word' id='word_1_173' title='bbox 834 1837 924 1880; x_wconf 85' lang='lat' dir='ltr'>regni</span> <span class='ocrx_word' id='word_1_174' title='bbox 942 1836 1152 1879; x_wconf 83' lang='lat' dir='ltr'>Portugalliae</span> <span class='ocrx_word' id='word_1_175' title='bbox 1172 1836 1226 1869; x_wconf 92' lang='lat' dir='ltr'>hu-</span> 
     </span>
     <span class='ocr_line' id='line_1_42' title="bbox 483 1889 1225 1934; baseline -0.004 -9"><span class='ocrx_word' id='word_1_176' title='bbox 483 1892 619 1926; x_wconf 89' lang='lat' dir='ltr'>iusmodi</span> <span class='ocrx_word' id='word_1_177' title='bbox 642 1891 844 1925; x_wconf 88' lang='lat' dir='ltr'>necessitates</span> <span class='ocrx_word' id='word_1_178' title='bbox 878 1890 1059 1934; x_wconf 89' lang='lat' dir='ltr'>pertinere,</span> <span class='ocrx_word' id='word_1_179' title='bbox 1085 1889 1225 1923; x_wconf 91' lang='lat' dir='ltr'>eiusdem</span> 
     </span>
     <span class='ocr_line' id='line_1_43' title="bbox 483 1943 1227 1988; baseline -0.004 -9"><span class='ocrx_word' id='word_1_180' title='bbox 483 1951 587 1979; x_wconf 88' lang='lat' dir='ltr'>autern</span> <span class='ocrx_word' id='word_1_181' title='bbox 612 1944 702 1988; x_wconf 85' lang='lat' dir='ltr'>regni</span> <span class='ocrx_word' id='word_1_182' title='bbox 727 1954 803 1988; x_wconf 91' lang='lat' dir='ltr'>opes</span> <span class='ocrx_word' id='word_1_183' title='bbox 827 1943 866 1977; x_wconf 93' lang='lat' dir='ltr'>ad</span> <span class='ocrx_word' id='word_1_184' title='bbox 890 1949 1007 1976; x_wconf 83' lang='lat' dir='ltr'>tantam</span> <span class='ocrx_word' id='word_1_185' title='bbox 1028 1943 1145 1977; x_wconf 89' lang='lat' dir='ltr'>molem</span> <span class='ocrx_word' id='word_1_186' title='bbox 1165 1943 1227 1976; x_wconf 90' lang='lat' dir='ltr'>bel-</span> 
     </span>
     <span class='ocr_line' id='line_1_44' title="bbox 484 1997 1227 2042; baseline -0.004 -10"><span class='ocrx_word' id='word_1_187' title='bbox 484 2000 599 2040; x_wconf 89' lang='lat' dir='ltr'>lorum,</span> <span class='ocrx_word' id='word_1_188' title='bbox 624 2008 704 2042; x_wconf 90' lang='lat' dir='ltr'>quae</span> <span class='ocrx_word' id='word_1_189' title='bbox 729 1998 761 2030; x_wconf 89' lang='lat' dir='ltr'>in</span> <span class='ocrx_word' id='word_1_190' title='bbox 785 1997 930 2041; x_wconf 90' lang='lat' dir='ltr'>pluribus</span> <span class='ocrx_word' id='word_1_191' title='bbox 946 2002 977 2030; x_wconf 93' lang='lat' dir='ltr'>et</span> <span class='ocrx_word' id='word_1_192' title='bbox 994 1997 1125 2030; x_wconf 82' lang='lat' dir='ltr'>dirersis</span> <span class='ocrx_word' id='word_1_193' title='bbox 1148 1997 1227 2030; x_wconf 91' lang='lat' dir='ltr'>locis</span> 
     </span>
     <span class='ocr_line' id='line_1_45' title="bbox 485 2050 1226 2091; baseline -0.003 -5"><span class='ocrx_word' id='word_1_194' title='bbox 485 2057 594 2086; x_wconf 88' lang='lat' dir='ltr'>contra</span> <span class='ocrx_word' id='word_1_195' title='bbox 625 2051 787 2085; x_wconf 85' lang='lat' dir='ltr'>christiani</span> <span class='ocrx_word' id='word_1_196' title='bbox 824 2050 961 2084; x_wconf 87' lang='lat' dir='ltr'>nominis</span> <span class='ocrx_word' id='word_1_197' title='bbox 998 2050 1226 2091; x_wconf 69' lang='lat' dir='ltr'>validissimoS‚</span> 
     </span>
     <span class='ocr_line' id='line_1_46' title="bbox 486 2104 1227 2150; baseline -0.001 -12"><span class='ocrx_word' id='word_1_198' title='bbox 486 2105 786 2150; x_wconf 88' lang='lat' dir='ltr'>potentissimosque</span> <span class='ocrx_word' id='word_1_199' title='bbox 806 2104 912 2138; x_wconf 90' lang='lat' dir='ltr'>hostes</span> <span class='ocrx_word' id='word_1_200' title='bbox 937 2110 1101 2147; x_wconf 83' lang='lat' dir='ltr'>geruntur,</span> <span class='ocrx_word' id='word_1_201' title='bbox 1118 2104 1178 2145; x_wconf 74' lang='lat' dir='ltr'>vix,</span> <span class='ocrx_word' id='word_1_202' title='bbox 1195 2110 1227 2137; x_wconf 92' lang='lat' dir='ltr'>ut</span> 
     </span>
     <span class='ocr_line' id='line_1_47' title="bbox 485 2157 1227 2202; baseline -0.003 -11"><span class='ocrx_word' id='word_1_203' title='bbox 485 2159 671 2202; x_wconf 87' lang='lat' dir='ltr'>praefertur,</span> <span class='ocrx_word' id='word_1_204' title='bbox 692 2157 835 2190; x_wconf 84' lang='lat' dir='ltr'>sufficere</span> <span class='ocrx_word' id='word_1_205' title='bbox 852 2167 954 2201; x_wconf 84' lang='lat' dir='ltr'>posse,</span> <span class='ocrx_word' id='word_1_206' title='bbox 975 2157 1058 2190; x_wconf 88' lang='lat' dir='ltr'>etad</span> <span class='ocrx_word' id='word_1_207' title='bbox 1084 2162 1227 2190; x_wconf 88' lang='lat' dir='ltr'>nostrum</span> 
     </span>
     <span class='ocr_line' id='line_1_48' title="bbox 486 2211 1228 2256; baseline -0.003 -11"><span class='ocrx_word' id='word_1_208' title='bbox 486 2212 643 2256; x_wconf 87' lang='lat' dir='ltr'>pastorale</span> <span class='ocrx_word' id='word_1_209' title='bbox 668 2211 806 2244; x_wconf 81' lang='lat' dir='ltr'>officium</span> <span class='ocrx_word' id='word_1_210' title='bbox 832 2215 983 2254; x_wconf 87' lang='lat' dir='ltr'>spectare,</span> <span class='ocrx_word' id='word_1_211' title='bbox 1008 2221 1066 2254; x_wconf 87' lang='lat' dir='ltr'>pro</span> <span class='ocrx_word' id='word_1_212' title='bbox 1091 2213 1126 2243; x_wconf 70' lang='lat' dir='ltr'>ea</span> <span class='ocrx_word' id='word_1_213' title='bbox 1149 2221 1228 2254; x_wconf 86' lang='lat' dir='ltr'>quae</span> 
     </span>
     <span class='ocr_line' id='line_1_49' title="bbox 487 2263 1230 2308; baseline 0 -11"><span class='ocrx_word' id='word_1_214' title='bbox 487 2265 593 2298; x_wconf 87' lang='lat' dir='ltr'>tuendi</span> <span class='ocrx_word' id='word_1_215' title='bbox 619 2269 649 2297; x_wconf 90' lang='lat' dir='ltr'>et</span> <span class='ocrx_word' id='word_1_216' title='bbox 665 2263 862 2308; x_wconf 83' lang='lat' dir='ltr'>propagandi</span> <span class='ocrx_word' id='word_1_217' title='bbox 880 2263 1066 2306; x_wconf 79' lang='lat' dir='ltr'>religionem</span> <span class='ocrx_word' id='word_1_218' title='bbox 1083 2264 1174 2297; x_wconf 92' lang='lat' dir='ltr'>nobis</span> <span class='ocrx_word' id='word_1_219' title='bbox 1188 2264 1230 2297; x_wconf 91' lang='lat' dir='ltr'>in-</span> 
     </span>
     <span class='ocr_line' id='line_1_50' title="bbox 487 2317 1229 2357; baseline 0 -6"><span class='ocrx_word' id='word_1_220' title='bbox 487 2318 605 2351; x_wconf 88' lang='lat' dir='ltr'>cumbit</span> <span class='ocrx_word' id='word_1_221' title='bbox 630 2320 707 2351; x_wconf 78' lang='lat' dir='ltr'>cura</span> <span class='ocrx_word' id='word_1_222' title='bbox 731 2323 761 2350; x_wconf 89' lang='lat' dir='ltr'>et</span> <span class='ocrx_word' id='word_1_223' title='bbox 785 2317 1013 2357; x_wconf 86' lang='lat' dir='ltr'>sollicitudine,</span> <span class='ocrx_word' id='word_1_224' title='bbox 1041 2328 1103 2351; x_wconf 89' lang='lat' dir='ltr'>non</span> <span class='ocrx_word' id='word_1_225' title='bbox 1129 2319 1229 2351; x_wconf 88' lang='lat' dir='ltr'>solum</span> 
     </span>
     <span class='ocr_line' id='line_1_51' title="bbox 487 2372 1232 2416; baseline 0.003 -12"><span class='ocrx_word' id='word_1_226' title='bbox 487 2372 554 2416; x_wconf 90' lang='lat' dir='ltr'>pias</span> <span class='ocrx_word' id='word_1_227' title='bbox 574 2378 604 2405; x_wconf 91' lang='lat' dir='ltr'>et</span> <span class='ocrx_word' id='word_1_228' title='bbox 621 2372 748 2405; x_wconf 80' lang='lat' dir='ltr'>devotas</span> <span class='ocrx_word' id='word_1_229' title='bbox 765 2372 923 2416; x_wconf 89' lang='lat' dir='ltr'>supplices</span> <span class='ocrx_word' id='word_1_230' title='bbox 940 2372 1167 2406; x_wconf 88' lang='lat' dir='ltr'>catholicorum</span> <span class='ocrx_word' id='word_1_231' title='bbox 1187 2383 1232 2406; x_wconf 91' lang='lat' dir='ltr'>re-</span> 
     </span>
     <span class='ocr_line' id='line_1_52' title="bbox 488 2425 1231 2469; baseline 0 -11"><span class='ocrx_word' id='word_1_232' title='bbox 488 2435 562 2468; x_wconf 84' lang='lat' dir='ltr'>gum</span> <span class='ocrx_word' id='word_1_233' title='bbox 589 2436 699 2469; x_wconf 88' lang='lat' dir='ltr'>preces</span> <span class='ocrx_word' id='word_1_234' title='bbox 724 2425 871 2468; x_wconf 78' lang='lat' dir='ltr'>benignis</span> <span class='ocrx_word' id='word_1_235' title='bbox 905 2425 1049 2469; x_wconf 87' lang='lat' dir='ltr'>accipere</span> <span class='ocrx_word' id='word_1_236' title='bbox 1081 2425 1231 2466; x_wconf 83' lang='lat' dir='ltr'>auribus,</span> 
     </span>
     <span class='ocr_line' id='line_1_53' title="bbox 490 2479 1231 2516; baseline 0.003 -6"><span class='ocrx_word' id='word_1_237' title='bbox 490 2489 598 2511; x_wconf 74' lang='lat' dir='ltr'>verum</span> <span class='ocrx_word' id='word_1_238' title='bbox 619 2479 711 2512; x_wconf 91' lang='lat' dir='ltr'>etiam</span> <span class='ocrx_word' id='word_1_239' title='bbox 741 2479 874 2512; x_wconf 84' lang='lat' dir='ltr'>assiduis</span> <span class='ocrx_word' id='word_1_240' title='bbox 906 2489 1016 2512; x_wconf 90' lang='lat' dir='ltr'>eorum</span> <span class='ocrx_word' id='word_1_241' title='bbox 1048 2479 1231 2516; x_wconf 85' lang='lat' dir='ltr'>laboribus.</span> 
     </span>
     <span class='ocr_line' id='line_1_54' title="bbox 491 2531 1231 2576; baseline 0.003 -12"><span class='ocrx_word' id='word_1_242' title='bbox 491 2531 649 2575; x_wconf 88' lang='lat' dir='ltr'>periculis,</span> <span class='ocrx_word' id='word_1_243' title='bbox 667 2532 876 2565; x_wconf 87' lang='lat' dir='ltr'>incommodis</span> <span class='ocrx_word' id='word_1_244' title='bbox 897 2538 926 2565; x_wconf 88' lang='lat' dir='ltr'>et</span> <span class='ocrx_word' id='word_1_245' title='bbox 949 2533 1132 2576; x_wconf 82' lang='lat' dir='ltr'>dispendiis,</span> <span class='ocrx_word' id='word_1_246' title='bbox 1152 2544 1231 2576; x_wconf 90' lang='lat' dir='ltr'>quae</span> 
     </span>
     <span class='ocr_line' id='line_1_55' title="bbox 492 2584 1231 2620; baseline 0.004 -4"><span class='ocrx_word' id='word_1_247' title='bbox 492 2584 529 2616; x_wconf 92' lang='lat' dir='ltr'>ad</span> <span class='ocrx_word' id='word_1_248' title='bbox 554 2585 707 2618; x_wconf 89' lang='lat' dir='ltr'>honorem</span> <span class='ocrx_word' id='word_1_249' title='bbox 732 2585 785 2618; x_wconf 89' lang='lat' dir='ltr'>Dei</span> <span class='ocrx_word' id='word_1_250' title='bbox 811 2591 841 2619; x_wconf 86' lang='lat' dir='ltr'>et</span> <span class='ocrx_word' id='word_1_251' title='bbox 865 2585 1042 2619; x_wconf 84' lang='lat' dir='ltr'>Catholicae</span> <span class='ocrx_word' id='word_1_252' title='bbox 1075 2586 1231 2620; x_wconf 84' lang='lat' dir='ltr'>Ecclesiae</span> 
     </span>
    </p>
   </div>
   <div class='ocr_carea' id='block_1_5' title="bbox 1232 344 1245 1841">
    <p class='ocr_par' dir='ltr' id='par_1_6' title="bbox 1232 344 1245 1841">
     <span class='ocr_line' id='line_1_56' title="bbox 1232 344 1245 1841; baseline 0 0"><span class='ocrx_word' id='word_1_253' title='bbox 1232 344 1245 1841; x_wconf 95' lang='lat' dir='ltr'> </span> 
     </span>
    </p>
   </div>
   <div class='ocr_carea' id='block_1_6' title="bbox 532 2700 1147 2738">
    <p class='ocr_par' dir='ltr' id='par_1_7' title="bbox 532 2700 1147 2738">
     <span class='ocr_line' id='line_1_57' title="bbox 532 2700 1147 2738; baseline 0.005 -12"><span class='ocrx_word' id='word_1_254' title='bbox 532 2701 543 2726; x_wconf 81' lang='lat'>¹</span> <span class='ocrx_word' id='word_1_255' title='bbox 559 2700 658 2727; x_wconf 83' lang='lat' dir='ltr'>Vocem</span> <span class='ocrx_word' id='word_1_256' title='bbox 673 2701 724 2736; x_wconf 80' lang='lat' dir='ltr'>qui</span> <span class='ocrx_word' id='word_1_257' title='bbox 738 2700 838 2729; x_wconf 86' lang='lat' dir='ltr'>addere</span> <span class='ocrx_word' id='word_1_258' title='bbox 854 2702 1036 2738; x_wconf 85' lang='lat' dir='ltr'>reputavimus</span> <span class='ocrx_word' id='word_1_259' title='bbox 1049 2703 1087 2738; x_wconf 78' lang='lat' dir='ltr'>(n.</span> <span class='ocrx_word' id='word_1_260' title='bbox 1099 2702 1147 2738; x_wconf 87' lang='grc' dir='ltr'><strong>τ.).</strong></span> 
     </span>
    </p>
   </div>
   <div class='ocr_carea' id='block_1_7' title="bbox 1056 292 1416 319">
    <p class='ocr_par' dir='ltr' id='par_1_8' title="bbox 1056 292 1416 319">
     <span class='ocr_line' id='line_1_58' title="bbox 1056 292 1416 319; baseline -0.006 -1"><span class='ocrx_word' id='word_1_261' title='bbox 1056 294 1236 319; x_wconf 71' lang='lat' dir='ltr'>BULLARIUM</span> <span class='ocrx_word' id='word_1_262' title='bbox 1261 292 1416 317; x_wconf 66' lang='lat' dir='ltr'>Romnum</span> 
     </span>
    </p>
   </div>
   <div class='ocr_carea' id='block_1_8' title="bbox 1251 335 2001 1075">
    <p class='ocr_par' dir='ltr' id='par_1_9' title="bbox 1251 335 2001 1075">
     <span class='ocr_line' id='line_1_59' title="bbox 1251 335 1996 381; baseline -0.005 -7"><span class='ocrx_word' id='word_1_263' title='bbox 1251 340 1471 374; x_wconf 76' lang='lat' dir='ltr'>exaltationem</span> <span class='ocrx_word' id='word_1_264' title='bbox 1497 338 1651 372; x_wconf 83' lang='lat' dir='ltr'>indefesse</span> <span class='ocrx_word' id='word_1_265' title='bbox 1667 336 1859 381; x_wconf 63' lang='lat' dir='ltr'>perserunv,</span> <span class='ocrx_word' id='word_1_266' title='bbox 1875 335 1996 381; x_wconf 90' lang='lat' dir='ltr'>prospi-</span> 
     </span>
     <span class='ocr_line' id='line_1_60' title="bbox 1251 391 1996 438; baseline -0.007 -11"><span class='ocrx_word' id='word_1_267' title='bbox 1251 404 1333 433; x_wconf 87' lang='lat' dir='ltr'>cere,</span> <span class='ocrx_word' id='word_1_268' title='bbox 1352 393 1562 438; x_wconf 88' lang='lat' dir='ltr'>peculiarium</span> <span class='ocrx_word' id='word_1_269' title='bbox 1588 391 1792 425; x_wconf 76' lang='lat' dir='ltr'>ecclesiarum</span> <span class='ocrx_word' id='word_1_270' title='bbox 1810 401 1887 434; x_wconf 88' lang='lat' dir='ltr'>opes</span> <span class='ocrx_word' id='word_1_271' title='bbox 1902 395 1996 434; x_wconf 90' lang='lat' dir='ltr'>atque</span> 
     </span>
     <span class='ocr_line' id='line_1_61' title="bbox 1252 443 1997 490; baseline -0.007 -10"><span class='ocrx_word' id='word_1_272' title='bbox 1252 446 1402 487; x_wconf 87' lang='lat' dir='ltr'>redditus,</span> <span class='ocrx_word' id='word_1_273' title='bbox 1419 456 1478 490; x_wconf 90' lang='lat' dir='ltr'>pro</span> <span class='ocrx_word' id='word_1_274' title='bbox 1498 444 1677 479; x_wconf 75' lang='lat' dir='ltr'>necessaria</span> <span class='ocrx_word' id='word_1_275' title='bbox 1695 443 1831 483; x_wconf 89' lang='lat' dir='ltr'>illarum,</span> <span class='ocrx_word' id='word_1_276' title='bbox 1853 453 1997 476; x_wconf 89' lang='lat' dir='ltr'>suorum-</span> 
     </span>
     <span class='ocr_line' id='line_1_62' title="bbox 1252 495 1997 544; baseline -0.007 -11"><span class='ocrx_word' id='word_1_277' title='bbox 1252 510 1312 544; x_wconf 89' lang='lat' dir='ltr'>que</span> <span class='ocrx_word' id='word_1_278' title='bbox 1337 499 1489 539; x_wconf 85' lang='lat' dir='ltr'>filiorum,</span> <span class='ocrx_word' id='word_1_279' title='bbox 1503 504 1534 532; x_wconf 91' lang='lat' dir='ltr'>et</span> <span class='ocrx_word' id='word_1_280' title='bbox 1555 497 1744 531; x_wconf 85' lang='lat' dir='ltr'>christianae</span> <span class='ocrx_word' id='word_1_281' title='bbox 1768 506 1805 529; x_wconf 87' lang='lat' dir='ltr'>ac</span> <span class='ocrx_word' id='word_1_282' title='bbox 1829 501 1892 528; x_wconf 89' lang='lat' dir='ltr'>tam</span> <span class='ocrx_word' id='word_1_283' title='bbox 1909 495 1997 529; x_wconf 88' lang='lat' dir='ltr'>cleri-</span> 
     </span>
     <span class='ocr_line' id='line_1_63' title="bbox 1253 551 1996 595; baseline -0.008 -9"><span class='ocrx_word' id='word_1_284' title='bbox 1253 563 1364 586; x_wconf 88' lang='lat' dir='ltr'>corum</span> <span class='ocrx_word' id='word_1_285' title='bbox 1389 561 1483 595; x_wconf 88' lang='lat' dir='ltr'>quam</span> <span class='ocrx_word' id='word_1_286' title='bbox 1507 551 1661 584; x_wconf 87' lang='lat' dir='ltr'>laicorum</span> <span class='ocrx_word' id='word_1_287' title='bbox 1690 558 1802 583; x_wconf 84' lang='lat' dir='ltr'>causae</span> <span class='ocrx_word' id='word_1_288' title='bbox 1829 553 1923 592; x_wconf 89' lang='lat' dir='ltr'>atque</span> <span class='ocrx_word' id='word_1_289' title='bbox 1947 558 1996 582; x_wconf 87' lang='lat' dir='ltr'>sa-</span> 
     </span>
     <span class='ocr_line' id='line_1_64' title="bbox 1253 601 1997 647; baseline -0.005 -9"><span class='ocrx_word' id='word_1_290' title='bbox 1253 605 1326 638; x_wconf 85' lang='lat' dir='ltr'>lutis</span> <span class='ocrx_word' id='word_1_291' title='bbox 1351 604 1554 644; x_wconf 83' lang='lat' dir='ltr'>defensione,</span> <span class='ocrx_word' id='word_1_292' title='bbox 1586 609 1617 637; x_wconf 88' lang='lat' dir='ltr'>et</span> <span class='ocrx_word' id='word_1_293' title='bbox 1640 602 1741 647; x_wconf 88' lang='lat' dir='ltr'>ipsius</span> <span class='ocrx_word' id='word_1_294' title='bbox 1765 601 1938 635; x_wconf 87' lang='lat' dir='ltr'>catholicae</span> <span class='ocrx_word' id='word_1_295' title='bbox 1962 612 1997 635; x_wconf 87' lang='lat' dir='ltr'>re</span> 
     </span>
     <span class='ocr_line' id='line_1_65' title="bbox 1254 655 1998 701; baseline -0.005 -10"><span class='ocrx_word' id='word_1_296' title='bbox 1254 658 1380 701; x_wconf 81' lang='lat' dir='ltr'>ligionis</span> <span class='ocrx_word' id='word_1_297' title='bbox 1404 662 1574 701; x_wconf 81' lang='lat' dir='ltr'>augmento</span> <span class='ocrx_word' id='word_1_298' title='bbox 1589 683 1597 697; x_wconf 94' lang='lat'>,</span> <span class='ocrx_word' id='word_1_299' title='bbox 1621 657 1711 699; x_wconf 76' lang='lat' dir='ltr'>larga</span> <span class='ocrx_word' id='word_1_300' title='bbox 1733 665 1829 688; x_wconf 90' lang='lat' dir='ltr'>manu</span> <span class='ocrx_word' id='word_1_301' title='bbox 1853 655 1998 699; x_wconf 87' lang='lat' dir='ltr'>suppedi-</span> 
     </span>
     <span class='ocr_line' id='line_1_66' title="bbox 1255 709 1997 754; baseline -0.005 -9"><span class='ocrx_word' id='word_1_302' title='bbox 1255 711 1313 746; x_wconf 89' lang='lat' dir='ltr'>tari</span> <span class='ocrx_word' id='word_1_303' title='bbox 1331 711 1447 744; x_wconf 89' lang='lat' dir='ltr'>debere</span> <span class='ocrx_word' id='word_1_304' title='bbox 1464 711 1593 754; x_wconf 82' lang='lat' dir='ltr'>dignum</span> <span class='ocrx_word' id='word_1_305' title='bbox 1611 715 1642 743; x_wconf 90' lang='lat' dir='ltr'>et</span> <span class='ocrx_word' id='word_1_306' title='bbox 1658 709 1775 742; x_wconf 87' lang='lat' dir='ltr'>iustum</span> <span class='ocrx_word' id='word_1_307' title='bbox 1801 709 1997 753; x_wconf 87' lang='lat' dir='ltr'>reputamus)</span> 
     </span>
     <span class='ocr_line' id='line_1_67' title="bbox 1255 763 1998 798; baseline -0.005 0"><span class='ocrx_word' id='word_1_308' title='bbox 1255 765 1429 798; x_wconf 89' lang='lat' dir='ltr'>subsidium</span> <span class='ocrx_word' id='word_1_309' title='bbox 1447 764 1657 798; x_wconf 89' lang='lat' dir='ltr'>ducentorum</span> <span class='ocrx_word' id='word_1_310' title='bbox 1682 763 1817 796; x_wconf 88' lang='lat' dir='ltr'>millium</span> <span class='ocrx_word' id='word_1_311' title='bbox 1835 767 1998 795; x_wconf 89' lang='lat' dir='ltr'>scutorum</span> 
     </span>
     <span class='ocr_line' id='line_1_68' title="bbox 1255 816 1998 861; baseline -0.005 -9"><span class='ocrx_word' id='word_1_312' title='bbox 1255 824 1400 852; x_wconf 88' lang='lat' dir='ltr'>monetae</span> <span class='ocrx_word' id='word_1_313' title='bbox 1423 818 1499 851; x_wconf 85' lang='lat' dir='ltr'>dicti</span> <span class='ocrx_word' id='word_1_314' title='bbox 1523 817 1613 861; x_wconf 85' lang='lat' dir='ltr'>regni</span> <span class='ocrx_word' id='word_1_315' title='bbox 1639 816 1852 850; x_wconf 88' lang='lat' dir='ltr'>cruciatorum</span> <span class='ocrx_word' id='word_1_316' title='bbox 1875 825 1998 848; x_wconf 88' lang='lat' dir='ltr'>nuncu-</span> 
     </span>
     <span class='ocr_line' id='line_1_69' title="bbox 1254 868 2000 916; baseline -0.007 -10"><span class='ocrx_word' id='word_1_317' title='bbox 1254 876 1402 916; x_wconf 88' lang='lat' dir='ltr'>patorum</span> <span class='ocrx_word' id='word_1_318' title='bbox 1427 882 1487 916; x_wconf 89' lang='lat' dir='ltr'>pro</span> <span class='ocrx_word' id='word_1_319' title='bbox 1503 873 1566 904; x_wconf 69' lang='lat' dir='ltr'>una</span> <span class='ocrx_word' id='word_1_320' title='bbox 1584 870 1651 903; x_wconf 84' lang='lat' dir='ltr'>vice</span> <span class='ocrx_word' id='word_1_321' title='bbox 1669 875 1788 903; x_wconf 90' lang='lat' dir='ltr'>tantum</span> <span class='ocrx_word' id='word_1_322' title='bbox 1815 868 2000 903; x_wconf 77' lang='lat' dir='ltr'>solvendum</span> 
     </span>
     <span class='ocr_line' id='line_1_70' title="bbox 1255 921 2001 969; baseline -0.005 -11"><span class='ocrx_word' id='word_1_323' title='bbox 1255 926 1293 958; x_wconf 84' lang='lat' dir='ltr'>ab</span> <span class='ocrx_word' id='word_1_324' title='bbox 1312 924 1519 969; x_wconf 80' lang='lat' dir='ltr'>insi-ascriptis</span> <span class='ocrx_word' id='word_1_325' title='bbox 1536 923 1680 968; x_wconf 87' lang='lat' dir='ltr'>personis</span> <span class='ocrx_word' id='word_1_326' title='bbox 1696 922 1926 963; x_wconf 89' lang='lat' dir='ltr'>ecclesiasticis,</span> <span class='ocrx_word' id='word_1_327' title='bbox 1940 921 2001 955; x_wconf 87' lang='lat' dir='ltr'>exi-</span> 
     </span>
     <span class='ocr_line' id='line_1_71' title="bbox 1255 976 2001 1023; baseline -0.005 -11"><span class='ocrx_word' id='word_1_328' title='bbox 1255 979 1393 1023; x_wconf 85' lang='lat' dir='ltr'>gendum</span> <span class='ocrx_word' id='word_1_329' title='bbox 1411 989 1467 1022; x_wconf 90' lang='lat' dir='ltr'>per</span> <span class='ocrx_word' id='word_1_330' title='bbox 1488 977 1675 1011; x_wconf 83' lang='lat' dir='ltr'>collectores</span> <span class='ocrx_word' id='word_1_331' title='bbox 1691 976 1828 1021; x_wconf 89' lang='lat' dir='ltr'>desuper</span> <span class='ocrx_word' id='word_1_332' title='bbox 1850 976 2001 1020; x_wconf 90' lang='lat' dir='ltr'>deputan-</span> 
     </span>
     <span class='ocr_line' id='line_1_72' title="bbox 1255 1029 2000 1075; baseline -0.004 -10"><span class='ocrx_word' id='word_1_333' title='bbox 1255 1032 1322 1074; x_wconf 91' lang='lat' dir='ltr'>dos,</span> <span class='ocrx_word' id='word_1_334' title='bbox 1341 1032 1420 1065; x_wconf 83' lang='lat' dir='ltr'>infra</span> <span class='ocrx_word' id='word_1_335' title='bbox 1434 1036 1558 1075; x_wconf 89' lang='lat' dir='ltr'>tempus</span> <span class='ocrx_word' id='word_1_336' title='bbox 1578 1029 1748 1064; x_wconf 77' lang='lat' dir='ltr'>venerabili</span> <span class='ocrx_word' id='word_1_337' title='bbox 1763 1029 1852 1063; x_wconf 87' lang='lat' dir='ltr'>fratri</span> <span class='ocrx_word' id='word_1_338' title='bbox 1864 1029 2000 1063; x_wconf 89' lang='lat' dir='ltr'>Antonio</span> 
     </span>
    </p>
   </div>
   <div class='ocr_carea' id='block_1_9' title="bbox 1256 1190 2007 2628">
    <p class='ocr_par' dir='ltr' id='par_1_10' title="bbox 1256 1190 2007 2628">
     <span class='ocr_line' id='line_1_73' title="bbox 1256 1190 2000 1237; baseline -0.005 -10"><span class='ocrx_word' id='word_1_339' title='bbox 1256 1200 1286 1227; x_wconf 85' lang='lat' dir='ltr'>et</span> <span class='ocrx_word' id='word_1_340' title='bbox 1302 1194 1525 1237; x_wconf 79' lang='lat' dir='ltr'>Algarbiorum</span> <span class='ocrx_word' id='word_1_341' title='bbox 1539 1192 1646 1235; x_wconf 83' lang='lat' dir='ltr'>regnis</span> <span class='ocrx_word' id='word_1_342' title='bbox 1663 1191 1824 1225; x_wconf 86' lang='lat' dir='ltr'>collectori</span> <span class='ocrx_word' id='word_1_343' title='bbox 1849 1190 2000 1234; x_wconf 84' lang='lat' dir='ltr'>generali,</span> 
     </span>
     <span class='ocr_line' id='line_1_74' title="bbox 1256 1244 2001 1291; baseline -0.005 -11"><span class='ocrx_word' id='word_1_344' title='bbox 1256 1258 1292 1281; x_wconf 87' lang='lat' dir='ltr'>ac</span> <span class='ocrx_word' id='word_1_345' title='bbox 1315 1248 1437 1280; x_wconf 90' lang='lat' dir='ltr'>duabus</span> <span class='ocrx_word' id='word_1_346' title='bbox 1461 1246 1607 1291; x_wconf 89' lang='lat' dir='ltr'>personis</span> <span class='ocrx_word' id='word_1_347' title='bbox 1630 1255 1687 1289; x_wconf 89' lang='lat' dir='ltr'>per</span> <span class='ocrx_word' id='word_1_348' title='bbox 1712 1244 1856 1278; x_wconf 90' lang='lat' dir='ltr'>eumdem</span> <span class='ocrx_word' id='word_1_349' title='bbox 1883 1244 2001 1288; x_wconf 87' lang='lat' dir='ltr'>Philip-</span> 
     </span>
     <span class='ocr_line' id='line_1_75' title="bbox 1257 1298 2001 1345; baseline -0.004 -11"><span class='ocrx_word' id='word_1_350' title='bbox 1257 1312 1332 1345; x_wconf 90' lang='lat' dir='ltr'>pum</span> <span class='ocrx_word' id='word_1_351' title='bbox 1351 1311 1460 1344; x_wconf 78' lang='lat' dir='ltr'>regem</span> <span class='ocrx_word' id='word_1_352' title='bbox 1479 1306 1508 1333; x_wconf 89' lang='lat' dir='ltr'>et</span> <span class='ocrx_word' id='word_1_353' title='bbox 1523 1300 1642 1333; x_wconf 87' lang='lat' dir='ltr'>clerum</span> <span class='ocrx_word' id='word_1_354' title='bbox 1655 1299 1730 1332; x_wconf 91' lang='lat' dir='ltr'>dicti</span> <span class='ocrx_word' id='word_1_355' title='bbox 1744 1299 1845 1342; x_wconf 75' lang='lat' dir='ltr'>regni,</span> <span class='ocrx_word' id='word_1_356' title='bbox 1861 1303 1893 1331; x_wconf 91' lang='lat' dir='ltr'>ut</span> <span class='ocrx_word' id='word_1_357' title='bbox 1910 1298 2001 1341; x_wconf 81' lang='lat' dir='ltr'>infra,</span> 
     </span>
     <span class='ocr_line' id='line_1_76' title="bbox 1257 1352 2001 1393; baseline -0.004 -5"><span class='ocrx_word' id='word_1_358' title='bbox 1257 1355 1457 1389; x_wconf 87' lang='lat' dir='ltr'>nominandis</span> <span class='ocrx_word' id='word_1_359' title='bbox 1482 1354 1678 1393; x_wconf 73' lang='lat' dir='ltr'>benevisum,</span> <span class='ocrx_word' id='word_1_360' title='bbox 1695 1353 1780 1386; x_wconf 85' lang='lat' dir='ltr'>iuxta</span> <span class='ocrx_word' id='word_1_361' title='bbox 1799 1352 1882 1385; x_wconf 72' lang='lat' dir='ltr'>vires</span> <span class='ocrx_word' id='word_1_362' title='bbox 1907 1352 2001 1386; x_wconf 87' lang='lat' dir='ltr'>etiam</span> 
     </span>
     <span class='ocr_line' id='line_1_77' title="bbox 1258 1405 2002 1451; baseline -0.005 -9"><span class='ocrx_word' id='word_1_363' title='bbox 1258 1409 1531 1451; x_wconf 80' lang='lat' dir='ltr'>infrascriptarum</span> <span class='ocrx_word' id='word_1_364' title='bbox 1557 1416 1767 1451; x_wconf 84' lang='lat' dir='ltr'>personarum</span> <span class='ocrx_word' id='word_1_365' title='bbox 1795 1410 1826 1439; x_wconf 84' lang='lat' dir='ltr'>et</span> <span class='ocrx_word' id='word_1_366' title='bbox 1848 1405 2002 1450; x_wconf 89' lang='lat' dir='ltr'>temporis</span> 
     </span>
     <span class='ocr_line' id='line_1_78' title="bbox 1258 1459 2002 1505; baseline -0.004 -10"><span class='ocrx_word' id='word_1_367' title='bbox 1258 1462 1507 1505; x_wconf 77' lang='lat' dir='ltr'>congruitatem,</span> <span class='ocrx_word' id='word_1_368' title='bbox 1539 1459 1712 1494; x_wconf 90' lang='lat' dir='ltr'>dummodo</span> <span class='ocrx_word' id='word_1_369' title='bbox 1737 1465 1843 1493; x_wconf 89' lang='lat' dir='ltr'>tamen</span> <span class='ocrx_word' id='word_1_370' title='bbox 1877 1464 2002 1504; x_wconf 83' lang='lat' dir='ltr'>tempus</span> 
     </span>
     <span class='ocr_line' id='line_1_79' title="bbox 1259 1513 2004 1560; baseline -0.001 -12"><span class='ocrx_word' id='word_1_371' title='bbox 1259 1515 1457 1560; x_wconf 86' lang='lat' dir='ltr'>quadriennii</span> <span class='ocrx_word' id='word_1_372' title='bbox 1481 1525 1544 1548; x_wconf 91' lang='lat' dir='ltr'>non</span> <span class='ocrx_word' id='word_1_373' title='bbox 1562 1513 1702 1554; x_wconf 76' lang='lat' dir='ltr'>excedat,</span> <span class='ocrx_word' id='word_1_374' title='bbox 1720 1517 1782 1548; x_wconf 90' lang='lat' dir='ltr'>tam</span> <span class='ocrx_word' id='word_1_375' title='bbox 1799 1523 1859 1558; x_wconf 90' lang='lat' dir='ltr'>pro</span> <span class='ocrx_word' id='word_1_376' title='bbox 1875 1523 2004 1558; x_wconf 88' lang='lat' dir='ltr'>recupe-</span> 
     </span>
     <span class='ocr_line' id='line_1_80' title="bbox 1259 1567 2003 1611; baseline -0.003 -9"><span class='ocrx_word' id='word_1_377' title='bbox 1259 1569 1392 1610; x_wconf 84' lang='lat' dir='ltr'>ratione,</span> <span class='ocrx_word' id='word_1_378' title='bbox 1417 1569 1565 1610; x_wconf 88' lang='lat' dir='ltr'>tuitione,</span> <span class='ocrx_word' id='word_1_379' title='bbox 1590 1573 1621 1601; x_wconf 90' lang='lat' dir='ltr'>et</span> <span class='ocrx_word' id='word_1_380' title='bbox 1645 1567 1787 1602; x_wconf 70' lang='lat' dir='ltr'>custodiat</span> <span class='ocrx_word' id='word_1_381' title='bbox 1812 1567 2003 1611; x_wconf 90' lang='lat' dir='ltr'>oppidorum</span> 
     </span>
     <span class='ocr_line' id='line_1_81' title="bbox 1259 1620 2004 1666; baseline -0.003 -10"><span class='ocrx_word' id='word_1_382' title='bbox 1259 1629 1290 1656; x_wconf 81' lang='lat' dir='ltr'>et</span> <span class='ocrx_word' id='word_1_383' title='bbox 1301 1623 1457 1663; x_wconf 90' lang='lat' dir='ltr'>locorum,</span> <span class='ocrx_word' id='word_1_384' title='bbox 1471 1633 1552 1666; x_wconf 84' lang='lat' dir='ltr'>quae</span> <span class='ocrx_word' id='word_1_385' title='bbox 1568 1622 1601 1654; x_wconf 92' lang='lat' dir='ltr'>in</span> <span class='ocrx_word' id='word_1_386' title='bbox 1616 1621 1708 1655; x_wconf 90' lang='lat' dir='ltr'>dictis</span> <span class='ocrx_word' id='word_1_387' title='bbox 1724 1621 1885 1655; x_wconf 85' lang='lat' dir='ltr'>Indiarum</span> <span class='ocrx_word' id='word_1_388' title='bbox 1903 1620 2004 1654; x_wconf 89' lang='lat' dir='ltr'>orien-</span> 
     </span>
     <span class='ocr_line' id='line_1_82' title="bbox 1259 1674 2005 1720; baseline -0.003 -11"><span class='ocrx_word' id='word_1_389' title='bbox 1259 1677 1367 1710; x_wconf 86' lang='lat' dir='ltr'>talium</span> <span class='ocrx_word' id='word_1_390' title='bbox 1392 1675 1537 1720; x_wconf 90' lang='lat' dir='ltr'>partibus</span> <span class='ocrx_word' id='word_1_391' title='bbox 1561 1676 1666 1708; x_wconf 85' lang='lat' dir='ltr'>clarae</span> <span class='ocrx_word' id='word_1_392' title='bbox 1697 1674 1870 1708; x_wconf 87' lang='lat' dir='ltr'>memoriae</span> <span class='ocrx_word' id='word_1_393' title='bbox 1895 1674 2005 1708; x_wconf 89' lang='lat' dir='ltr'>Portu-</span> 
     </span>
     <span class='ocr_line' id='line_1_83' title="bbox 1259 1727 2004 1773; baseline -0.001 -10"><span class='ocrx_word' id='word_1_394' title='bbox 1259 1731 1371 1773; x_wconf 87' lang='lat' dir='ltr'>galliae</span> <span class='ocrx_word' id='word_1_395' title='bbox 1395 1740 1487 1772; x_wconf 83' lang='lat' dir='ltr'>reges</span> <span class='ocrx_word' id='word_1_396' title='bbox 1511 1728 1586 1762; x_wconf 84' lang='lat' dir='ltr'>dicti</span> <span class='ocrx_word' id='word_1_397' title='bbox 1614 1727 1750 1772; x_wconf 90' lang='lat' dir='ltr'>Philippi</span> <span class='ocrx_word' id='word_1_398' title='bbox 1780 1727 2004 1773; x_wconf 69' lang='lat' dir='ltr'>praedecesso—</span> 
     </span>
     <span class='ocr_line' id='line_1_84' title="bbox 1259 1781 2004 1826; baseline -0.003 -9"><span class='ocrx_word' id='word_1_399' title='bbox 1259 1794 1310 1817; x_wconf 87' lang='lat' dir='ltr'>res</span> <span class='ocrx_word' id='word_1_400' title='bbox 1346 1783 1533 1816; x_wconf 86' lang='lat' dir='ltr'>christianae</span> <span class='ocrx_word' id='word_1_401' title='bbox 1568 1781 1762 1826; x_wconf 84' lang='lat' dir='ltr'>reipublicae</span> <span class='ocrx_word' id='word_1_402' title='bbox 1797 1783 1854 1815; x_wconf 76' lang='lat' dir='ltr'>sua</span> <span class='ocrx_word' id='word_1_403' title='bbox 1890 1781 2004 1815; x_wconf 78' lang='lat' dir='ltr'>virtute</span> 
     </span>
     <span class='ocr_line' id='line_1_85' title="bbox 1259 1835 2005 1879; baseline -0.004 -7"><span class='ocrx_word' id='word_1_404' title='bbox 1259 1844 1290 1872; x_wconf 91' lang='lat' dir='ltr'>et</span> <span class='ocrx_word' id='word_1_405' title='bbox 1321 1837 1474 1871; x_wconf 77' lang='lat' dir='ltr'>industria</span> <span class='ocrx_word' id='word_1_406' title='bbox 1504 1837 1707 1879; x_wconf 88' lang='lat' dir='ltr'>adiecerunt,</span> <span class='ocrx_word' id='word_1_407' title='bbox 1733 1841 1763 1870; x_wconf 85' lang='lat' dir='ltr'>et</span> <span class='ocrx_word' id='word_1_408' title='bbox 1786 1835 1840 1869; x_wconf 77' lang='lat' dir='ltr'>in²</span> <span class='ocrx_word' id='word_1_409' title='bbox 1862 1836 2005 1870; x_wconf 88' lang='lat' dir='ltr'>futurum</span> 
     </span>
     <span class='ocr_line' id='line_1_86' title="bbox 1260 1889 2004 1935; baseline -0.004 -10"><span class='ocrx_word' id='word_1_410' title='bbox 1260 1892 1327 1935; x_wconf 89' lang='lat' dir='ltr'>ipse</span> <span class='ocrx_word' id='word_1_411' title='bbox 1352 1891 1515 1935; x_wconf 85' lang='lat' dir='ltr'>Philippus</span> <span class='ocrx_word' id='word_1_412' title='bbox 1546 1901 1602 1923; x_wconf 85' lang='lat' dir='ltr'>rex</span> <span class='ocrx_word' id='word_1_413' title='bbox 1633 1899 1697 1923; x_wconf 90' lang='lat' dir='ltr'>non</span> <span class='ocrx_word' id='word_1_414' title='bbox 1723 1889 1839 1923; x_wconf 87' lang='lat' dir='ltr'>minori</span> <span class='ocrx_word' id='word_1_415' title='bbox 1863 1889 1929 1934; x_wconf 87' lang='lat' dir='ltr'>spei</span> <span class='ocrx_word' id='word_1_416' title='bbox 1953 1899 2004 1923; x_wconf 87' lang='lat' dir='ltr'>ar-</span> 
     </span>
     <span class='ocr_line' id='line_1_87' title="bbox 1260 1942 2006 1985; baseline -0.004 -7"><span class='ocrx_word' id='word_1_417' title='bbox 1260 1945 1354 1985; x_wconf 91' lang='lat' dir='ltr'>dore,</span> <span class='ocrx_word' id='word_1_418' title='bbox 1379 1944 1485 1977; x_wconf 73' lang='lat' dir='ltr'>divina</span> <span class='ocrx_word' id='word_1_419' title='bbox 1509 1943 1631 1976; x_wconf 75' lang='lat' dir='ltr'>favente</span> <span class='ocrx_word' id='word_1_420' title='bbox 1659 1942 1845 1983; x_wconf 76' lang='lat' dir='ltr'>clementia,</span> <span class='ocrx_word' id='word_1_421' title='bbox 1868 1942 2006 1976; x_wconf 86' lang='lat' dir='ltr'>adiicere</span> 
     </span>
     <span class='ocr_line' id='line_1_88' title="bbox 1261 1995 2005 2041; baseline -0.001 -11"><span class='ocrx_word' id='word_1_422' title='bbox 1261 1997 1408 2037; x_wconf 90' lang='lat' dir='ltr'>intendit,</span> <span class='ocrx_word' id='word_1_423' title='bbox 1433 2007 1527 2041; x_wconf 88' lang='lat' dir='ltr'>quam</span> <span class='ocrx_word' id='word_1_424' title='bbox 1553 2001 1663 2029; x_wconf 85' lang='lat' dir='ltr'>contra</span> <span class='ocrx_word' id='word_1_425' title='bbox 1686 1995 1844 2037; x_wconf 86' lang='lat' dir='ltr'>infideles,</span> <span class='ocrx_word' id='word_1_426' title='bbox 1869 1995 2005 2029; x_wconf 86' lang='lat' dir='ltr'>haereti-</span> 
     </span>
     <span class='ocr_line' id='line_1_89' title="bbox 1261 2049 2005 2094; baseline -0.001 -10"><span class='ocrx_word' id='word_1_427' title='bbox 1261 2062 1331 2091; x_wconf 90' lang='lat' dir='ltr'>cos,</span> <span class='ocrx_word' id='word_1_428' title='bbox 1356 2051 1403 2083; x_wconf 75' lang='lat' dir='ltr'>vel</span> <span class='ocrx_word' id='word_1_429' title='bbox 1436 2049 1652 2084; x_wconf 88' lang='lat' dir='ltr'>schismaticos</span> <span class='ocrx_word' id='word_1_430' title='bbox 1684 2049 1716 2082; x_wconf 94' lang='lat' dir='ltr'>in</span> <span class='ocrx_word' id='word_1_431' title='bbox 1748 2049 1839 2083; x_wconf 89' lang='lat' dir='ltr'>dictis</span> <span class='ocrx_word' id='word_1_432' title='bbox 1861 2049 2005 2094; x_wconf 88' lang='lat' dir='ltr'>partibus</span> 
     </span>
     <span class='ocr_line' id='line_1_90' title="bbox 1262 2102 2006 2145; baseline -0.001 -8"><span class='ocrx_word' id='word_1_433' title='bbox 1262 2104 1428 2137; x_wconf 78' lang='lat' dir='ltr'>existentes</span> <span class='ocrx_word' id='word_1_434' title='bbox 1443 2131 1450 2145; x_wconf 94' lang='lat'>,</span> <span class='ocrx_word' id='word_1_435' title='bbox 1478 2104 1543 2137; x_wconf 77' lang='lat' dir='ltr'>sive</span> <span class='ocrx_word' id='word_1_436' title='bbox 1577 2103 1616 2136; x_wconf 91' lang='lat' dir='ltr'>ad</span> <span class='ocrx_word' id='word_1_437' title='bbox 1646 2102 1854 2137; x_wconf 78' lang='lat' dir='ltr'>offensionem</span> <span class='ocrx_word' id='word_1_438' title='bbox 1878 2103 1943 2137; x_wconf 82' lang='lat' dir='ltr'>sive</span> <span class='ocrx_word' id='word_1_439' title='bbox 1966 2102 2006 2136; x_wconf 88' lang='lat' dir='ltr'>ad</span> 
     </span>
     <span class='ocr_line' id='line_1_91' title="bbox 1262 2156 2006 2202; baseline -0.001 -11"><span class='ocrx_word' id='word_1_440' title='bbox 1262 2158 1488 2197; x_wconf 81' lang='lat' dir='ltr'>defensionem,</span> <span class='ocrx_word' id='word_1_441' title='bbox 1510 2163 1540 2190; x_wconf 88' lang='lat' dir='ltr'>et</span> <span class='ocrx_word' id='word_1_442' title='bbox 1555 2167 1619 2191; x_wconf 92' lang='lat' dir='ltr'>non</span> <span class='ocrx_word' id='word_1_443' title='bbox 1644 2167 1703 2202; x_wconf 93' lang='lat' dir='ltr'>pro</span> <span class='ocrx_word' id='word_1_444' title='bbox 1727 2157 1796 2190; x_wconf 90' lang='lat' dir='ltr'>aliis</span> <span class='ocrx_word' id='word_1_445' title='bbox 1819 2156 1937 2197; x_wconf 88' lang='lat' dir='ltr'>usibus,</span> <span class='ocrx_word' id='word_1_446' title='bbox 1958 2167 2006 2190; x_wconf 90' lang='lat' dir='ltr'>su-</span> 
     </span>
     <span class='ocr_line' id='line_1_92' title="bbox 1264 2210 2005 2256; baseline -0.003 -11"><span class='ocrx_word' id='word_1_447' title='bbox 1264 2222 1320 2256; x_wconf 89' lang='lat' dir='ltr'>per</span> <span class='ocrx_word' id='word_1_448' title='bbox 1343 2223 1406 2256; x_wconf 89' lang='lat' dir='ltr'>quo</span> <span class='ocrx_word' id='word_1_449' title='bbox 1431 2211 1531 2255; x_wconf 86' lang='lat' dir='ltr'>ipsius</span> <span class='ocrx_word' id='word_1_450' title='bbox 1556 2210 1691 2255; x_wconf 89' lang='lat' dir='ltr'>Philippi</span> <span class='ocrx_word' id='word_1_451' title='bbox 1716 2210 1800 2254; x_wconf 83' lang='lat' dir='ltr'>regis</span> <span class='ocrx_word' id='word_1_452' title='bbox 1823 2220 1859 2244; x_wconf 88' lang='lat' dir='ltr'>ac</span> <span class='ocrx_word' id='word_1_453' title='bbox 1879 2210 2005 2253; x_wconf 76' lang='lat' dir='ltr'>Antonii</span> 
     </span>
     <span class='ocr_line' id='line_1_93' title="bbox 1264 2263 2006 2309; baseline 0 -11"><span class='ocrx_word' id='word_1_454' title='bbox 1264 2265 1403 2309; x_wconf 87' lang='lat' dir='ltr'>episcopi</span> <span class='ocrx_word' id='word_1_455' title='bbox 1430 2270 1460 2298; x_wconf 89' lang='lat' dir='ltr'>et</span> <span class='ocrx_word' id='word_1_456' title='bbox 1484 2275 1692 2309; x_wconf 90' lang='lat' dir='ltr'>personarum</span> <span class='ocrx_word' id='word_1_457' title='bbox 1726 2263 1906 2298; x_wconf 88' lang='lat' dir='ltr'>huiusmodi</span> <span class='ocrx_word' id='word_1_458' title='bbox 1935 2274 2006 2298; x_wconf 91' lang='lat' dir='ltr'>con-</span> 
     </span>
     <span class='ocr_line' id='line_1_94' title="bbox 1265 2317 2007 2362; baseline -0.003 -10"><span class='ocrx_word' id='word_1_459' title='bbox 1265 2319 1425 2353; x_wconf 87' lang='lat' dir='ltr'>scientiam</span> <span class='ocrx_word' id='word_1_460' title='bbox 1457 2329 1646 2358; x_wconf 77' lang='lat' dir='ltr'>oneramuS,</span> <span class='ocrx_word' id='word_1_461' title='bbox 1674 2328 1769 2362; x_wconf 90' lang='lat' dir='ltr'>super</span> <span class='ocrx_word' id='word_1_462' title='bbox 1803 2317 1944 2351; x_wconf 88' lang='lat' dir='ltr'>omnium</span> <span class='ocrx_word' id='word_1_463' title='bbox 1975 2322 2007 2350; x_wconf 87' lang='lat' dir='ltr'>et</span> 
     </span>
     <span class='ocr_line' id='line_1_95' title="bbox 1266 2371 2007 2416; baseline 0 -11"><span class='ocrx_word' id='word_1_464' title='bbox 1266 2373 1464 2416; x_wconf 83' lang='lat' dir='ltr'>singulorum</span> <span class='ocrx_word' id='word_1_465' title='bbox 1480 2371 1720 2412; x_wconf 75' lang='lat' dir='ltr'>cathedralium,</span> <span class='ocrx_word' id='word_1_466' title='bbox 1740 2371 1832 2405; x_wconf 89' lang='lat' dir='ltr'>etiam</span> <span class='ocrx_word' id='word_1_467' title='bbox 1851 2376 2007 2415; x_wconf 89' lang='lat' dir='ltr'>metropo-</span> 
     </span>
     <span class='ocr_line' id='line_1_96' title="bbox 1267 2424 2007 2468; baseline 0 -9"><span class='ocrx_word' id='word_1_468' title='bbox 1267 2427 1443 2466; x_wconf 83' lang='lat' dir='ltr'>litanarum,</span> <span class='ocrx_word' id='word_1_469' title='bbox 1472 2425 1722 2468; x_wconf 79' lang='lat' dir='ltr'>collegiatarum,</span> <span class='ocrx_word' id='word_1_470' title='bbox 1747 2430 1778 2458; x_wconf 86' lang='lat' dir='ltr'>et</span> <span class='ocrx_word' id='word_1_471' title='bbox 1801 2424 1934 2458; x_wconf 88' lang='lat' dir='ltr'>aliarum</span> <span class='ocrx_word' id='word_1_472' title='bbox 1960 2435 2007 2459; x_wconf 87' lang='lat' dir='ltr'>ec-</span> 
     </span>
     <span class='ocr_line' id='line_1_97' title="bbox 1266 2478 2005 2521; baseline 0 -9"><span class='ocrx_word' id='word_1_473' title='bbox 1266 2479 1451 2519; x_wconf 87' lang='lat' dir='ltr'>clesiarum,</span> <span class='ocrx_word' id='word_1_474' title='bbox 1476 2478 1762 2519; x_wconf 85' lang='lat' dir='ltr'>monasteriorum,</span> <span class='ocrx_word' id='word_1_475' title='bbox 1785 2479 2005 2521; x_wconf 87' lang='lat' dir='ltr'>prioratuum,</span> 
     </span>
     <span class='ocr_line' id='line_1_98' title="bbox 1267 2531 2007 2577; baseline 0 -11"><span class='ocrx_word' id='word_1_476' title='bbox 1267 2533 1469 2577; x_wconf 86' lang='lat' dir='ltr'>hospitalium</span> <span class='ocrx_word' id='word_1_477' title='bbox 1485 2560 1492 2574; x_wconf 89' lang='lat'>,</span> <span class='ocrx_word' id='word_1_478' title='bbox 1525 2533 1556 2565; x_wconf 92' lang='lat' dir='ltr'>in</span> <span class='ocrx_word' id='word_1_479' title='bbox 1581 2531 1694 2576; x_wconf 88' lang='lat' dir='ltr'>quibus</span> <span class='ocrx_word' id='word_1_480' title='bbox 1718 2535 1788 2565; x_wconf 90' lang='lat' dir='ltr'>actu</span> <span class='ocrx_word' id='word_1_481' title='bbox 1812 2531 2007 2575; x_wconf 84' lang='lat' dir='ltr'>hospitalitas</span> 
     </span>
     <span class='ocr_line' id='line_1_99' title="bbox 1265 2585 2007 2628; baseline 0.001 -9"><span class='ocrx_word' id='word_1_482' title='bbox 1265 2597 1327 2620; x_wconf 91' lang='lat' dir='ltr'>non</span> <span class='ocrx_word' id='word_1_483' title='bbox 1353 2592 1505 2626; x_wconf 80' lang='lat' dir='ltr'>servatur,</span> <span class='ocrx_word' id='word_1_484' title='bbox 1529 2591 1560 2619; x_wconf 88' lang='lat' dir='ltr'>et</span> <span class='ocrx_word' id='word_1_485' title='bbox 1583 2585 1717 2618; x_wconf 89' lang='lat' dir='ltr'>aliorum</span> <span class='ocrx_word' id='word_1_486' title='bbox 1742 2585 1928 2628; x_wconf 78' lang='lat' dir='ltr'>quorumvis</span> <span class='ocrx_word' id='word_1_487' title='bbox 1951 2585 2007 2620; x_wconf 87' lang='lat' dir='ltr'>be-</span> 
     </span>
    </p>
   </div>
   <div class='ocr_carea' id='block_1_10' title="bbox 1300 2656 1886 2737">
    <p class='ocr_par' dir='ltr' id='par_1_11' title="bbox 1300 2656 1886 2737">
     <span class='ocr_line' id='line_1_100' title="bbox 1303 2656 1886 2691; baseline -0.002 -7"><span class='ocrx_word' id='word_1_488' title='bbox 1303 2660 1312 2684; x_wconf 82' lang='grc'>1</span> <span class='ocrx_word' id='word_1_489' title='bbox 1334 2658 1402 2684; x_wconf 86' lang='lat' dir='ltr'>Edit.</span> <span class='ocrx_word' id='word_1_490' title='bbox 1420 2658 1502 2684; x_wconf 85' lang='lat' dir='ltr'>Main.</span> <span class='ocrx_word' id='word_1_491' title='bbox 1519 2656 1582 2691; x_wconf 81' lang='lat' dir='ltr'>legit</span> <span class='ocrx_word' id='word_1_492' title='bbox 1595 2656 1768 2690; x_wconf 73' lang='lat' dir='ltr'>praeferunt</span> <span class='ocrx_word' id='word_1_493' title='bbox 1782 2656 1821 2689; x_wconf 79' lang='lat' dir='ltr'>(n.</span> <span class='ocrx_word' id='word_1_494' title='bbox 1837 2657 1886 2691; x_wconf 88' lang='grc' dir='ltr'>τ.).</span> 
     </span>
     <span class='ocr_line' id='line_1_101' title="bbox 1300 2700 1791 2737; baseline -0.004 -9"><span class='ocrx_word' id='word_1_495' title='bbox 1300 2702 1316 2729; x_wconf 81' lang='grc'>2</span> <span class='ocrx_word' id='word_1_496' title='bbox 1333 2701 1425 2737; x_wconf 83' lang='lat' dir='ltr'>Praep.</span> <span class='ocrx_word' id='word_1_497' title='bbox 1441 2701 1475 2729; x_wconf 79' lang='lat' dir='ltr'>in</span> <span class='ocrx_word' id='word_1_498' title='bbox 1489 2709 1538 2728; x_wconf 86' lang='lat' dir='ltr'>nos</span> <span class='ocrx_word' id='word_1_499' title='bbox 1552 2700 1676 2728; x_wconf 84' lang='lat' dir='ltr'>addimus</span> <span class='ocrx_word' id='word_1_500' title='bbox 1688 2700 1727 2734; x_wconf 78' lang='lat' dir='ltr'>(n.</span> <span class='ocrx_word' id='word_1_501' title='bbox 1741 2701 1791 2736; x_wconf 84' lang='grc' dir='ltr'><strong>τ.).</strong></span> 
     </span>
    </p>
   </div>
   <div class='ocr_carea' id='block_1_11' title="bbox 2008 286 2192 316">
    <p class='ocr_par' dir='ltr' id='par_1_12' title="bbox 2008 286 2192 316">
     <span class='ocr_line' id='line_1_102' title="bbox 2008 286 2192 316; baseline 0 0"><span class='ocrx_word' id='word_1_502' title='bbox 2008 287 2058 316; x_wconf 77' lang='lat' dir='ltr'>An.</span> <span class='ocrx_word' id='word_1_503' title='bbox 2073 286 2102 315; x_wconf 86' lang='lat' dir='ltr'>C.</span> <span class='ocrx_word' id='word_1_504' title='bbox 2122 286 2192 316; x_wconf 72' lang='lat'>1622</span> 
     </span>
    </p>
   </div>
   <div class='ocr_carea' id='block_1_12' title="bbox 1256 1041 2201 1184">
    <p class='ocr_par' dir='ltr' id='par_1_13' title="bbox 1256 1041 2201 1184">
     <span class='ocr_line' id='line_1_103' title="bbox 2051 1041 2201 1072; baseline 0.007 -10"><span class='ocrx_word' id='word_1_505' title='bbox 2051 1042 2066 1062; x_wconf 83' lang='grc' dir='ltr'><strong>Α</strong></span> <span class='ocrx_word' id='word_1_506' title='bbox 2078 1041 2149 1072; x_wconf 32' lang='lat' dir='ltr'>*tribus</span> <span class='ocrx_word' id='word_1_507' title='bbox 2163 1041 2201 1072; x_wconf 74' lang='lat' dir='ltr'>do·</span> 
     </span>
     <span class='ocr_line' id='line_1_104' title="bbox 1256 1071 2200 1131; baseline -0.003 -12"><span class='ocrx_word' id='word_1_508' title='bbox 1256 1087 1406 1131; x_wconf 87' lang='lat' dir='ltr'>episcopo</span> <span class='ocrx_word' id='word_1_509' title='bbox 1432 1085 1604 1129; x_wconf 64' lang='lat' dir='ltr'>Yigiliensi,</span> <span class='ocrx_word' id='word_1_510' title='bbox 1624 1084 1742 1117; x_wconf 89' lang='lat' dir='ltr'>iurium</span> <span class='ocrx_word' id='word_1_511' title='bbox 1767 1089 1798 1117; x_wconf 81' lang='lat' dir='ltr'>et</span> <span class='ocrx_word' id='word_1_512' title='bbox 1820 1083 1999 1128; x_wconf 86' lang='lat' dir='ltr'>spoliorum</span> <span class='ocrx_word' id='word_1_513' title='bbox 2014 1071 2200 1125; x_wconf 57' lang='lat' dir='ltr'>&amp;l‘ssllss‘eiilssjssss</span> 
     </span>
     <span class='ocr_line' id='line_1_105' title="bbox 1256 1123 2201 1184; baseline -0.001 -11"><span class='ocrx_word' id='word_1_514' title='bbox 1256 1151 1399 1174; x_wconf 86' lang='lat' dir='ltr'>camerae</span> <span class='ocrx_word' id='word_1_515' title='bbox 1413 1139 1604 1184; x_wconf 84' lang='lat' dir='ltr'>apostolicae</span> <span class='ocrx_word' id='word_1_516' title='bbox 1617 1139 1648 1172; x_wconf 94' lang='lat' dir='ltr'>in</span> <span class='ocrx_word' id='word_1_517' title='bbox 1662 1138 1780 1172; x_wconf 86' lang='lat' dir='ltr'>eisdem</span> <span class='ocrx_word' id='word_1_518' title='bbox 1789 1137 2000 1181; x_wconf 86' lang='lat' dir='ltr'>Portugalliae</span> <span class='ocrx_word' id='word_1_519' title='bbox 2014 1123 2146 1175; x_wconf 63' lang='lat' dir='ltr'>{¹2⁰lffif&#39;¹·</span> <span class='ocrx_word' id='word_1_520' title='bbox 2157 1127 2201 1143; x_wconf 64' lang='lat'>‘¹¹‘</span> 
     </span>
    </p>
   </div>
   <div class='ocr_carea' id='block_1_13' title="bbox 2020 2351 2205 2457">
    <p class='ocr_par' dir='ltr' id='par_1_14' title="bbox 2020 2351 2205 2457">
     <span class='ocr_line' id='line_1_106' title="bbox 2034 2351 2205 2380; baseline 0 -6"><span class='ocrx_word' id='word_1_521' title='bbox 2034 2351 2205 2380; x_wconf 73' lang='lat' dir='ltr'>solvendamqu-</span> 
     </span>
     <span class='ocr_line' id='line_1_107' title="bbox 2020 2378 2205 2400; baseline -0.005 0"><span class='ocrx_word' id='word_1_522' title='bbox 2020 2379 2046 2400; x_wconf 84' lang='lat' dir='ltr'>ab</span> <span class='ocrx_word' id='word_1_523' title='bbox 2076 2378 2205 2400; x_wconf 73' lang='lat' dir='ltr'>eeclesiasti-</span> 
     </span>
     <span class='ocr_line' id='line_1_108' title="bbox 2021 2405 2205 2432; baseline 0.005 -6"><span class='ocrx_word' id='word_1_524' title='bbox 2021 2406 2059 2430; x_wconf 63' lang='grc' dir='ltr'>εἰς,</span> <span class='ocrx_word' id='word_1_525' title='bbox 2073 2406 2109 2432; x_wconf 86' lang='lat' dir='ltr'>qut</span> <span class='ocrx_word' id='word_1_526' title='bbox 2123 2405 2159 2426; x_wconf 78' lang='lat' dir='ltr'>hic</span> <span class='ocrx_word' id='word_1_527' title='bbox 2172 2410 2205 2427; x_wconf 75' lang='lat' dir='ltr'>r·-</span> 
     </span>
     <span class='ocr_line' id='line_1_109' title="bbox 2020 2434 2142 2457; baseline 0 -4"><span class='ocrx_word' id='word_1_528' title='bbox 2020 2434 2142 2457; x_wconf 77' lang='lat' dir='ltr'>censentur,</span> 
     </span>
    </p>
   </div>
   <div class='ocr_carea' id='block_1_14' title="bbox 2208 0 2293 3231">
    <p class='ocr_par' dir='ltr' id='par_1_15' title="bbox 2208 0 2293 3231">
     <span class='ocr_line' id='line_1_110' title="bbox 2208 0 2293 3231; baseline 0 0"><span class='ocrx_word' id='word_1_529' title='bbox 2208 0 2293 3231; x_wconf 95' lang='lat' dir='ltr'> </span> 
     </span>
    </p>
   </div>
  </div>
 </body>
</html>
