2293 3231
46 1871 63 1922 ‘f
92 1886 211 1908 tacuimus.

75 309 127 340 An.
145 309 176 338 G.
191 308 260 339 1622

137 1858 276 1880 Couoetorum

876 309 1052 335 szeomus
1075 310 1118 335 XV
1141 310 1189 334 PP-

278 354 360 389 dinis
380 355 606 399 cuiuscumque
630 355 763 390 civitatis
794 361 823 391 et
851 357 1036 401 dioecesis)⁴

278 408 347 442 loco
364 407 467 441 salarii
488 418 543 441 seu
560 408 705 452 stipendii
724 414 753 442 et
772 409 927 442 mercedis
946 410 1019 442 assi-

277 460 394 504 gnandi
417 466 448 494 et
471 460 679 494 distribuendi
698 462 752 504 (ita
774 468 889 502 tamen,
907 467 1019 495 utnon

277 513 444 557 quotannis
461 513 642 546 huiusmodi
661 520 795 557 quatuor
812 514 910 546 millia
922 520 1019 555 scuta,

277 566 333 599 sed
355 566 388 599 in
411 571 478 600 toto
502 566 648 599 octennio
674 567 797 610 integra
821 578 943 600 summa
967 578 1020 601 eo-

278 619 426 652 rumdem
451 624 586 662 quatuor
610 620 745 652 millium
764 625 936 660 scutorum,
961 631 1020 664 pro

279 674 349 706 rata
364 672 506 716 quolibet
519 682 610 714 anno,
625 672 818 714 detrabatur,
835 684 870 706 ac
888 678 948 707 tam
967 684 1022 707 vos

279 729 310 757 et
333 724 465 768 quilibet
489 730 639 765 vestrum,
660 736 752 769 quam
778 726 836 770 ipsi
861 726 1018 759 subcolle-

281 781 383 812 ctores
408 782 439 810 et
462 778 514 810 alii
536 779 700 822 praedicti,
718 779 839 812 ratione
863 780 1022 812 fructuum

281 831 488 865 ecclesiarum
505 832 619 875 quibus
643 842 727 866 nunc
754 843 899 876 praeesse
916 833 1024 876 digno-

281 884 417 924 scimini,
435 890 488 917 aut
512 884 720 928 imposterum
745 886 883 929 praefici,
901 886 948 918 vel
973 886 1024 918 be-

281 937 468 970 neficiorum
483 938 696 980 obtentorum,
711 943 764 972 aut
779 949 860 982 quae
869 939 1023 978 obtinere,

281 1000 340 1024 nec
364 1001 428 1024 non
444 991 605 1024 fructuum
629 996 658 1024 et
677 991 864 1035 pensionum
887 1001 1026 1024 reserva-

282 1047 388 1076 torum
411 1049 442 1076 et
464 1044 705 1086 assignatarum,
721 1044 790 1076 aut¹
807 1055 886 1087 quos
899 1049 933 1076 'et
949 1054 1025 1087 quas

283 1096 371 1130 vobis
385 1097 538 1139 assignari
552 1097 684 1140 posthac
699 1097 875 1140 contigerit,
889 1097 1026 1130 decimas

283 1150 367 1193 ipsas
388 1160 446 1193 pro
471 1153 573 1182 vestra
598 1155 629 1183 et
652 1151 781 1183 illorum
805 1154 882 1191 rata,
902 1155 932 1184 et
957 1151 1026 1184 illo-

283 1213 355 1236 rum
367 1203 539 1246 quemlibet
553 1208 708 1246 tangente,
722 1204 843 1246 integre
856 1209 886 1236 et
899 1205 1027 1236 realiter

283 1257 466 1300 persolvere
480 1256 610 1290 omnino
627 1257 805 1297 teneamini,
819 1262 850 1289 ct
863 1257 944 1290 dicta
956 1258 1028 1290 assi-

285 1311 433 1355 gnatione
446 1317 477 1344 et
490 1311 711 1345 distributione
732 1312 869 1345 contenti
891 1323 958 1345 esse
977 1312 1029 1345 de-

285 1367 396 1407 beatis,
408 1377 466 1399 nec
480 1366 651 1410 quidquam
665 1366 749 1399 aliud
771 1377 827 1399 vos
845 1371 876 1399 et
888 1372 1027 1399 vestrum

287 1420 420 1464 quilibet
438 1419 647 1463 praetendere
675 1419 811 1463 possit);
840 1430 876 1453 ac
889 1419 899 1436 ²
923 1420 979 1453 tibi
999 1424 1029 1454 et

287 1473 358 1506 aliis
371 1472 540 1517 praedictis
553 1483 571 1505 a
586 1472 677 1506 dictis
694 1473 893 1516 patriarchis,
911 1473 1030 1506 archie-

287 1526 436 1571 piscopis,
454 1526 619 1570 episcopis,
640 1526 757 1566 electis,
771 1526 1030 1559 administratori-

288 1580 357 1621 bus,
371 1580 658 1620 commendatariis‚
672 1580 848 1619 abbatibus,
858 1580 1029 1623 prioribus,

288 1634 489 1678 praepositis,
515 1633 670 1678 capitulis,
692 1633 896 1666 conventibus
916 1639 946 1666 et
963 1634 1030 1666 aliis

289 1687 434 1732 personis
446 1688 556 1731 (supra
569 1687 727 1730 expressis
740 1687 892 1730 exceptis)
905 1687 1030 1719 easdem

291 1741 440 1781 decimas,
455 1746 490 1774 ut
506 1741 692 1784 praefertur,
710 1751 768 1784 per
786 1751 844 1773 nos
867 1740 1031 1784 impositas

290 1795 435 1840 petendi,
460 1795 606 1838 exigendi
633 1800 665 1828 et
695 1795 881 1837 colligendi,
907 1795 1030 1840 eisque,

290 1854 354 1882 tam
372 1849 404 1882 in
421 1859 537 1892 genere
553 1859 647 1892 quam
663 1848 847 1882 nominatim
864 1854 894 1881 et
908 1849 940 1881 in
961 1859 1032 1892 spe-

287 1902 350 1943 cie,
373 1907 409 1935 ut
424 1902 494 1935 illas
511 1903 642 1942 solvant,
660 1902 718 1935 sub
734 1902 919 1946 privationis
942 1902 1034 1935 bene-

291 1955 438 1989 ficiorum
451 1955 739 1989 ecclesiasticorum
752 1966 810 1999 per
829 1965 882 1988 eos
905 1966 1034 1998 quomo-

292 2008 411 2041 dolibet
423 2009 637 2049 obtentorum,
655 2009 797 2052 aliisque,
814 2013 909 2052 prout
923 2008 1034 2041 nobis³

293 2060 459 2102 videbitur,
475 2062 586 2105 poenis
602 2062 697 2096 etiam
715 2061 916 2105 pecuniariis,
933 2071 968 2093 ac
985 2061 1035 2093 de-

293 2124 381 2146 mum
397 2124 454 2157 per
468 2114 636 2147 sententias
661 2119 691 2147 et
708 2124 856 2147 censuras
876 2114 1035 2146 ecclesias—

293 2167 388 2208 ticas,
412 2167 579 2200 mandandi
603 2173 634 2200 et
656 2167 886 2211 praecipiendi,
911 2172 950 2207 et,
975 2178 1034 2211 pro

294 2221 477 2255 earumdem
495 2221 689 2254 decimarum
713 2221 846 2254 faciliori
862 2221 1035 2261 exactione,

293 2285 405 2315 unum,
429 2274 478 2307 vel
502 2274 609 2318 plures
633 2274 897 2314 subcollectores,
921 2274 985 2316 qui,
1010 2273 1035 2306 si

295 2328 327 2361 in
351 2327 502 2371 dignitate
526 2326 737 2360 ecclesiastica
770 2326 930 2359 constituti
955 2326 1035 2366 sint,

295 2381 365 2426 pari
388 2391 425 2414 ac
448 2386 492 2421 tu,
517 2380 626 2423 vigore
650 2380 876 2424 praesentium,
893 2380 1036 2413 facultate

295 2435 476 2478 fungantur,
490 2445 548 2478 per
560 2434 703 2467 locorum
721 2433 905 2466 Ordinarios
918 2433 949 2465 in
965 2444 1038 2476 qua-

296 2499 432 2532 cumque
460 2487 583 2521 civitate
615 2492 644 2520 et
673 2486 808 2520 dioecesi
832 2490 862 2520 et
884 2487 954 2519 loco
978 2487 1037 2519 sibi

297 2542 438 2576 subiecto
469 2552 528 2585 pro
563 2546 705 2585 tempore
734 2541 898 2584 deputatos
925 2551 1038 2584 appro-

333 2621 346 2647 1
363 2621 526 2648 Pan-ticulum
541 2623 593 2648 aut
610 2629 659 2648 nos
673 2620 797 2648 addimus
811 2620 846 2656 (R.
864 2619 912 2654 τ.).

331 2665 349 2692 2
362 2665 450 2693 Etiam
463 2666 598 2693 coniunct.
615 2674 648 2694 ac
662 2665 758 2693 deesse
772 2666 926 2693 censuimus
935 2667 973 2699 (R.
983 2665 1033 2700 τ.).

333 2710 351 2738 3
364 2709 394 2737 Ni
408 2710 498 2746 potius
511 2710 654 2746 legendum
670 2712 704 2738 sit
718 2711 793 2739 vobis
807 2711 848 2747 (R.
863 2711 912 2745 Τ.).

383 2762 463 2792 Ball.
481 2763 565 2792 Rom.
580 2779 615 2784 —
631 2764 693 2793 Vol.
707 2763 773 2794 XII.
951 2763 987 2792 90

1051 357 1154 395 bandi,
1178 362 1209 390 et
1232 357 1257 390 si
1275 357 1345 400 quis
1369 367 1404 390 ex
1428 355 1503 400 ipsis
1519 355 1692 391 Ordinariis
1711 356 1792 390 intra

1051 410 1187 453 aliquem
1205 410 1332 443 brevem
1352 409 1521 442 terminum
1539 415 1643 442 vestro
1660 409 1792 442 arbitrio

1052 462 1289 506 praesigendum
1315 463 1399 495 viros
1424 462 1552 495 idoneos
1577 462 1614 494 ad
1640 461 1670 494 id
1694 461 1792 505 depu-

1053 520 1119 547 tare
1144 515 1335 557 neglexerit,
1361 515 1433 555 tibi,
1459 515 1549 548 ctiam
1575 514 1641 547 sine
1665 515 1793 547 illorum

1054 578 1217 607 consensu,
1231 573 1335 601 vestro
1352 567 1481 600 arbitrio
1500 567 1569 600 illos
1586 568 1683 600 libere
1699 567 1795 611 depu-

1054 620 1157 660 tandi,
1182 625 1212 653 et
1243 620 1406 664 deputatos
1433 620 1618 662 amovendi,
1654 620 1794 664 aliosque

1055 684 1166 706 eorum
1193 674 1272 713 loco,
1289 673 1381 706 toties
1400 673 1523 716 quoties
1547 673 1603 705 tibi
1628 673 1794 713 videbitur,

1056 726 1264 759 substituendi
1281 731 1309 759 et
1331 726 1539 768 subrogandi,
1557 736 1592 759 ac
1609 726 1731 759 solvere
1749 736 1795 759 re-

1056 784 1200 812 cusantes
1218 784 1247 813 et
1264 779 1454 820 differentes,
1473 785 1503 812 et
1520 779 1708 821 generaliter
1725 789 1796 812 con-

1055 833 1242 866 tradictores
1278 832 1433 875 quoslibet
1466 838 1496 865 et
1527 832 1679 872 rebelles,
1704 837 1733 865 et
1757 842 1796 865 ne

1057 885 1196 918 decimae
1210 886 1389 918 huiusmodi
1400 886 1560 919 solvantur
1573 885 1797 929 persuadentes

1057 938 1176 971 directe
1202 939 1247 970 vel
1272 938 1439 978 indirecte,
1461 949 1516 982 per
1540 938 1623 981 ipsas
1648 948 1797 971 censuras

1058 992 1294 1032 ecclesiasticas,
1319 1002 1355 1024 ac
1379 992 1439 1024 alia
1463 997 1642 1035 opportuna
1667 991 1744 1023 iuris
1769 996 1799 1024 et

1059 1045 1128 1078 sacti
1142 1045 1290 1082 remedia.
1301 1045 1511 1089 appellatione
1522 1045 1706 1088 postposita,
1717 1055 1799 1077 com-

1059 1098 1228 1141 pescendi,
1253 1098 1467 1141 auxiliumque
1498 1097 1619 1130 brachii
1649 1096 1799 1129 secularis

1059 1157 1169 1183 contra
1193 1162 1247 1184 eos
1271 1151 1309 1183 ad
1334 1152 1403 1190 hoc,
1429 1151 1453 1183 si
1479 1161 1559 1194 opus
1584 1151 1695 1189 suerit,
1716 1150 1801 1183 invo-

1060 1204 1166 1243 candi,
1191 1205 1347 1237 solventes
1364 1215 1439 1237 vero
1460 1204 1497 1237 de
1515 1205 1623 1237 solutis
1640 1203 1801 1247 quietandi

1060 1262 1090 1289 et
1106 1258 1270 1297 liberandi,
1288 1268 1305 1290 a
1322 1258 1524 1301 censurisque
1542 1263 1572 1290 et
1587 1258 1706 1301 poenis,
1724 1268 1802 1301 quas

1060 1311 1142 1343 (licta
1159 1312 1322 1343 occasione
1341 1311 1580 1354 quomodolibet
1600 1311 1802 1350 incurrerint,

1061 1365 1257 1405 absolvendi;
1283 1376 1318 1397 ac
1342 1365 1532 1407 generaliter
1556 1365 1662 1397 omnia
1685 1370 1713 1397 ct
1740 1365 1803 1396 sin-

1062 1418 1135 1461 gula
1159 1418 1220 1450 alia
1236 1418 1268 1450 in
1291 1418 1484 1461 praemissis,
1499 1423 1529 1450 et
1545 1417 1628 1450 circa
1646 1428 1682 1450 ea
1699 1428 1803 1450 neces-

1063 1472 1144 1504 saria
1164 1483 1219 1505 seu
1239 1472 1478 1515 quomodolibet
1491 1476 1678 1515 opportuna,
1692 1471 1805 1504 sacien-

1063 1525 1104 1565 di,
1118 1525 1294 1565 ordinandi,
1311 1525 1480 1557 mandandi
1494 1531 1523 1557 et
1539 1525 1725 1568 exequendi,
1740 1525 1806 1568 ple-

1062 1589 1135 1611 nam
1167 1583 1197 1611 et
1229 1578 1384 1619 liberam,
1415 1578 1601 1611 auctoritate
1637 1583 1667 1611 et
1696 1582 1805 1611 tenore

1064 1633 1244 1676 praedictis,
1270 1633 1449 1665 facultatem
1474 1632 1676 1666 concedimus
1700 1637 1730 1664 et
1753 1642 1805 1675 po-

1064 1692 1216 1719 testatem.

1109 1741 1123 1784 ξ
1148 1740 1176 1772 5.
1202 1741 1270 1773 Non
1294 1739 1489 1773 obstantibus
1508 1739 1619 1782 regula
1643 1740 1751 1772 nostra
1768 1738 1806 1771 de

1064 1804 1128 1827 non
1144 1793 1282 1826 tollendo
1298 1793 1366 1825 iure
1383 1792 1534 1836 quaesito,
1546 1803 1581 1824 ac
1598 1792 1666 1825 aliis
1682 1792 1807 1835 quibus-

1066 1847 1110 1879 vis
1127 1846 1318 1890 apostolicis,
1344 1857 1379 1878 ac
1403 1846 1497 1878 etiam
1511 1845 1542 1877 in
1560 1845 1807 1889 provincialibus

1066 1906 1093 1933 et
1112 1900 1313 1945 synodalibus
1331 1899 1471 1933 conciliis
1489 1899 1590 1939 editis,
1605 1899 1808 1942 generalibus

1066 1955 1113 1986 vel
1135 1953 1321 1997 specialibus
1339 1952 1614 1986 constitutionibus
1631 1957 1661 1985 et
1685 1952 1809 1985 ordina-

1066 2007 1214 2047 tionibus,
1229 2006 1405 2049 ceterisque
1423 2006 1589 2039 contrariis
1607 2005 1810 2049 quibuscum-

1067 2070 1137 2103 que;
1158 2065 1211 2092 aut
1229 2060 1255 2091 si
1272 2059 1347 2102 ipsis
1371 2058 1571 2102 patriarchis,
1596 2058 1809 2101 archiepisco-

1067 2115 1125 2158 pis,
1154 2113 1320 2156 episcopis,
1345 2113 1467 2152 electis,
1492 2112 1809 2151 administratoribus,

1068 2178 1137 2200 com
1143 2166 1353 2206 mendatariis,
1362 2165 1538 2205 abbatibus,
1546 2165 1716 2208 prioribus,
1725 2174 1812 2208 prae-

1070 2221 1190 2264 positiS,
1209 2219 1370 2264 capitulis,
1391 2219 1612 2259 conventibus,
1638 2228 1812 2260 congrega-

1070 2273 1207 2307 tionibus
1232 2278 1261 2305 et
1285 2272 1354 2304 aliis
1378 2272 1523 2315 personis
1550 2271 1738 2315 praedictis,
1765 2271 1812 2303 vel

1070 2327 1232 2370 quibusvis
1261 2326 1339 2368 aliis,
1366 2325 1576 2358 communiter
1601 2328 1653 2358 aut
1676 2324 1812 2364 divisim,

1071 2381 1109 2413 ab
1135 2380 1245 2413 eadem
1270 2380 1309 2412 sit
1339 2378 1417 2412 Sede
1449 2378 1626 2417 indultum,
1659 2376 1745 2421 quod
1776 2376 1815 2409 ad

1072 2433 1262 2467 solutionem
1279 2432 1411 2465 alicuius
1433 2431 1574 2464 decimae
1598 2440 1661 2463 non
1685 2435 1814 2463 tenean-

1071 2491 1133 2526 tur,
1152 2491 1182 2518 et
1202 2485 1240 2517 ad
1259 2485 1290 2517 id
1311 2484 1466 2528 compelli,
1483 2490 1537 2516 aut
1556 2483 1640 2527 quod
1661 2483 1814 2525 interdici,

1073 2538 1219 2582 suspendi
1233 2539 1281 2571 vel
1299 2537 1577 2576 excommunicari,
1595 2547 1650 2569 seu
1667 2541 1755 2569 extra
1767 2537 1815 2569 rel

1073 2592 1155 2624 ultra
1179 2597 1265 2624 certa
1288 2591 1357 2624 loca
1381 2590 1420 2622 ad
1444 2589 1596 2622 iudicium
1612 2589 1737 2622 evocari
1752 2599 1817 2622 non

1693 298 1757 333 713
1803 309 1852 336 Αη.
1872 308 1902 336 c.
1920 307 1989 336 1622

1834 1749 1948 1779 Derogatio
1958 1753 2006 1769 con·

1822 1779 1943 1797 trariorum.

1069 2644 1190 2689 possint
1218 2654 1275 2688 per
1305 2644 1424 2677 litteras
1455 2642 1641 2687 apostolicas
1667 2652 1732 2676 non
1769 2642 1814 2675 sa·
1841 2665 1845 2667 Α

1069 2698 1186 2733 cientes
1209 2698 1335 2743 plenam
1359 2702 1389 2732 et
1409 2707 1591 2743 expressam
1607 2707 1643 2731 ac
1657 2696 1696 2731 de
1713 2696 1813 2731 verbo
