2293 3231
288 255 338 282 An.
357 255 385 282 c.
403 255 471 283 ¹6¹3
516 245 581 280 202
1068 252 1248 278 BULLARlUM
1271 252 1426 278 nomnen

487 303 588 337 dictae
611 302 820 335 bibliothecae
856 301 1003 333 omnibus
1032 304 1426 350 conservato-'ramento‚
1459 299 1699 333 confirmatione
1734 299 1924 344 apostolica,
1957 298 2005 332 vel

488 356 576 389 ribus
599 354 778 399 praedictis,
804 359 866 385 tam
892 352 1110 385 ecclesiasticis
1133 362 1228 396 quam
1244 363 1246 389 g
1262 352 1371 396 quavis
1395 351 1544 386 firmitate
1561 352 1621 385 ntia
1645 353 1816 396 roboratis)
1833 352 1956 387 statutis
1976 357 2007 385 et

486 409 806 446 laicis„c0111nmnite1·
822 413 849 440 et
869 407 1072 447 coniunctim,
1087 406 1230 450 regimen
1263 405 1554 446 consuetudinibus,
1567 405 1743 450 ceterisque
1755 405 1922 439 contrariis
1939 405 2007 451 qui-

489 474 573 502 vero,
591 461 781 504 gabei-nium
799 465 827 492 et
853 459 1084 493 administratio
1105 459 1230 502 collegii
1263 459 1469 503 buscumque.

487 514 650 560 praedicti,
670 513 815 557 illiusque
840 523 874 545 ac
893 512 1159 556 cappellaniarum
1177 513 1248 552 liu-.
1308 512 1420 545 Datum
1453 512 1570 545 Romae
1599 511 1682 556 apud
1706 510 1735 544 S.
1761 511 1923 551 Marcum,
1948 510 2006 544 sub

490 568 624 601 iusmodi
646 567 814 602 bonorum,
843 566 1014 606 fructuum,
1039 565 1231 607 reddituum,
1246 557 1249 570 ’
1265 566 1382 599 annulo
1400 565 1579 605 piscatoris,
1597 564 1647 598 die
1667 575 1720 598 xlv
1738 564 1843 598 martii
1867 573 2007 605 MDexffl,

488 625 698 664 proventuum
713 647 720 657 ,
753 619 869 652 iurium
906 624 935 652 ct
967 619 1231 663 pertinentiarum
1246 575 1249 652 l
1266 619 1467 662 pontificatus
1490 618 1590 651 nostri
1615 627 1697 651 anno
1721 627 1786 651 vul.

489 673 720 717 praedictarum
732 672 806 705 solis
817 682 853 705 ex
863 671 1233 715 conservatoribusprae·
1302 683 1360 709 Dat.
1382 681 1425 709 die
1447 682 1478 709 tt
1499 682 1589 709 martii
1610 680 1688 714 ¹613,
1709 679 1805 716 pomis.
1826 688 1871 708 gn,
1891 686 1946 707 vm,

489 726 591 767 dictis,
616 726 669 769 qui
695 725 898 758 ecclesiastici
923 725 1043 758 ordinis
1068 730 1181 765 essent,
1199 730 1230 758 ut

489 779 677 822 praefertur,
691 784 873 822 competere
897 778 1022 821 debeat)
1040 777 1148 810 itidem
1165 787 1234 821 per-

489 837 584 876 petuo
599 832 816 866 commisimus
830 837 858 864 et
874 831 1103 871 mandavimus,
1117 836 1145 863 et
1158 831 1233 864 alias

490 891 582 930 prout
610 886 641 918 in
665 886 798 918 diversis
823 885 939 918 nostris
969 885 1106 929 desuper
1131 885 1234 918 conse-

492 939 550 971 ctis
575 939 687 971 litteris
711 939 835 982 plenius
859 938 1039 972 continetur
1052 937 1071 970 ¹.

537 994 551 1036 ξ
571 992 600 1025 3.
619 993 695 1026 Cum
713 998 829 1033 autem,
846 993 923 1025 sicut
945 992 1048 1025 dictus
1066 991 1234 1024 Fedcricus

492 1046 659 1079 cardinalis
671 1045 761 1079 nobis
781 1046 885 1078 denuo
901 1056 1004 1089 nuper
1021 1045 1134 1088 exponi
1152 1044 1234 1085 fecit,

492 1099 581 1144 ipsc‘z
606 1111 665 1132 usu
701 1105 728 1132 ct
762 1099 956 1143 experientia
991 1099 1121 1132 edoctus
1154 1099 1233 1131 l'clici

492 1153 617 1196 collegii
642 1158 668 1186 ct
696 1153 905 1186 bibliothecae
924 1152 1159 1196 praedictorum
1183 1151 1236 1184 ad-

493 1207 738 1247 ministrationi,
763 1207 993 1250 doctorumque
1019 1206 1051 1238 in
1083 1206 1151 1249 ipso
1175 1206 1236 1238 col-

2019 250 2070 278 An.
2087 249 2116 278 C.
2135 249 2203 281 1018

1565 814 1712 849 ccxxlx.

1269 896 1388 931 Contra
1413 895 1588 929 monachos
1611 898 1718 929 saneti
1741 894 1908 929 Bernardi
1928 894 2010 929 Con·

1311 949 1513 992 yreqatiom's
1531 948 1795 983 Cisterciensium
1812 946 1943 988 Italiae,
1960 946 2011 979 di-

1311 1003 1454 1046 qnitates
1470 1005 1500 1035 ct
1521 1001 1631 1045 officia
1657 1002 1762 1045 ipsius
1783 1000 2011 1044 Conyreyalio-

1312 1056 1376 1095 nis,
1403 1055 1597 1099 conquisitis
1620 1059 1713 1087 extra
1733 1064 1806 1087 eam
1829 1053 2007 1096 favoribus,

1313 1109 1503 1148 ambientes,
1519 1118 1694 1152 comamque
1707 1106 1877 1152 complices
1889 1110 1918 1140 et
1936 1106 2011 1149 sau—

1315 1165 1408 1202 tores,
1421 1171 1543 1194 necnon
1558 1165 1670 1194 contra
1682 1160 1874 1204 superiores,
1888 1158 2013 1192 eosdem

1315 1216 1351 1248 in
1373 1215 1581 1248 electionibus
1605 1215 1729 1258 favores
1753 1211 1985 1247 attendentes¹.

333 1011 391 1032 Idem
407 1010 476 1031 cardi-

291 1038 344 1059 nali·
367 1039 419 1063 petit
440 1037 476 1057 de-

291 1065 349 1086 cerni
405 1069 476 1084 omnes

291 1090 376 1116 collegii
402 1090 476 1110 docto-

291 1124 350 1140 rum,
365 1120 385 1137 et
400 1117 476 1137 biblio-

292 1144 368 1165 thecae
391 1149 476 1164 conser-

292 1173 376 1191 vatores
408 1171 477 1190 eccle-

292 1198 390 1219 siasticos
405 1203 459 1218 esse.

308 1648 353 1669 noe
363 1650 433 1669 autern
444 1647 481 1668 de·

295 1675 362 1696 cernit
373 1675 459 1695 Paulus.

343 2457 434 2480 vernant
449 2456 485 2477 ob-

300 2484 400 2504 tantnbus.

492 1261 575 1305 legio
600 1272 658 1304 pro
682 1266 825 1304 tempore
857 1259 1058 1292 existentium
1083 1259 1180 1302 quieti
1206 1264 1236 1291 et

492 1314 710 1358 tranquillitati
736 1313 884 1358 expedire
910 1313 1106 1351 iudicaverit,
1123 1317 1155 1344 ut
1172 1323 1237 1345 om-

493 1379 548 1401 nes
578 1372 816 1401 conservatores
848 1366 1001 1410 praedicti
1033 1365 1236 1398 ecclesiastici

493 1421 643 1460 existant;
668 1421 759 1453 nobis
788 1425 957 1464 propterea
981 1419 1143 1452 humiliter
1168 1429 1238 1462 sup-

493 1475 602 1520 plicari
629 1474 710 1515 fecit,
735 1480 765 1507 nt
794 1484 889 1517 super
913 1473 1095 1517 praemissis
1121 1483 1238 1515 oppor-

495 1534 568 1561 tune
592 1528 778 1572 providem,
799 1532 833 1559 ut
858 1527 957 1567 infra,
982 1526 1020 1558 de
1044 1525 1238 1568 benignitate

494 1581 665 1626 apostolica
689 1581 905 1623 dignaremur.

540 1636 554 1677 ,ξ
579 1635 608 1667 fr.
630 1636 692 1667 Nos
710 1634 816 1676 igitur,
834 1633 953 1666 dictum
971 1632 1157 1665 Federicum
1175 1643 1240 1665 car-

495 1689 631 1721 dinalem
669 1687 857 1732 specialibus
892 1686 1052 1719 favoribus
1077 1691 1107 1718 et
1130 1685 1240 1728 gratiis

495 1743 643 1788 prosequi
665 1743 814 1782 volentes,
832 1751 866 1773 ac
882 1740 1039 1773 dictarum
1063 1740 1240 1773 litterarum

497 1802 621 1829 tenores
642 1795 860 1839 praesentibus
876 1804 934 1838 pro
949 1793 1106 1837 expressis
1122 1793 1241 1826 haben-

496 1856 552 1891 tes,
575 1849 756 1882 huiusmodi
785 1847 1067 1892 supplicationibus
1091 1846 1241 1887 inclinati,

496 1914 535 1936 nc
553 1902 591 1935 dc
610 1907 716 1935 cetero
736 1901 898 1946 perpetuis
914 1900 1029 1933 suturis
1046 1899 1242 1943 temporibus

499 1957 568 1989 laici
587 1957 617 1989 in
631 1956 706 1989 dicti
723 1955 847 1998 collegii
864 1959 1103 1987 conservatores
1119 1954 1242 1987 admitti

498 2009 636 2054 possint,
661 2013 711 2041 aut
739 2008 870 2040 debeant
886 2034 894 2047 ‚
918 2007 1064 2040 similiter
1088 2011 1242 2050 perpetuo

498 2063 683 2100 statuimus,
709 2061 900 2104 cosdemque
924 2061 1020 2093 laicos
1045 2065 1243 2093 conservato-

499 2127 549 2149 res
573 2116 611 2148 ab
637 2116 705 2159 ipso
722 2115 867 2157 collegio,
885 2114 1044 2158 ipsiusque
1061 2113 1242 2147 defensione

499 2175 529 2202 et
554 2168 802 2207 conservatione,
823 2178 859 2200 ex
890 2178 973 2200 nunc
999 2167 1028 2199 in
1053 2172 1240 2210 perpetuum

499 2223 622 2267 penitus
649 2232 858 2262 removcnms,
883 2232 919 2253 ac.
944 2226 1083 2254 remotos
1108 2231 1186 2261 esse,
1204 2221 1243 2253 ir-

500 2277 659 2320 ritumque
691 2281 718 2308 et
753 2275 865 2315 inane,
891 2274 916 2307 si
942 2285 1031 2307 secus
1056 2284 1151 2317 super
1175 2275 1241 2315 liis,

499 2329 609 2373 quavis
628 2329 825 2367 auctoritate,
840 2328 975 2361 scienter
989 2327 1034 2360 vel
1050 2327 1242 2370 ignoranter,

500 2382 668 2425 contigerit
692 2381 849 2421 attentari,
873 2381 1083 2413 decernimus.

545 2435 613 2479 {5-
644 2435 712 2468 Non
747 2434 944 2467 obstantibus
979 2433 1092 2466 litteris
1126 2433 1242 2467 nostris

501 2489 679 2533 praedictis,
696 2498 817 2522 necnon
842 2488 916 2521 dicti
934 2488 1058 2531 collegii
1075 2487 1183 2531 (etiam
1201 2488 1244 2521 iu-

538 2569 549 2595 t
572 2567 732 2595 Mutationes
746 2568 899 2604 praedictas
921 2576 973 2596 non
991 2573 1057 2603 puto
1072 2575 1168 2595 omnes
1190 2567 1242 2603 legi

500 2612 528 2639 in
545 2613 674 2640 fluum-io
693 2613 731 2646 (R.
744 2613 793 2647 τ.).

537 2657 553 2684 2
573 2656 693 2686 Eri-onec
712 2658 776 2686 edit.
798 2657 878 2686 Μαίη.
900 2657 983 2687 habet
1003 2658 1095 2694 ipsum
1114 2658 1153 2694 (n.
1169 2657 1218 2693 r).

1508 1296 1621 1323 Paulus
1641 1295 1722 1329 Papa
1740 1295 1772 1326 V,
1798 1302 1803 1310 '

1393 1352 1428 1377 ad
1448 1353 1626 1384 perpetuam
1645 1349 1688 1377 rei
1708 1348 1890 1376 memoriam.

1315 1421 1408 1460 Alias,
1425 1431 1482 1464 per
1506 1430 1563 1453 nos
1587 1425 1716 1465 accepto
1733 1419 1816 1464 quod
1837 1419 1964 1464 quidam
1981 1419 2014 1452 in
2035 1431 2212 1454 utambnusmo—

1271 1474 1387 1507 Ordine
1401 1473 1499 1507 sancti
1517 1473 1667 1507 Bet-nardi
1685 1472 1944 1517 Congregationis
1953 1472 2015 1507 Cis-
2027 1457 2213 1516 ἓῗέἓῖιῖἳὲἴεῗῗ-Ἶζ

1271 1527 1475 1560 tercicnsium
1500 1527 1616 1568 Italiae,
1641 1527 1846 1571 professionis
1871 1532 1901 1560 et
1924 1537 2016 1570 regu·
2028 1511 2212 1569 &ltreoel'etlss’ss‘l't

1272 1581 1340 1621 lae,
1361 1591 1456 1625 quam
1480 1581 1613 1625 professi
1639 1586 1708 1614 sunt
1725 1608 1744 1621 ,Δ
1758 1580 1884 1625 penitus
1907 1579 2015 1614 imme·
2028 1565 2091 1614 {33¹³
2109 1570 2212 1592 “mm''

1274 1645 1388 1675 mores,
1404 1635 1564 1679 nimiaque
1586 1635 1774 1679 dignitatum
1791 1639 1821 1667 et
1836 1634 2014 1668 officiorum

1273 1689 1560 1722 ecclesiasticorum
1591 1689 1623 1721 in
1659 1688 1741 1721 dicta
1765 1687 2016 1732 Congregatione

1274 1742 1571 1785 consequendorum
1595 1741 1766 1775 ambitione
1790 1741 1886 1782 ducti,
1902 1750 1961 1785 pro
1978 1740 2016 1774 iis

1274 1795 1504 1839 consequendis
1528 1795 1813 1828 ecclesiasticorum
1844 1799 1874 1827 et
1901 1794 2017 1828 secula-

1276 1849 1356 1881 rium
1381 1848 1560 1893 principum
1584 1848 1686 1881 studia
1703 1847 1917 1892 requirebant,
1934 1857 2017 1880 eom-

1276 1901 1474 1934 mendatitias
1509 1901 1628 1934 litteras
1642 1928 1650 1942 ,
1674 1901 1814 1945 aliosque
1838 1900 1962 1934 favores
1985 1905 2016 1934 et

1275 1955 1393 1997 gratias
1432 1960 1600 1999 propterea
1641 1954 1870 1998 expectabant,
1901 1953 2016 1997 quibus

1275 2007 1382 2048 adiuti,
1411 2019 1492 2053 quos
1516 2008 1573 2051 ipsi
1599 2018 1634 2040 ex
1666 2017 1699 2040 se
1723 2007 1938 2051 promeruisse
1962 2006 2018 2040 mi-

1275 2061 1358 2094 nime
1383 2061 1581 2094 considebant
1610 2061 1728 2103 gradus
1752 2066 1783 2094 et
1801 2060 1969 2104 dignitates
1986 2060 2018 2093 in

1275 2115 1384 2148 cadem
1408 2115 1658 2158 (longi-egatione
1683 2114 1833 2159 consequi
1862 2114 2018 2154 valerent,

1276 2169 1382 2213 sicque
1413 2169 1553 2202 eiusdem
1587 2168 1847 2212 Congregationis
1878 2168 2016 2213 quietem

1276 2233 1336 2256 non
1364 2223 1429 2255 sinc
1445 2223 1622 2255 animarum
1639 2233 1770 2256 suarum
1786 2221 1929 2266 periculo
1948 2231 2017 2265 per—

1276 2276 1443 2309 turbabant
1454 2287 1460 2308 t

1319 2330 1335 2373 ξ
1359 2330 1387 2362 ⁴l.
1414 2330 1487 2371 Nos,
1504 2329 1622 2362 malum
1640 2329 1699 2363 hoc
1716 2328 1755 2361 ab
1772 2327 1882 2362 eodem
1899 2326 2016 2362 Ordine
2055 2337 2152 2360 Pontifex
2159 2331 2234 2361 mos

1276 2387 1305 2415 et
1321 2383 1573 2426 Congu-egatione
1590 2393 1648 2427 pro
1670 2383 1778 2416 nostra
1793 2381 1942 2426 pastorali
1969 2391 2018 2415 so·
2030 2362 2215 2422 2?8„{{l‘3=l¹ss'‡
2231 2396 2239 2421 j

1275 2437 1436 2469 licitudinc
1454 2437 1610 2480 expellere
1626 2445 1828 2479 summopere
1843 2435 2016 2479 cupientes,
2031 2417 2231 2474 l'fflssssffllsslf,

1275 2495 1362 2523 motu
1381 2489 1521 2534 proprio,
1539 2494 1567 2522 ct
1588 2499 1624 2521 ex·
1642 2490 1728 2521 certa
1745 2487 1876 2522 seientia
1895 2489 2016 2529 nostra,
2031 2471 2215 2527 iiifxgsqiti'ffi’ffi

1275 2554 1310 2577 ac
1335 2543 1373 2576 de
1397 2542 1586 2587 apostolieae
1617 2542 1780 2586 potestatis
1803 2541 2014 2585 plenitudine,
2029 2522 2239 2603 Ξιὶἰῗζξῖἆὲἱξῗιὲ
2281 2547 2284 2551 ’

2034 2605 2093 2634 atum
2116 2603 2210 2630 praeter·
2223 2603 2235 2627 “,

2027 2633 2089 2654 lmm.

1310 2614 1322 2641 1
1345 2613 1585 2648 Congregationem
1602 2613 1679 2639 istam
1695 2612 1809 2639 firmavit
1822 2612 1970 2639 Alexander
1981 2612 2013 2639 vl

1274 2658 1302 2687 in
1318 2667 1366 2686 sua
1379 2658 1470 2685 const.
1488 2665 1514 2692 x,
1531 2657 1694 2690 11¹lantalus,
1717 2661 1779 2683 tom.
1802 2663 1828 2690 v,
1845 2664 1906 2692 pag.
1922 2655 1983 2684 371.
