2293 3231
104 264 152 290 An.
170 262 198 289 C.
219 261 287 289 1620

126 1542 216 1572 ‘Pe-titio
228 1543 298 1562 exten-

113 1575 185 1589 §mma

929 256 1048 280 PAULUS
1073 255 1092 278 V
1117 256 1164 279 PP.

304 318 372 341 eam
387 307 625 340 examinandam
641 306 911 344 mandaveramus,
923 310 1043 336 mature
1058 307 1062 328 i

304 361 453 400 discussa,
471 360 508 393 de
534 359 717 393 eorumdem
745 358 950 392 cardinalium
970 368 1044 390 con-

304 414 373 447 silio
389 413 570 447 huiusmodi
596 412 877 457 supplicationilms
896 410 1045 449 inclinati,

304 473 337 500 ut
354 467 421 512 ipse
439 467 537 500 bonae
560 467 731 499 memoriae
749 465 906 498 Paschalis
931 464 1044 507 Baylon
1062 455 1063 463 ¹

306 521 511 564 imposterum
538 520 648 553 Beatus
673 518 864 562 nuncupari,
892 523 985 560 atquc
1009 516 1046 547 de

305 585 343 607 eo
367 574 500 617 singulis
525 573 613 606 annis
636 572 685 605 die
711 582 776 605 xvtt
801 571 886 611 maii,
904 581 966 613 quo
991 570 1047 601 ob-

306 626 455 660 dormivit
480 627 510 659 in
536 626 679 666 Domino,
697 636 714 657 a
731 624 881 657 fratribus
906 623 1046 656 eiusdem

306 680 430 713 Ordinis
455 681 485 712 in
512 690 610 723 regno
642 679 798 712 Valentiae
823 676 1048 711 commoranti-

306 734 375 774 bus,
390 738 548 777 tamquam
562 733 600 766 de
613 733 796 766 Confessore
810 741 871 765 non
890 730 1047 767 pontifice,

308 787 393 820 iuxta
422 786 566 820 rubricas
597 786 742 818 breviarii
779 790 808 818 et
833 784 966 817 missalis
992 793 1045 815 ro-

307 840 403 879 niani,
415 839 552 873 officium
568 839 705 878 recitari,
723 844 753 871 et
773 838 869 870 missa
885 835 1048 875 celebrari,

308 903 430 926 necnon
455 893 486 925 in
511 892 643 925 ecclesia
673 892 805 924 fratrum
831 889 971 923 eiusdem
996 889 1051 922 Or-

309 946 390 980 dinis
415 946 524 990 oppidi
552 945 648 977 Villae
669 944 804 987 Regalis,
823 944 853 975 in
873 943 984 976 eodem
1005 953 1051 974 re-

309 1009 372 1041 gno
385 998 542 1032 valentiae
560 997 729 1036 existentis,
746 996 785 1029 ab
802 996 949 1029 omnibus
965 1006 1049 1039 pres-

308 1052 436 1096 byteris,
449 1057 512 1085 tam
526 1051 720 1085 secularibus
733 1060 827 1093 quam
841 1049 1050 1092 regularibus,

311 1106 415 1145 missa,
433 1110 466 1138 ut
483 1116 588 1149 supra,
606 1104 751 1137 similiter
775 1103 928 1136 celebrari
955 1103 1050 1135 libere

311 1164 341 1191 et
363 1159 447 1192 licite
471 1164 575 1202 posset
601 1163 629 1190 et
656 1158 783 1197 valeret,
807 1157 977 1200 apostolica
1002 1167 1053 1188 au-

311 1213 454 1246 ctoritate
472 1212 684 1245 concessimus
701 1217 729 1243 et
748 1211 944 1249 indulsimus,
960 1215 1053 1253 prout

312 1268 342 1300 in
367 1267 436 1300 aliis
461 1267 576 1300 nostris
593 1267 623 1298 in
637 1266 730 1299 simili
752 1266 854 1298 fornia
872 1265 977 1298 Brevis
995 1266 1052 1297 suh

311 1321 360 1353 die
386 1331 463 1354 xxtx
488 1320 627 1353 octobris
651 1320 723 1352 anni
741 1329 883 1352 nncxvm
901 1318 1053 1362 expeditis

311 1374 440 1414 litteris,
459 1384 592 1418 quarum
615 1379 741 1406 tenores
759 1373 979 1416 praesentibus
996 1383 1053 1415 pro

312 1427 470 1471 expressis
495 1427 603 1458 haberi
629 1426 783 1462 volumus,
813 1424 934 1468 plenius
959 1425 1055 1457 conti-

312 1486 404 1514 netur
418 1480 437 1513 ¹.
1069 1487 1072 1515 t

358 1535 372 1578 ἓ
396 1535 426 1567 ΞΖ.
443 1534 521 1568 Cum
543 1538 657 1570 autem,
675 1533 755 1566 sicut
773 1533 873 1565 dictus
895 1532 1054 1575 Philippus

314 1599 379 1629 rex,
396 1599 432 1621 ac
448 1588 553 1620 dilecti
570 1588 627 1620 filii
644 1588 787 1620 minister
805 1586 969 1629 generatis,
988 1596 1056 1618 nec-

314 1652 377 1675 non
394 1642 445 1674 alii
463 1642 645 1685 superiores
663 1646 689 1672 et
718 1641 829 1673 fratres
847 1640 985 1673 eiusdem
1004 1639 1057 1673 Or-
1072 1651 1073 1661 ³

315 1696 395 1728 dinis
412 1695 509 1728 sancti
531 1694 690 1727 Francisci
715 1694 752 1726 de
777 1694 980 1727 Observantiz'i
1005 1690 1073 1726 no?

316 1749 362 1782 bis
386 1759 489 1793 nuper
517 1748 630 1792 exponi
656 1750 808 1785 fecerunt,
834 1747 890 1791 ipsi
916 1758 974 1791 pro
999 1758 1035 1779 eo
1051 1761 1075 1786 ‚¹

317 1812 412 1847 quem
437 1812 513 1845 erga
538 1801 639 1844 ipsum
666 1802 792 1833 beatum
811 1801 991 1833 Paschalem
1010 1797 1076 1845 ge}

317 1861 399 1896 runt,
419 1854 592 1888 devotionis
609 1854 722 1887 affectu
736 1854 908 1898 plurimum
922 1854 1058 1897 cupiant,
1075 1871 1076 1874 =

318 1908 552 1941 concessionem
585 1913 613 1940 et
650 1907 826 1946 indultum,
857 1917 891 1939 ac
924 1907 1060 1950 desuper

319 1961 474 1994 consectas
486 1962 607 1994 litteras
620 1961 811 1999 huiusmodi,
824 1960 862 1992 ad
877 1960 1058 1993 universum
1076 1971 1078 2007 g

319 2013 467 2046 Ordinem
492 2015 624 2047 fratrum
646 2013 799 2046 Minorum
825 2014 862 2046 de
887 2013 1061 2046 Observan-

320 2067 364 2099 tia
387 2066 588 2108 huiusmodi,
613 2078 647 2100 ac
681 2068 773 2100 etiam
801 2068 838 2100 ad
864 2068 1059 2111 praedictum

322 2120 417 2153 Villae
431 2120 572 2162 Regalis,
588 2120 641 2152 uhi
666 2120 806 2153 eiusdem
821 2121 902 2153 beati
930 2121 1061 2153 Paschan

323 2173 359 2206 lis
375 2184 492 2217 corpus
505 2173 714 2216 requiescere,
726 2183 848 2206 necnon
864 2174 973 2206 Turris
991 2174 1063 2207 For-

322 2238 428 2261 mosae
453 2227 641 2270 Seguntinae
674 2227 847 2268 dioecesis,
871 2228 955 2261 unde
979 2227 1061 2261 idem

322 2281 431 2314 beatus
451 2280 608 2314 Paschalis
631 2280 783 2314 oriundus
810 2291 878 2313 esse
902 2281 1063 2321 asseritur,

323 2334 496 2379 respective
522 2334 637 2378 oppida
661 2325 718 2378 per
742 2344 819 2371 nos,
845 2339 876 2366 ut
902 2334 993 2375 infra,
1016 2345 1065 2367 ex-

324 2388 426 2428 tendi3
445 2388 538 2422 nobis
563 2387 681 2421 idcirco
706 2387 868 2420 humiliter
892 2387 1065 2430 supplicari

324 2443 483 2483 fecerunt,
508 2447 539 2474 ut
573 2452 682 2474 eorum
720 2441 798 2473 votis
829 2440 859 2472 in
884 2441 1065 2483 praemissis

325 2506 464 2530 annuere
484 2496 521 2530 de
547 2495 740 2537 benignitate
763 2494 934 2538 apostolica
956 2494 1083 2545 dignm}

325 2560 443 2583 remur.

363 2622 375 2648 1
393 2620 552 2648 Huiusmodi
563 2621 667 2648 litterae
680 2628 763 2655 supra
773 2619 876 2647 relatae
887 2618 1006 2652 suerunt,
1020 2625 1064 2654 pa-

327 2665 389 2700 gina
407 2665 459 2693 430
476 2664 516 2700 (n.
532 2664 582 2700 ix).
1081 2675 1084 2695 0

1721 242 1784 276 467
1832 253 1924 279 Aac
1949 253 2016 280 ¹620

1121 304 1135 344 ξ
1160 302 1188 335 3.
1216 303 1278 335 Nos
1308 301 1413 344 igitur,
1441 301 1479 333 de
1504 300 1687 334 eorumdem
1710 300 1813 333 cardi·
1860 315 1970 345 ¹¹²‘¹¹²¹¹¹¹'¹¹.
1990 316 2016 337 ,12

1078 357 1193 388 natium
1219 355 1360 390 consilio.
1386 353 1614 397 posterioribus
1639 353 1819 386 huiusmodi
1834 342 2006 366 ‘³⁰⁰'⁰‘⁰¹’‘¹⁰²'

1078 408 1359 452 supplnationibus
1396 407 1553 445 inclinati,
1584 406 1818 439 concessionem

1079 467 1106 495 et
1126 462 1291 500 indultum,
1309 472 1342 493 ac
1360 461 1496 503 desuper
1520 462 1676 492 contectas
1702 460 1820 491 litteras

1081 515 1272 554 huiusmodi,
1290 515 1327 546 ad
1345 524 1455 546 omnes
1475 513 1640 556 utriusque
1666 523 1758 546 sexus
1776 524 1822 545 re.-

1080 568 1209 610 ligiosos
1237 568 1311 600 dicti
1337 567 1462 599 Ordinis
1487 567 1642 599 Minoi-um
1668 566 1822 609 regularis

1081 622 1297 654 observantiae
1324 622 1353 653 in
1380 621 1484 663 regnis
1515 620 1665 653 Castellae
1691 625 1720 652 et
1745 621 1822 652 Ara-

1082 675 1193 717 goniae
1218 678 1459 712 cmi‘imorantes,
1485 673 1668 706 auctoritate
1697 678 1822 716 aposto-

1082 728 1152 768 lica,
1179 733 1286 760 tenore
1312 727 1546 771 praesentium,
1573 726 1769 760 extendimus
1794 732 1823 758 et

1082 782 1279 825 ampliamus.
1305 782 1442 817 Necnon,
1466 786 1494 812 ut
1522 780 1552 812 in
1571 780 1666 812 Villae
1688 780 1822 822 Regalis,

1083 834 1134 868 ubi
1167 834 1306 867 eiusdem
1339 834 1419 866 beati
1453 833 1609 866 Paschalis
1634 844 1749 876 corpus
1774 844 1824 866 re-

1083 888 1256 931 quiescere,
1281 898 1315 919 ac
1340 886 1448 918 Turris
1473 886 1651 926 Formosae,
1668 887 1722 919 ubi
1743 886 1823 919 idem

1084 941 1191 973 beatus
1218 940 1384 977 Paschalis,
1410 943 1442 972 ut
1467 940 1652 982 praefertur,
1680 943 1770 973 natus
1795 945 1825 971 ct

1084 994 1233 1026 educatus
1251 1004 1317 1026 esse
1331 994 1490 1032 asseritur,
1505 992 1630 1036 oppidis
1657 992 1825 1036 praedictis

1085 1049 1122 1080 ab
1140 1048 1286 1081 omnibus
1312 1048 1476 1091 utriusque
1500 1058 1590 1080 sexus
1616 1048 1825 1090 1·⁴‘¹gularibus‚

1085 1112 1118 1133 ae
1133 1101 1225 1133 etiam
1241 1101 1431 1144 presbyteris
1445 1106 1472 1132 et
1485 1100 1608 1132 clericis
1622 1100 1826 1139 secularibus,

1085 1154 1122 1186 de
1143 1154 1254 1187 eodem
1280 1154 1371 1186 beato
1398 1154 1555 1191 Pascliale,
1574 1154 1658 1187 iuxta
1683 1154 1828 1186 rubricas

1086 1208 1232 1240 breviarii
1250 1207 1423 1241 etmissalis
1439 1207 1571 1245 romani,
1590 1207 1770 1240 huiusmodi
1789 1207 1826 1239 de

1086 1261 1248 1294 communi
1278 1261 1470 1294 Confessoris
1492 1271 1554 1293 non
1580 1261 1740 1294 Pontificis
1764 1260 1829 1292 offi-

1087 1315 1170 1347 cium
1196 1315 1322 1347 recitari
1358 1319 1387 1346 et
1413 1314 1507 1346 missa
1533 1313 1686 1346 celebrari
1722 1323 1829 1357 respe-

1087 1370 1165 1402 ctive
1191 1369 1301 1408 valeat,
1322 1369 1507 1402 auctoritate
1524 1373 1554 1401 et
1580 1373 1687 1401 tenore
1711 1367 1831 1411 praedi-

1087 1422 1144 1455 ctis
1169 1422 1371 1455 concedimus
1395 1422 1514 1466 pariter
1539 1426 1568 1453 et
1592 1421 1801 1463 indulgemus.

1132 1476 1146 1519 ξ
1163 1475 1192 1508 4.
1206 1476 1274 1508 Non
1291 1475 1487 1508 obstantibus
1500 1475 1646 1508 omnibus
1663 1475 1734 1514 illis,
1751 1485 1830 1517 quac
1915 1486 2030 1517 ῡρωμιω

1090 1529 1120 1560 in
1137 1528 1228 1561 dictis
1245 1528 1357 1561 litteris
1375 1528 1533 1561 voluimus
1550 1538 1613 1560 non
1629 1528 1765 1567 obstare,
1783 1538 1832 1560 ce—
1845 1515 2008 1534 ⁶⁰¹¹tm¹⁰¹⁸⁰m⁴

1090 1582 1228 1625 terisque
1253 1582 1419 1616 contrariis
1443 1581 1705 1625 quibuscumque.

1136 1636 1149 1678 ξ
1166 1636 1195 1668 ὃ.
1214 1635 1365 1668 Volumus
1384 1640 1500 1675 autem,
1517 1634 1602 1678 quod
1619 1636 1832 1678 praesentium
1889 1646 2034 1672 Transumpffl

1850 1674 1918 1695 dunila
1929 1673 1988 1693 (ides.

1092 1690 1305 1732 transumptis,
1322 1689 1415 1722 etiam
1432 1689 1606 1732 impressis,
1625 1699 1718 1721 manu
1736 1690 1833 1722 alicu-

1093 1743 1140 1775 ius
1165 1743 1277 1775 notarii
1303 1742 1419 1786 publici
1444 1742 1648 1786 subscriptis,
1677 1748 1707 1775 et
1730 1742 1834 1784 sigillo

1092 1796 1225 1828 alicuius
1240 1806 1393 1839 personae
1410 1796 1440 1828 in
1458 1795 1608 1838 dignitate
1622 1795 1835 1828 ecelesiastica

1093 1850 1279 1883 constitutae
1305 1849 1442 1889 munitis,
1468 1848 1577 1881 eadem
1603 1859 1735 1892 prorsus
1759 1849 1836 1881 fides

1094 1903 1288 1943 adhibeatur,
1317 1914 1397 1947 quae
1424 1903 1642 1946 praesentibus
1669 1903 1837 1935 adhihere-

1094 1963 1154 1996 tur,
1181 1957 1205 1989 si
1231 1958 1331 1990 forent
1357 1956 1512 1989 exhibitae
1538 1957 1585 1989 vel
1610 1962 1761 1989 ostensae.

1139 2011 1249 2043 Datum
1276 2012 1404 2049 Romae,
1429 2010 1511 2053 apud
1536 2009 1564 2042 S.
1591 2009 1719 2043 Mariam
1748 2010 1839 2042 Maio-

1095 2075 1173 2105 rem,
1191 2065 1248 2097 sub
1272 2065 1387 2097 annulo
1407 2063 1585 2104 piscatoris,
1602 2063 1653 2097 die
1678 2074 1696 2097 x
1714 2063 1838 2097 februa-

1095 2119 1133 2151 rii
1150 2128 1268 2159 mcxx,
1285 2118 1485 2162 pontificatus
1509 2118 1608 2151 nostri
1634 2127 1715 2150 anno
1741 2127 1792 2150 xv.

1133 2191 1189 2218 Dat.
1208 2191 1251 2218 die
1265 2191 1300 2218 15
1315 2190 1444 2218 februarii
1463 2190 1540 2224 1620„
1557 2190 1650 2225 pontif.
1664 2198 1707 2216 an.
1722 2197 1765 2216 xv.

1371 2388 1568 2423 CCCXXVIII.

1102 2494 1310 2536 Confirmatio
1334 2495 1498 2527 electionis
1524 2494 1735 2528 Ferctinandi
1753 2494 1793 2528 II
1806 2496 1842 2528 in

1143 2548 1372 2590 imperatorem
1388 2548 1612 2581 Romanorum
1627 2547 1648 2580 ¹.

1136 2663 1144 2689 1
1165 2662 1203 2690 Ex
1219 2662 1298 2690 Arch.
1314 2663 1341 2689 in
1355 2671 1419 2690 arce
1433 2663 1518 2692 sancti
1533 2663 1627 2699 Angeli
1641 2663 1677 2690 de
1692 2662 1773 2691 Urbe.
1789 2674 1793 2677 ¹
