2293 3231
272 282 319 309 Λη.
338 282 356 305 i:
385 280 452 308 1622
498 270 562 306 690

295 1145 462 1165 viil-titutionem

278 1179 299 1192 in
316 1171 371 1192 [rhu
389 1171 463 1191 uecte-

325 1204 396 1218 nmnes
412 1198 461 1222 luz-i*

280 1232 301 1245 ti:
317 1225 401 1245 [leliet't‘.

467 329 608 362 omnium
631 329 661 360 in
687 338 724 359 eo
745 330 978 363 contentorum,
995 322 1079 366 quod
1099 327 1209 354 contra

469 381 648 415 huiusmodi
663 385 923 419 ti·:uis;u-essoi·es,
940 376 1033 408 etiam
1048 376 1210 418 regulares

469 434 606 468 euiusiis
638 432 757 466 ordinis
781 437 808 463 1-1
836 429 985 469 instituti,
1009 429 1104 462 etiam
1132 439 1210 472 quo-

472 486 640 520 modolibet
666 490 840 529 exemptos,
857 489 887 516 et
903 483 980 516 alias
995 492 1212 526 quascumque

472 539 697 572 νομὴ-5111511005
710 543 738 571 01
756 537 914 570 seculares
933 544 1096 580 personas,
1113 533 1214 567 cuius—

471 604 605 636 ‹umque
630 597 738 632 status,
763 589 962 630 conditionis,
987 588 1114 632 gradus,
1133 587 1215 620 ordi-

472 647 528 685 nis,
542 651 592 678 aut
610 644 781 688 dignitatis,
799 649 861 676 tam
875 642 1105 676 ecclesiasticae
1120 650 1213 685 quam

469 700 632 740 secularis,
647 704 708 731 tam
723 698 860 742 episcopi
878 702 908 731 et
925 696 1055 741 praelati
1073 694 1215 739 superio-

474 766 534 793 res,
555 753 670 797 aliique
687 751 843 785 Ordinarii
866 752 1019 791 locorum,
1035 760 1129 794 quain
1147 749 1217 782 hac-

476 807 588 839 ieticae
605 805 767 850 praritatis
786 805 901 848 ubique
919 805 1059 837 locorum
1077 802 1217 847 deputati

476 861 676 904 inquisitores
709 859 898 904 procedant,
923 864 953 891 et
978 858 1008 890 in
1033 868 1087 891 eos
1110 867 1219 890 severe

475 914 734 953 1111111101110110111,
760 913 901 946 trihuens
921 912 966 945 eis
983 917 1011 945 et
1030 922 1140 945 eorum
1158 911 1220 944 cni-

477 969 549 1000 111101
581 968 710 1000 liberam
744 967 922 1000 facultatem
947 971 977 999 et
1001 965 1219 999 auctoritatem

477 1027 587 1055 eontra
604 1021 731 1055 eosdem
750 1026 1002 1064 transgressores
1017 1019 1221 1064 procedendi,

477 1089 511 1109 :u-
536 1076 645 1120 poenis
669 1075 837 1109 eom-cendi
861 1080 889 1107 et
916 1074 1076 1119 puniendi.

523 1133 537 1173 g
562 1130 589 1163 7.
618 1129 719 1162 Voluit
744 1129 886 1168 1101110111,
912 1138 949 1161 110
975 1127 1222 1172 praemissorum

480 1183 655 1225 ignorantia
684 1194 701 1214 a
729 1192 888 1225 quomam
918 1181 1078 1225 praetendi
1111 1180 1220 1224 possit,

479 1236 563 1280 quod
580 1246 731 1280 praesens
755 1235 929 1275 decretum,
947 1246 1003 1268 seu
1023 1234 1106 1267 illins
1123 1245 1223 1267 exem-

481 1291 542 1334 pla‚
567 1290 605 1322 ad
632 1290 734 1322 valvas
759 1289 905 1321 basilicae
931 1288 1084 1332 Principis
1100 1293 1223 1331 aposto-

482 1345 584 1377 lorum
610 1344 648 1376 de
675 1343 757 1375 l'rhe
777 1348 804 1374 et
833 1343 862 1375 in
887 1342 952 1375 acie
977 1342 1081 1385 campi
1114 1342 1223 1374 Florae

481 1398 582 1438 atlixa,
599 1408 709 1430 omnes
730 1397 770 1429 ila
786 1401 905 1429 arctent
929 1401 957 1428 ‹=t
983 1395 1129 1435 alliciant,
1146 1406 1220 1438 pet·—

483 1452 552 1483 inde
570 1462 604 1483 ae
622 1451 646 1483 si
666 1450 834 1494 uniruique
858 1449 1067 1493 personaliter
1086 1449 1224 1481 intimata

483 1505 627 1541 l'uissent;
652 1504 800 1549 quodque,
828 1503 1040 1547 praesentium
1073 1507 1227 1534 transum-

483 1559 552 1602 ptis,
567 1558 659 1590 etiam
678 1557 849 1601 impressis,
868 1567 962 1589 manu
980 1556 1092 1589 notarii
1109 1555 1225 1599 publii-,i

484 1611 679 1655 subscriptis,
697 1615 725 1644 et
745 1611 849 1653 sigillo
870 1611 1002 1643 alicuius
1022 1620 1175 1653 personae
1197 1609 1226 1641 in

484 1666 635 1707 dignitate
652 1665 860 1698 ecclesia-stimi
881 1664 1066 1698 constitutae
1089 1663 1227 1703 uutnilis,

485 1720 592 1752 eadem
607 1730 737 1763 prorsus
750 1719 829 1752 tides
842 1718 1127 1762 adhilwatur,quae
1142 1728 1229 1761 prae-

485 1773 625 1805 sentibus
650 1773 866 1813 adhiberetur,
886 1772 911 1805 si
933 1772 1049 1806 suerint
1072 1772 1228 1805 exhibitae

486 1828 533 1860 rel
558 1832 711 1860 ostensae.

533 1899 678 1932 1100110115
692 1909 731 1932 nn
749 1899 898 1932 Pit-'rums
915 1899 947 1933 S.
965 1899 1018 1938 R„
1038 1902 1067 1931 et
1086 1898 1226 1931 univers.

708 1953 837 1996 laquis.
863 1952 936 1985 Not.

488 2045 585 2078 Anno
614 2055 633 2076 α
657 2043 839 2076 Nativitate
870 2042 1005 2075 Domini
1028 2043 1133 2075 nostri
1157 2042 1231 2075 Iesu

534 2097 657 2131 Christi
677 2096 855 2134 'millesimo
887 2096 1114 2128 sexcentesimo
1145 2096 1231 2139 visle-

533 2152 614 2183 simo
638 2149 791 2187 secundo,
820 2149 998 2182 indictione
1024 2159 1061 2189 v,
1085 2149 1138 2182 die
1161 2159 1233 2182 ¹vero

532 2203 672 2236 secnmh‘i
686 2202 806 2235 mensis
819 2202 918 2239 ittm'i',
933 2202 1142 2245 pontificatus
1155 2202 1235 2235 Scin-

533 2257 671 2290 ctissimt'
691 2257 727 2288 in
755 2256 883 2289 Christo
914 2255 1028 2288 Patris
1057 2259 1086 2288 et
1108 2255 1234 2288 domiui

535 2310 638 2344 nostri
662 2310 701 2343 Ι).
738 2309 888 2352 Greyorz'z'
920 2308 1033 2341 divinat
1061 2309 1234 2352 providen-

537 2365 583 2397 {at
607 2364 719 2407 Papae
743 2363 772 2396 X
783 2362 806 2395 p
827 2372 913 2395 anno
931 2362 998 2395 cius
1017 2362 1166 2403 secundo,
1186 2373 1236 2395 su-

533 2416 761 2461 supradictum
781 2416 943 2449 decretum
967 2416 1102 2459 affioettm
1121 2420 1149 2449 ct
1175 2427 1236 2460 pu-

538 2471 693 2503 blicatum
711 2470 775 2513 fnit
792 2469 835 2502 ad
847 2469 957 2502 valvas
973 2469 1128 2502 basilicae
1139 2469 1237 2503 Prin-

537 2525 618 2566 cipis
649 2523 868 2567 apostolorum
888 2523 926 2556 de
944 2523 1036 2561 Urbe,
1063 2527 1092 2556 et
1117 2523 1152 2556 in
1169 2524 1237 2556 acie

540 2577 654 2620 Campi
678 2577 806 2617 Florae,
834 2581 870 2610 ut
897 2578 996 2610 moris
1024 2581 1080 2617 est,
1105 2588 1164 2620 per
1188 2587 1238 2610 me

541 2629 805 2662 tii-amlimartem
823 2630 979 2663 Latinum
993 2630 1047 2664 SS.
1062 2630 1100 2663 D.
1119 2630 1157 2663 Ν.
1176 2630 1238 2664 Ρα-

538 2693 599 2726 pac
618 2693 788 2715 cursorem.

1050 273 1229 299 BULLARtuu
1254 272 1408 297 Romnum

1589 320 1648 353 Lx.

1257 401 1383 435 Erectio
1408 399 1678 444 Conyreflationis
1697 399 1736 431 de
1759 397 1982 442 Propaqanda

1575 452 1666 486 Fide.

1462 528 1622 564 Gregorius
1634 527 1713 562 Papa
1723 528 1780 561 XV,

1427 580 1535 602 servus
1566 579 1719 600 servorum
1747 572 1816 604 nei,

1374 629 1409 655 ad
1430 629 1607 662 perpetuam
1627 626 1671 654 rei
1691 624 1872 653 memoriam.

1297 698 1494 734 lnscrutahili
1508 698 1632 731 divinae
1648 697 1864 742 providentiae
1880 707 1996 730 arcano

1251 754 1289 786 ad
1306 752 1421 787 Christi
1439 751 1598 785 Ecclesiae
1618 750 1756 794 regenda
1771 750 1997 793 gubernacula,

1252 807 1347 840 nullis
1381 805 1498 839 nostris
1528 805 1667 844 meritis,
1692 816 1710 837 a
1734 804 1853 848 Spiritu
1884 802 1997 837 Sancto

1254 861 1365 901 vocati,
1393 859 1580 904 praecipuas
1606 858 1706 892 nostri
1738 857 1906 902 pastoralis
1933 867 1999 890 mu-

1254 915 1338 948 neris
1362 918 1468 958 partes
1492 923 1560 946 esse
1585 911 1791 955 intelligimus
1815 910 1925 944 sedulo
1946 911 1996 943 in-

1256 966 1403 1010 vigilandi
1428 971 1459 999 01.
1483 971 1635 1009 quantum
1660 964 1751 998 nobis
1776 974 1813 997 ex
1840 964 1904 998 alto
1925 973 1999 997 con-

1255 1021 1377 1055 ceditur
1402 1019 1528 1053 intentis
1552 1018 1665 1052 studiis
1688 1017 1860 1057 adnitendi,
1879 1021 1911 1052 ut
1927 1028 2001 1051 oves

1256 1073 1478 1107 miserabiliter
1510 1076 1672 1112 errantes,
1703 1071 1742 1104 ad
1773 1070 1888 1105 Christi
1919 1070 2002 1104 ovile

1255 1127 1452 1161 adducantur
1471 1138 1506 1159 ac
1528 1125 1696 1159 Dominum
1710 1124 1818 1168 gregis
1830 1129 2002 1167 agnoscant

1257 1187 1287 1215 et.
1312 1185 1482 1225 pastorem.
1508 1181 1575 1220 Quo
1596 1179 1732 1219 scilicet,
1764 1178 1869 1210 divina
1897 1177 2001 1221 adspi-

1257 1240 1345 1269 rante
1369 1235 1480 1278 gratia,
1498 1234 1641 1268 desinant
1660 1243 1718 1277 per
1735 1231 1870 1265 infelicia
1886 1242 2003 1275 pascua

1258 1289 1450 1322 intidelitatis
1475 1293 1504 1321 et
1528 1288 1697 1321 haeresum
1723 1285 1840 1328 vagari,
1864 1290 1895 1318 et
1921 1286 2003 1328 aquai

1260 1343 1421 1376 mortitera
1448 1342 1645 1386 pestilentiae
1669 1339 1783 1384 potari,
1806 1339 1861 1372 5011
1881 1339 1914 1372 111
1934 1339 2004 1373 1000

1260 1407 1395 1440 pascuae
1420 1406 1511 1428 verae
1528 1395 1601 1428 lidei
1622 1404 1657 1427 ac
1681 1393 1827 1427 salutaris
1843 1392 2005 1426 doetrinae

1259 1452 1465 1491 collocentur,
1478 1453 1508 1483 et
1532 1449 1729 1482 adducantur
1746 1447 1784 1480 ad
1803 1447 1883 1480 vitae
1903 1447 2005 1481 sontes

1260 1514 1425 1548 aquarum.
1459 1503 1496 1537 Et
1530 1513 1603 1536 vero
1634 1501 1706 1546 quis
1740 1511 1803 1534 non
1839 1500 1985 1544 intelligit
1999 1528 2006 1541 ,

1261 1569 1386 1591 omnem
1401 1562 1541 1591 nostram
1557 1555 1803 1590 sollicitudinem
1813 1554 2006 1595 desiderare,

1261 1622 1451 1655 omnemque
1475 1613 1622 1644 conatum
1639 1620 1656 1642 a
1676 1608 1767 1642 nobis
1783 1608 1911 1651 exigere
1928 1619 2008 1652 opus

1261 1665 1460 1698 :ulductionis
1479 1664 1657 1697 animarum
1675 1662 1714 1695 ad
1735 1661 1906 1695 Ecclesiam
1923 1662 2009 1695 Chri—

1263 1720 1325 1753 sti‘?
1342 1719 1466 1763 Quippe
1484 1717 1569 1762 quod
1583 1716 1659 1750 tanti
1676 1716 1785 1749 t'ecerit
1799 1715 1880 1749 Deus
1897 1715 2007 1749 mundi

1263 1774 1407 1814 salutem,
1433 1777 1466 1805 ut
1493 1773 1595 1816 ipsum
1620 1770 1835 1814 Unigenitum·
1848 1780 1939 1803 suum
1957 1770 2009 1803 da-

1264 1832 1332 1866 ret,
1366 1826 1567 1869 Unigenitum
1601 1825 1710 1864 illum,
1735 1823 1788 1867 qui
1822 1834 1894 1857 cum
1928 1828 2010 1857 essct

1264 1880 1414 1924 splendor
1426 1879 1546 1923 gloriae
1559 1884 1589 1911 et
1605 1877 1709 1920 figura
1725 1876 1917 1910 substantiae
1930 1876 2008 1918 eius,

1265 1937 1393 1978 portans
1417 1932 1522 1966 omnia
1547 1931 1643 1964 verbo
1663 1929 1785 1963 virtutis
1801 1940 1887 1971 suae,
1907 1929 2010 1964 exina-

1266 1987 1341 2020 nirit
1358 1985 1577 2029 semetipsum,
1594 1986 1728 2018 sormam
1745 1983 1827 2017 servi
1840 1983 2009 2028 accipiens,

1267 2041 1365 2073 sactus
1379 2039 1529 2073 obediens
1543 2049 1642 2082 usque
1656 2038 1695 2071 ad
1711 2042 1858 2078 mortem,
1872 2042 2008 2071 mortem

1266 2099 1371 2127 autem
1391 2093 1505 2133 crucis;
1528 2098 1561 2125 ut
1580 2093 1638 2126 sua
1658 2091 1755 2124 nimia
1776 2090 1928 2124 charitate
1949 2101 2011 2124 ser-

1268 2159 1332 2189 vos,
1346 2153 1376 2181 et
1400 2147 1500 2180 malos
1524 2157 1643 2187 servos,
1667 2145 1820 2178 Dominus
1839 2144 2011 2179 redimeret

1268 2201 1369 2245 pretio
1393 2195 1561 2244 Sanguinis
1585 2199 1643 2232 sui.
1662 2197 1902 2232 Inaestimabilis
1918 2197 2012 2232 huius

1268 2255 1430 2288 charitatis
1454 2253 1629 2287 imitatores
1654 2263 1722 2286 0550
1746 2252 1889 2297 profecto
1902 2262 2012 2286 01111105

1269 2309 1402 2349 debent,
1433 2308 1487 2352 qui
1519 2306 1692 2340 christiano
1724 2305 1852 2339 nomine
1875 2305 2011 2339 fideliter

1269 2361 1456 2405 gloriiuitur,
1473 2365 1503 2393 et
1520 2359 1662 2393 membra
1678 2359 1793 2393 Christi
1806 2358 1910 2392 effecti
1926 2363 2011 2399 sunt,

1271 2420 1303 2448 nt
1327 2415 1394 2448 eius
1416 2413 1501 2447 verbi
1526 2414 1661 2447 faetores
1679 2413 1750 2454 sint,
1766 2422 1830 2445 non
1851 2411 2012 2445 auditores

1272 2473 1406 2501 tantum:
1431 2477 1504 2500 nam
1524 2470 1554 2501 01
1576 2477 1634 2510 per
1657 2470 1800 2499 sanetum
1823 2465 2012 2509 Apostolum

1271 2534 1364 2556 suum
1388 2526 1514 2555 monet:
1535 2521 1642 2554 Estote
1665 2519 1846 2552 imitatores
1870 2518 1942 2559 Dei,
1968 2519 2012 2552 si-

1271 2581 1323 2610 cut
1341 2576 1407 2619 filii
1427 2574 1624 2615 charissimi,
1649 2577 1678 2606 et
1697 2572 1864 2606 ambulate
1876 2573 1913 2606 in
1932 2572 2012 2606 dile-

1271 2630 1383 2669 ctione,
1406 2628 1489 2661 sicut
1515 2626 1663 2661 Christus
1680 2624 1796 2658 ditexit
1813 2635 1881 2667 nos,
1901 2629 1930 2659 et
1946 2629 2012 2659 tra-

1271 2681 1356 2715 didit
1369 2680 1575 2724 scmetipsum
1587 2688 1648 2724 pro
1664 2678 1766 2713 nobis.
1787 2678 1876 2720 Quod
1892 2678 1919 2713 si
1933 2678 2012 2713 haec

2005 269 2056 296 An.
2072 268 2101 296 C.
2121 267 2190 297 1622

2038 704 2160 726 Exordium.
