2293 3231
278 260 369 307 Aac,
389 277 454 307 ¹62¹

288 1625 414 1650 Constitntto
428 1623 473 1646 Cle·

288 1652 475 1677 nontiovnmrae·

288 1681 390 1702 cedentes
399 1679 473 1700 confir-

288 1713 355 1732 mans,
363 1706 473 1727 nonnullas

289 1735 354 1755 etiam
361 1732 421 1754 addit
429 1738 474 1758 gra·

289 1762 331 1782 tias
345 1765 370 1781 ιο
378 1759 473 1781 deelara-

289 1788 366 1809 titan.

479 324 653 360 decessoris
676 323 797 363 nostri,
822 328 852 357 et
875 322 1127 367 quibuscumque
1151 324 1220 356 aliis

479 379 659 424 apostolicis
682 377 958 411 constitutionibus
978 377 1010 410 in
1027 377 1220 411 contrarium

481 432 581 472 editis,
605 441 668 465 non
692 430 908 472 obstantibus,
933 430 1119 464 auctoritate
1150 441 1223 475 apo-

481 485 590 518 stolica
614 483 784 528 praedicta,
801 489 910 517 tenore
935 483 1160 528 praesentium,
1181 484 1224 516 in-

480 538 655 581 dulgemus.
682 537 831 570 Volumus
855 542 970 577 autem,
988 537 1072 582 quod
1091 540 1224 581 propter

480 590 613 624 uniones
626 590 817 630 huiusmodi,
835 591 861 624 si
881 590 1027 624 effectum
1041 590 1223 630 sortiantur,

480 644 623 688 ipsorum
648 643 888 677 canonicatuum
914 648 942 678 et
971 643 1223 688 praebendarum

481 701 631 730 consueta
670 706 766 731 onera
809 707 951 740 congrue
988 701 1222 741 supportentur.

481 751 647 784 Praeterea
678 761 715 784 ex
747 761 831 784 nunc
864 751 990 784 irritum
1025 750 1225 784 decernimus

482 809 512 838 et
536 804 637 846 inane,
655 804 680 837 si
705 814 796 838 secus
821 815 917 848 super
942 804 990 837 liis
1014 814 1031 837 a
1054 814 1224 848 quoquam,

481 859 591 903 quavis
607 858 804 899 auctoritate,
820 858 956 892 scienter
969 858 1016 891 vel
1033 858 1225 901 ignoranter,

482 912 651 956 contigerit
680 912 835 945 attentari.
872 912 955 945 Nulli
987 922 1064 955 ergo
1097 911 1226 946 omnino

482 966 648 1000 hominum
685 966 776 999 liceat
805 966 887 999 hanc
919 965 1068 1010 paginam
1100 970 1226 999 nostrae

483 1019 730 1064 approbationis,
748 1019 990 1060 constitutionis,
1007 1019 1226 1063 suppletionis,

483 1073 618 1114 unionis,
642 1073 845 1114 annexionis,
872 1073 1153 1117 incorporationis,
1179 1083 1228 1107 vo-

484 1127 622 1168 luntatis,
647 1127 757 1160 indulti
782 1131 811 1161 et
835 1126 953 1160 decreti
978 1126 1161 1169 infringere,
1180 1126 1227 1159 vel

484 1180 512 1213 ei
525 1190 603 1213 ausu
620 1179 789 1213 temerario
803 1179 969 1213 contraire.
987 1179 1018 1212 Si
1035 1178 1106 1222 quis
1122 1185 1226 1212 autem

484 1234 546 1268 hoc
569 1237 721 1268 attentare
744 1233 1012 1277 praesumpserit,
1039 1232 1223 1276 indignatio·

485 1297 557 1321 nem
583 1287 808 1332 omnipotentis
829 1287 883 1321 Dei
904 1298 940 1320 ac
961 1287 1127 1320 beatorum
1145 1286 1227 1320 Petri

486 1347 517 1374 et
541 1341 627 1375 Pauli
651 1342 868 1386 apostolorum
895 1341 962 1374 cius
987 1351 1021 1374 se
1045 1340 1167 1374 noverit
1186 1340 1230 1372 in-

487 1405 665 1428 cursurum.
680 1395 790 1428 Datum
805 1395 932 1435 Romae,
950 1394 1033 1438 apud
1046 1394 1075 1427 S.
1092 1395 1229 1433 Petrum,

1059 259 1240 300 Βυιιιιιιωιι
1263 256 1419 299 nomimis

1253 322 1355 356 dictus
1371 321 1503 355 lacobus
1519 320 1785 366 archiepiscopus,
1801 320 1878 356 dum
1895 321 1927 355 in
1938 320 1995 356 hu-

1255 375 1355 409 manis
1379 379 1499 419 ageret‚
1526 383 1591 408 non
1614 374 1716 408 solum
1740 374 1780 408 ad
1803 375 1995 419 reipublicae

1255 438 1291 462 ac
1315 428 1490 462 incolarum
1508 433 1666 460 terrarum
1689 426 1748 460 sibi
1772 427 1995 470 subiectarum,

1257 482 1310 515 sed
1333 482 1428 515 etiam
1453 481 1492 514 ad
1511 480 1644 514 aliarum
1666 479 1775 513 mundi
1799 480 1938 524 partium
1965 491 1997 514 u-

1257 535 1399 569 tilitatem
1425 539 1455 568 et
1485 534 1730 579 prosperitatem
1761 533 1941 574 intendens,
1965 533 1998 567 in

1257 589 1324 621 cius
1341 587 1465 622 civitate
1485 587 1673 627 Trevirensi,
1687 592 1848 631 tamquam
1872 586 1904 619 in
1927 586 1998 621 loco

1259 642 1422 685 insigniori
1447 645 1477 676 et
1494 641 1594 685 magis
1607 641 1646 674 ad
1663 641 1723 674 hoc
1739 640 1944 675 accommodo
1968 645 1998 674 et

1258 695 1390 737 idoneo,
1415 695 1446 728 in
1470 706 1534 740 quo
1558 695 1640 728 aeris
1664 695 1789 738 vigebat
1811 694 1998 739 temperies,

1259 749 1440 783 victualium
1465 749 1602 791 ubertas,
1623 753 1863 793 ceterarumque
1890 758 2000 782 rerum

1259 803 1296 836 ad
1327 813 1418 837 usum
1451 803 1625 836 humanum
1655 801 1880 846 pertinentium
1910 800 2002 846 copia

1260 856 1429 901 reperitur,
1455 856 1653 890 desiderabat
1676 855 1853 900 plurimum
1876 854 1946 888 fieri
1970 859 2002 888 et

1259 910 1399 944 ordinari
1417 921 1474 955 per
1499 910 1611 944 Sedem
1635 908 1847 953 Apostolicam
1864 907 2001 942 studium

1260 965 1407 1008 generale
1439 965 1471 997 in
1502 963 1642 1008 qualibet
1670 963 1755 997 licita
1778 962 1945 1004 facultate,
1969 967 2004 996 ut

1261 1017 1377 1051 ibidem
1401 1017 1480 1051 fides
1504 1016 1658 1051 catholica
1681 1016 1876 1057 dilataretur,
1901 1014 2005 1049 erudi·

1262 1076 1371 1106 rentur
1395 1071 1564 1115 simplices,
1589 1070 1729 1115 aequitas
1753 1075 1932 1104 servaretur
1955 1068 2004 1102 iu-

1261 1126 1345 1166 dicii,
1360 1126 1478 1169 rigeret
1495 1125 1585 1165 ratio,
1602 1125 1856 1158 illuminarentur
1873 1128 2004 1164 mentes,

1262 1180 1438 1213 intellectus
1462 1179 1629 1213 hominum
1654 1179 1904 1217 illustrarentur;
1921 1177 2005 1210 idem

1262 1234 1408 1267 Nicolaus
1421 1232 1657 1277 praedecessor,
1667 1231 1854 1276 praemissa⁴
1864 1236 1895 1265 et
1911 1230 2006 1264 etiam

1263 1287 1394 1320 eximiae
1412 1286 1602 1320 sinceritatis
1617 1285 1827 1325 devotionem,
1848 1295 1942 1329 quam
1961 1283 2007 1317 di-

1263 1346 1331 1374 ctus
1348 1340 1480 1374 lacobus
1497 1339 1753 1383 archiepiscopus
1771 1339 1809 1371 ad
1833 1339 2007 1372 Romanam

1263 1394 1393 1437 gerebat
1410 1393 1592 1433 Ecclesiam,
1609 1397 1725 1425 attente
1741 1391 1954 1432 considerans,
1970 1401 2008 1424 ac

487 1459 569 1482 anno
598 1449 824 1482 incarnationis
852 1447 1033 1482 Dominicae
1054 1457 1356 1486 MCDLXXIV,.SUtlm
1385 1446 1541 1479 laudabile
1576 1445 1776 1490 propositum
1808 1445 1838 1477 in
1874 1443 2007 1479 Domino

486 1502 623 1547 septimo
640 1502 787 1536 kalendas
812 1502 899 1543 iunii,
915 1502 1115 1546 pontificatus
1131 1501 1230 1535 nostri

488 1566 570 1590 anno
595 1566 639 1590 111.

532 1610 548 1653 ς
571 1609 600 1643 5.
627 1609 772 1644 Clemens
795 1609 970 1653 episcopus,
994 1619 1103 1642 servus
1127 1618 1230 1641 servo-

487 1673 564 1696 rum
580 1663 651 1703 Dei,
671 1662 714 1696 ad
738 1667 926 1706 perpetuam
951 1663 999 1695 rei
1024 1663 1226 1695 memoriam.

487 1716 641 1756 Quoniam
669 1726 725 1760 per
755 1717 932 1750 litterarum
961 1715 1064 1749 studia
1090 1716 1233 1749 christist-

489 1769 574 1803 deles
589 1769 681 1803 bonis
701 1769 854 1810 moribus,
871 1769 1103 1812 virtutibusque
1122 1779 1234 1802 ornan-

489 1827 557 1864 tur,
579 1829 609 1856 et
629 1823 660 1856 in
686 1823 746 1855 illis
766 1822 897 1856 studiosi
920 1821 1078 1856 caelicuo¹
1095 1822 1232 1866 quodam

489 1887 563 1911 rore
578 1876 716 1920 respersi
733 1876 905 1920 sapientiae
930 1881 961 1909 et
980 1876 1158 1909 intellectus
1174 1876 1234 1919 spi-

489 1930 585 1964 ritum
617 1930 701 1963 nacti
729 1940 793 1963 non
824 1930 927 1963 solum
960 1930 1055 1963 rebus
1086 1929 1233 1972 gerendis

488 1983 607 2016 bonum
625 1984 743 2016 exitum
755 1988 877 2027 parant,
895 1993 989 2027 saepo
1002 1983 1095 2016 etiam
1113 1983 1233 2016 cunctis

489 2047 581 2080 opem
595 2042 755 2080 praestant
771 2036 893 2069 consilii
910 2036 1053 2077 sanioris,
1065 2040 1092 2069 et
1110 2046 1167 2080 per
1180 2046 1233 2069 eos

489 2090 568 2123 fides
580 2090 734 2124 catholica
748 2090 927 2129 roboratur,
942 2089 1073 2133 dignum
1087 2089 1233 2123 duximus

489 2143 549 2184 his,
567 2143 691 2187 quaein
706 2144 844 2177 savorem
862 2143 1039 2177 studiorum
1053 2144 1232 2178 huiusmodi

491 2207 509 2230 a
532 2196 682 2231 Romanis
707 2197 912 2231 Pontificibus
936 2197 1234 2241 praedecessoribus

491 2251 608 2284 nostris
632 2255 873 2295 processerunt,
898 2256 931 2284 ut
963 2251 1055 2284 firma
1078 2255 1233 2295 perpetuo

492 2308 523 2338 et
539 2304 668 2345 illibata,
689 2314 724 2337 ac
741 2305 926 2338 inconcussa
942 2304 1120 2348 persistant,
1137 2304 1234 2337 robur

492 2362 619 2391 nostrae
636 2357 832 2402 probationis
850 2357 997 2398 adiicere,
1014 2368 1049 2391 ac
1067 2357 1160 2390 etiam
1178 2357 1235 2390 eis-

494 2411 565 2445 dem
579 2411 690 2445 studiis
707 2411 884 2445 insistentes
901 2412 1010 2455 gratiis
1033 2411 1235 2445 uberioribus

494 2465 654 2499 decorare.
680 2465 804 2498 Dudum
829 2465 984 2509 siquidem
1008 2465 1107 2498 felicis
1131 2475 1236 2498 recor-

495 2517 629 2552 dationis
659 2519 787 2553 Nicolao
817 2518 920 2563 Papae
949 2518 971 2550 V
1000 2517 1236 2562 praedecessori

494 2577 604 2606 nostro
627 2582 685 2616 pro
710 2577 799 2616 parte
823 2573 923 2605 bonae
947 2572 1119 2606 memoriae
1134 2570 1236 2604 Iacobi

1265 1501 1437 1545 plurimum
1469 1499 1716 1539 commendans,
1741 1498 1872 1532 ferventi
1904 1497 2008 1531 studio

1265 1554 1388 1596 ductus,
1405 1553 1490 1597 quod
1507 1552 1615 1586 civitas
1639 1553 1707 1596 ipsa
1723 1551 1926 1585 scientiarum
1943 1561 2009 1585 mu-

1265 1608 1386 1641 niretur
1403 1606 1588 1647 honoribus,
1606 1606 1649 1639 ita
1665 1611 1698 1639 ut
1717 1606 1802 1640 viros
1817 1605 2008 1650 produceret

1266 1662 1388 1696 consilii
1419 1661 1598 1694 maturitate
1638 1659 1848 1704 conspicuos,
1876 1659 2009 1704 praefati

1266 1715 1369 1749 lacobi
1394 1713 1625 1758 archiepiscopi
1655 1713 1686 1746 in
1715 1715 1753 1747 ea
1777 1717 1867 1758 parte
1889 1712 2009 1758 suppli·

1267 1769 1444 1803 cationibus
1458 1767 1635 1808 inclinatus,
1648 1766 1687 1800 ad
1707 1766 1831 1800 laudem
1845 1766 1941 1800 divini
1957 1776 2010 1800 no·

1267 1822 1371 1863 minis,
1395 1827 1425 1855 ct
1449 1821 1590 1855 eiusdem
1623 1820 1696 1853 fidei
1727 1819 2008 1864 propagationem,

1267 1876 1451 1911 auctoritate
1475 1875 1663 1920 apostolica,
1689 1875 1719 1907 in
1750 1873 1861 1907 eadem
1885 1872 2010 1907 civitate

1267 1931 1405 1964 stmlium
1430 1929 1579 1974 generale
1602 1928 1712 1969 orexin
1729 1938 1765 1961 ac
1789 1928 1897 1961 statuit
1913 1932 1944 1961 et
1959 1937 2010 1961 or-

1267 1984 1394 2023 dinavit,
1411 1983 1494 2027 quod
1511 1983 1588 2016 illud
1613 1982 1690 2015 inibi
1709 1981 1871 2026 perpetuis
1890 1981 2011 2025 vigeret

1268 2037 1474 2082 temporibus,
1499 2042 1562 2069 tam
1587 2036 1619 2069 in
1644 2035 1802 2078 theologia
1818 2045 1855 2068 ac
1878 2034 1947 2067 iure
1963 2043 2011 2068 ca-

1267 2091 1381 2125 nonico
1399 2096 1429 2123 et
1449 2091 1544 2131 civili,
1561 2100 1655 2133 quam
1672 2089 1703 2122 in
1720 2089 1832 2133 quavis
1848 2088 1907 2122 alia
1924 2087 2010 2121 licita

1268 2145 1428 2184 lacnltate;
1453 2143 1601 2187 quodque
1629 2142 1769 2185 legentes
1796 2146 1827 2175 et
1850 2140 2010 2174 studentes

1269 2198 1384 2231 ibidem
1416 2198 1564 2231 omnibus
1596 2202 1625 2230 et
1656 2195 1790 2239 singulis
1819 2194 2011 2240 privilegiis,

1269 2251 1476 2291 libertatibus,
1499 2250 1685 2292 honoribus,
1706 2248 1957 2293 exemptionibus
1980 2252 2012 2282 et

1269 2305 1528 2345 immunitatibus,
1545 2304 1638 2337 etiam
1657 2313 1715 2348 per
1735 2302 1816 2335 viam
1833 2307 1864 2335 et
1879 2300 2009 2336 modum

1268 2364 1492 2403 perpetuarum
1518 2356 1836 2396 conservatoriarum,
1861 2355 1919 2388 sub
1941 2354 2012 2399 qui-

1269 2413 1375 2446 busvis
1400 2412 1502 2446 modis
1526 2417 1555 2444 et
1575 2411 1685 2444 formis
1709 2404 1877 2443 concessis*
1894 2408 2011 2452 inagis-

1270 2464 1346 2504 tris,
1371 2462 1556 2497 doctoribus
1580 2466 1611 2494 et
1639 2460 1837 2494 studentibus
1869 2469 2012 2493 commo-

1270 2517 1411 2551 rantibus
1428 2522 1459 2550 et
1477 2514 1687 2550 residentibus
1703 2514 1733 2547 in
1751 2513 1854 2547 studio
1870 2513 2012 2556 generali

1269 2570 1462 2611 Coloniensi,
1479 2569 1652 2613 gauderent
1668 2572 1699 2600 ct
1721 2571 1899 2606 uterentur-3
1917 2565 2014 2611 quod·

497 2625 725 2670 archiepiscopi
748 2625 944 2659 Trevirensis
968 2625 1129 2670 exposito,
1154 2624 1238 2669 quod
1271 2636 1332 2670 que
1356 2624 1412 2665 illi,
1435 2623 1489 2668 qui
1512 2632 1664 2668 processu
1688 2620 1842 2665 temporis
1866 2619 2012 2654 bravium

534 2688 547 2715 1
562 2686 613 2716 Vel
625 2688 730 2717 caelico
746 2688 788 2717 vel
801 2688 931 2723 coelifluo
944 2689 1090 2725 tegendum
1104 2688 1146 2723 (n.
1159 2688 1213 2722 ''r->-

1309 2689 1322 2716 t
1336 2683 1483 2716 Matecdit.
1498 2684 1583 2714 Mein.
1599 2684 1665 2722 legit
1674 2684 1847 2721 praemissis
1861 2683 1899 2721 (ιι.
1915 2682 1964 2718 L).

2014 269 2066 300 Aa.
2076 257 2107 301 c.
2124 256 2194 303 w'n
