2293 3231
831 274 925 298 mni-:x
953 272 1080 296 nt'nutm
1086 271 1147 295 ntuli

226 327 347 362 CCXCI.
361 328 562 362 Confirmatio
580 328 750 361 erectionis
763 326 963 360 accadcmiac

316 385 346 416 et
379 381 563 424 collegiatae
593 381 752 415 Ecclesiae
784 382 814 413 in
849 379 965 423 oppido

316 435 354 468 de
379 435 648 478 Novazamoyskto
668 433 866 468 Clielmensis
883 433 966 466 dioe-

315 490 407 525 cesis,
434 488 509 521 389.

1646 261 1709 292 8639

1104 324 1162 357 bus
1185 324 1396 356 univcrsitatis
1413 323 1507 356 studii
1530 322 1688 366 generali<
1706 332 1756 365 op-

1106 377 1170 420 pidi
1195 378 1398 410 Lovaniensis
1421 377 1656 410 Mecblinicnsis
1674 376 1757 408 dioc-

1106 432 1196 471 cesis,
1215 434 1244 464 ut
1268 430 1438 464 observent
1458 430 1585 463 decreta
1611 438 1628 462 a
1652 430 1756 462 xisita-

1107 483 1228 517 toribus
1246 483 1428 527 apostolicis
1446 483 1539 518 edila.
1561 482 1632 516 412.

228 538 507 576 CCXCll.Iubilaei
522 540 651 574 indictio
665 540 703 574 ad
719 539 860 573 divinam
875 547 966 582 opem
1019 535 1112 570 CCCI.
1147 536 1311 570 Innovatio
1347 542 1377 569 ct
1405 536 1576 570 declaratio
1609 535 1759 568 constitu-

317 604 373 638 pro
396 593 559 627 Ecclesiae
586 592 831 627 necessitatibus
849 590 968 635 implo—

318 647 459 689 randam,
482 647 556 680 392.

229 699 384 735 CCXClll.
409 700 618 744 Praeceptum
644 698 792 733 omnibus
821 697 969 731 ecclesia-

319 754 407 787 sticis
423 756 486 786 tam
502 752 711 793 secularibus,
729 761 823 796 quam
848 750 971 793 regula—

318 805 406 840 ribus
423 807 559 840 civitatis
574 812 605 838 et
619 805 756 839 Dominii
774 803 969 847 reipublicae

319 859 533 900 Venetiarum.
548 869 588 892 ne
609 858 778 904 quamdam
797 856 970 894 collectam,

322 922 379 946 seu
415 911 573 956 gabellam
615 913 691 955 ipsis
725 910 846 955 absque
881 909 973 943 Sedis

320 966 519 1009 Apostolicae
543 965 672 999 licentia
693 965 881 1008 impositam,
903 973 973 1007 per-

322 1019 459 1057 solvant,
486 1019 559 1052 39¹0.

234 1070 384 1105 chctv.
410 1072 559 1105 Prohibet
588 1072 757 1116 quominus
787 1071 818 1103 in
851 1067 974 1103 actibus

321 1124 456 1168 publicis
479 1124 697 1157 Beatissimam
721 1123 851 1156 Mariam
875 1121 975 1164 Virgi-

323 1186 395 1210 nem
415 1178 446 1209 in
472 1179 601 1219 peccato
618 1175 763 1218 originali
788 1176 884 1208 t'uisse
901 1183 975 1207 con-

324 1233 449 1273 ceptam
465 1232 634 1271 asseratur,
653 1229 726 1262 396.

233 1281 367 1316 CCXCV.
390 1281 544 1317 Extensio
561 1283 792 1326 cuiuscumque
808 1282 928 1323 gratiae
945 1284 975 1314 ct

322 1336 485 1381 privilegii
504 1335 663 1371 Ordinum
678 1335 929 1370 Mendicantium
946 1338 976 1368 etv

322 1400 383 1424 non
409 1390 660 1424 Mendicantium
685 1389 724 1423 ad
749 1389 976 1432 congregatio-

326 1453 399 1476 nem
438 1443 667 1477 monachorum
707 1442 974 1485 Sylvestrinorum

327 1508 397 1531 cum
423 1497 583 1542 aliquibus
606 1496 875 1537 restrictionibus7
902 1496 975 1529 398.

237 1549 390 1584 CCXCVI.
415 1551 541 1585 Erectio
566 1554 596 1585 et
613 1551 774 1584 concessio
796 1549 976 1583 monasterii

327 1615 382 1649 pro
407 1605 655 1648 congregatione
671 1603 897 1637 monachorum
913 1602 978 1644 Syl-

330 1660 539 1692 vestrinorum
565 1657 695 1691 Ordinis
713 1656 742 1689 S.
759 1655 925 1689 Benedicti
948 1655 977 1687 iu

328 1712 455 1744 civitate
466 1710 655 1751 Auximana.
665 1720 735 1744 cum
750 1708 977 1753 approbatione

328 1766 503 1799 sanctitatis
522 1768 553 1798 et
565 1764 787 1797 miraculorum
802 1764 902 1797 sancti
916 1761 979 1805 Syl-

329 1820 426 1852 vestri
464 1818 587 1852 abbatis
623 1817 798 1851 fundatoris
832 1815 975 1850 ciusdem

329 1873 601 1915 congregationis7
621 1871 692 1904 400.

240 1924 407 1959 CCXCVII.
432 1925 569 1959 Irritatio
590 1923 814 1958 nonnullorum
841 1925 981 1956 actorum

328 1989 346 2013 a
369 1978 528 2013 iudicibus
553 1978 642 2012 laicis
663 1978 754 2021 regni
771 1975 981 2019 Por-tugalliae

329 2035 550 2066 attentatorum
591 2035 698 2065 eontra
735 2030 983 2063 eeclesiasticam

332 2088 574 2128 immunitatem,
602 2086 675 2119 405.

242 2139 424 2174 CCXCVIII.
453 2139 656 2174 Confirmatio
682 2137 870 2171 concordiae
902 2138 984 2170 inter

332 2194 435 2228 sorum
459 2191 733 2236 archiepiscopale
758 2195 789 2225 et
813 2191 914 2223 forum
940 2199 986 2221 sc-

331 2246 437 2280 culare
454 2245 624 2280 Mediolani
648 2254 745 2288 super
770 2244 984 2277 controversia

333 2306 444 2333 exorta
472 2300 639 2333 occasione
666 2296 905 2331 consuetudinis
929 2299 986 2328 tra-

333 2352 431 2387 hendi
467 2352 563 2386 laicos
596 2351 635 2386 ad
660 2351 762 2385 forum
786 2348 982 2387 ecclesiasti-

333 2416 416 2447 cum,
444 2406 517 2438 407.

245 2458 394 2494 ccxclx.
413 2458 506 2499 Quod
532 2457 646 2491 fratres
671 2456 867 2500 Cappuccini
891 2453 986 2489 Ordi-

335 2514 384 2546 nis
399 2512 556 2545 Minorum
573 2511 602 2544 S.
622 2510 783 2544 Francisci
799 2510 831 2543 in
850 2506 986 2552 publicis

337 2564 596 2609 processionibus
622 2562 740 2607 ubique
757 2561 897 2596 locorum
913 2570 986 2594 cru-

337 2627 406 2652 cem
423 2619 583 2663 propriam
601 2616 724 2651 deseri-c
744 2616 873 2659 possint7
890 2614 962 2648 411.

249 2670 330 2705 CCC.
355 2671 534 2708 Mandatum
558 2671 673 2707 rectori
694 2672 725 2703 et
748 2668 817 2704 aliis¹
841 2666 985 2703 officiati-

1107 591 1226 623 tionum
1259 590 1338 623 Sixti
1368 589 1393 622 V
1419 594 1450 623 et
1483 589 1656 622 Clementis
1688 587 1756 620 Vlll

1108 643 1146 676 de
1172 653 1234 676 non
1248 642 1423 677 alienandis
1441 642 1531 676 bonis
1550 644 1579 675 in
1597 642 1684 675 Statu
1703 641 1759 674 Ec-

1110 695 1285 730 clesiastico
1311 695 1520 730 existentibus
1544 697 1574 729 in
1602 696 1757 730 forenses.

1110 758 1146 782 ac
1170 751 1281 783 castris
1306 753 1335 782 ct
1359 749 1429 782 aliis
1447 747 1759 783 iurisdictionalibus.

1111 807 1172 836 tam
1194 804 1224 836 in
1250 802 1399 837 forenses.
1425 812 1518 847 quam
1545 804 1575 834 in
1601 801 1757 835 subditos.

1111 855 1232 900 absque
1244 855 1446 899 praecedenti
1457 856 1548 888 Sedis
1559 854 1759 898 Apostolicae

1112 908 1239 942 licentia
1260 911 1290 942 in
1312 910 1438 952 scriptis
1456 908 1639 949 obtinenda,
1660 908 1732 941 413.

1024 961 1133 995 CCCII.
1158 962 1282 996 Iudices
1307 962 1449 996 nonnulli
1480 963 1569 1005 regni
1595 961 1759 1004 Por-tugal-

1112 1015 1190 1051 liae.
1215 1015 1403 1055 dummodo,
1430 1024 1511 1060 quae
1538 1018 1688 1058 egerunt.
1715 1025 1761 1047 rc-

1114 1074 1237 1109 voccnt,
1269 1068 1477 1102 absolvuntur
1510 1067 1548 1102 ab
1581 1077 1761 1100 excommu-

1114 1123 1292 1160 nicatione,
1320 1123 1349 1154 in
1383 1131 1477 1164 quain
1510 1120 1688 1154 inciderant
1722 1119 1761 1153 ob

1114 1174 1262 1208 violatam
1294 1174 1541 1208 ecclesiasticam
1572 1174 1762 1208 iurisdictio-

1115 1237 1196 1269 nem⁷
1224 1228 1295 1260 [itti.

1027 1279 1151 1313 CCCllI.
1177 1280 1377 1314 Confirmatio
1401 1284 1585 1314 statutorum
1619 1289 1675 1313 seu
1706 1288 1759 1312 ca-

1115 1333 1285 1377 pitulorum
1305 1333 1574 1367 Confratcrnitatis
1592 1343 1763 1377 coquorum

1116 1391 1144 1420 et
1158 1389 1418 1431 pasticceriorum
1430 1386 1487 1420 sub
1500 1388 1695 1420 invocatione
1709 1387 1766 1419 An—

1116 1441 1328 1473 nunciationis
1352 1440 1386 1472 B.
1420 1440 1536 1472 Mariae
1567 1439 1703 1482 Yirginis
1736 1440 1764 1471 in

1118 1492 1253 1526 ecclesia
1285 1493 1331 1526 Ss.
1364 1492 1522 1526 Vincentii
1548 1498 1575 1526 ct
1610 1493 1764 1526 Anastasii

1117 1545 1156 1579 de
1181 1545 1274 1587 Urbe,
1302 1546 1374 1578 416.

1029 1599 1154 1634 CCCtv.
1179 1599 1301 1633 Nuncio
1340 1600 1520 1642 Apostolico
1556 1601 1586 1633 iu
1626 1598 1766 1642 partibus

1120 1654 1278 1687 inferioris
1295 1653 1482 1686 Germaniae
1505 1654 1708 1686 voluntillilul·
1726 1654 1767 1684 vi>

1120 1707 1223 1740 sitatio
1240 1708 1376 1739 civitatis
1402 1710 1432 1739 ct
1449 1706 1603 1738 diocccsis
1621 1704 1765 1738 Bamber-

1120 1761 1238 1803 gensis
1266 1760 1338 1792 417.

1033 1813 1140 1847 CCCV.
1173 1813 1374 1846 Confirmatio
1405 1812 1593 1846 concordiae
1625 1815 1653 1846 et
1687 1816 1767 1845 tran-

1122 1867 1272 1900 sactionis
1304 1868 1385 1899 inter
1410 1866 1529 1899 elerum
1552 1870 1579 1898 ct
1599 1866 1767 1899 conimuni-

1123 1924 1217 1953 tatem
1242 1929 1278 1953 ac
1303 1919 1447 1952 homines
1479 1920 1615 1952 civitatis
1650 1918 1769 1962 Neapo-

1122 1973 1236 2006 litanae
1254 1973 1350 2006 initae
1367 1982 1463 2016 super
1488 1971 1694 2017 quorumdam
1722 1982 1769 2003 ve

1123 2026 1286 2069 ctIgalium
1304 2027 1515 2070 impositione.
1545 2026 1614 2059 419.

1036 2079 1158 2114 CCCVI.
1176 2079 1356 2113 Mandatum
1370 2082 1486 2113 nuncio
1500 2078 1671 2122 apostolico
1686 2079 1768 2122 apud

1124 2132 1302 2166 Sabaudiae
1328 2132 1461 2173 ducem,
1488 2136 1520 2166 ut
1543 2132 1670 2175 deputet
1704 2133 1770 2175 epi-

1123 2196 1254 2229 scopum
1268 2185 1512 2220 Gcbenncnscm
1527 2187 1556 2217 in
1577 2186 1771 2218 visitatorem

1124 2239 1306 2283 generalem
1331 2239 1537 2272 ecclesiarum
1563 2243 1591 2272 et
1617 2243 1771 2272 monaste-

1124 2295 1243 2327 riorum
1268 2297 1297 2326 ct
1322 2292 1453 2326 aliorum
1484 2292 1622 2325 locorum
1648 2294 1769 2335 piorum

1124 2348 1156 2379 in
1175 2350 1237 2380 toto
1258 2345 1375 2379 ducatu
1392 2344 1589 2379 sabaudiae.
1609 2345 1681 2378 422.

1037 2398 1175 2434 CCCYII.
1219 2399 1448 2433 Ecclcsiasticis
1490 2400 1580 2441 regui
1620 2397 1772 2432 Castellac

1125 2453 1311 2493 mandatur.
1335 2452 1491 2497 quaedam
1524 2451 1773 2486 extraordinaria

1125 2506 1267 2541 subsidia
1299 2507 1365 2549 regi
1397 2505 1519 2539 solvant
1548 2506 1626 2538 intra
1656 2515 1772 2538 sexcu-

1126 2560 1210 2592 nimn
1229 2568 1284 2602 pro
1300 2558 1460 2599 religionis
1474 2558 1646 2591 catholicae
1667 2558 1774 2590 ‹loscu-

1126 2614 1230 2646 siono.
1258 2612 1328 2645 423.

1039 2665 1191 2701 CGCN'lll,
1214 2665 1370 2702 ludultum
1390 2665 1538 2702 tratribus
1556 2666 1685 2704 Ordinis
1703 2663 1775 2701 Ere-
