2293 3231
151 280 198 306 An⁴
220 280 239 304 Γ.
286 281 333 306 ott

180 605 283 632 Dictoque
299 605 336 625 liu-

151 632 223 658 spirata
255 632 337 658 plateo-

153 659 208 682 lam.
250 658 336 684 aliaque

152 685 199 706 loca
215 685 288 706 donat.

195 2457 290 2483 Vectigal
317 2456 345 2477 ad

158 2485 201 2506 hoc
211 2490 224 2505 a
239 2485 345 2504 mercato-

160 2510 220 2532 ribus
262 2510 344 2531 solven-

160 2537 210 2559 dum
224 2536 329 2563 designat.

992 278 1110 302 mrLt's

349 326 536 360 officialibus
562 326 739 370 praedictis,
758 325 946 370 plateolam⁴
979 327 1088 358 liuius-

351 379 446 419 modi,
471 390 505 411 ae
531 379 624 412 situm
641 390 657 411 e
674 379 802 420 regione
827 379 899 411 dicti
927 378 1088 421 hospitalis

351 433 379 464 S.
396 431 496 465 larolii
511 443 545 463 ac
560 432 700 475 riparum
718 432 855 464 tluminis
868 432 998 475 'l'ylwris
1012 431 1090 463 exis-

352 489 488 523 tentem,
515 496 613 529 usque
638 486 675 517 ad
703 486 780 518 riam
808 486 988 529 publicam,
1017 496 1088 516 rum

351 539 496 571 omnibus
521 539 584 571 suis
609 539 737 570 anm-xis
753 544 778 570 et
807 538 1001 581 pertinentiis
1026 538 1091 569 uni-

352 591 461 631 versis,
475 592 513 623 ad
527 593 727 624 commodum
743 597 846 623 tamen
859 597 884 623 et
902 591 1089 623 bentdicium

354 644 450 688 ipsius
480 645 643 687 hospitalis
669 645 934 680 memlicantium.
961 644 991 675 in
1016 643 1091 675 sul)—

353 697 529 730 ventionem
555 708 760 741 expensarmu
787 708 842 741 per
858 709 911 729 eos
928 697 957 729 in
975 697 1090 729 fabrica

352 756 380 782 et
396 751 587 794 perfectione
612 760 709 782 norae
736 751 876 793 llipettae
902 748 1092 787 huiusmodi,

352 813 415 836 non
431 809 533 836 autem
548 803 616 835 aliis
631 803 748 842 usibus,
767 803 988 840 lac-iemlarum,
1003 802 1092 834 titulo

352 868 451 900 purae
477 857 593 889 liberae
610 863 636 889 et
658 856 874 888 irrevocabilis
898 855 1092 893 donationis,

353 920 432 953 quae
446 910 561 943 dicitur
578 910 646 942 fieri
665 910 744 942 inter
762 909 857 948 rivos,
877 914 984 941 tenore
1001 919 1092 952 prae-

353 963 496 1003 sentium,
515 968 668 1006 perpetuo
688 962 853 1000 donanms,
880 961 1092 1000 eoncedin‘ms,

353 1015 549 1058 assignamus
566 1022 596 1048 et
612 1015 822 1058 applicamus3
838 1015 1002 1058 ipsumque
1021 1015 1092 1047 lios-

353 1068 448 1110 pitale
473 1068 729 1107 mendicantium,
754 1078 789 1100 ac
814 1079 870 1111 pro
895 1078 932 1100 eo
949 1067 1094 1099 adminis-

353 1125 487 1155 tratores
523 1125 551 1154 et
583 1121 732 1154 officiales
765 1121 964 1165 praedictos,
989 1120 1092 1164 quoad

353 1174 520 1217 plateolam
548 1180 575 1206 et
602 1175 694 1206 situm
721 1175 910 1213 huiusmodi,
938 1175 966 1206 in
993 1175 1040 1207 ius
1065 1180 1091 1207 et

354 1227 456 1260 locum
483 1238 625 1259 camerae
650 1232 774 1259 nostrae
787 1228 978 1270 apostolieae
1003 1227 1093 1270 poni-

353 1291 432 1319 nmS,
459 1280 678 1313 substituimus
695 1285 724 1312 et
741 1281 964 1323 subrogamus:
981 1292 1015 1313 ac
1035 1282 1094 1313 illis

354 1334 506 1377 plateolan=
531 1340 560 1365 et
587 1334 663 1366 situs
689 1334 879 1374 lmiusi‘nodi,
901 1345 1021 1367 necnon
1039 1346 1092 1366 an-

353 1397 506 1419 nexorum
531 1392 561 1418 et
590 1386 847 1430 pertinentiarum
886 1388 1092 1427 eorumdem,

354 1441 563 1483 corporalem,
578 1440 694 1472 realem
713 1445 739 1472 ct
758 1441 910 1472 actualem
926 1441 1095 1483 posscssio-

354 1502 436 1532 nem,
454 1492 561 1535 vigore
586 1493 809 1536 praesentium,
827 1504 937 1525 corum
962 1499 990 1525 et
1020 1493 1092 1526 dieti

355 1546 517 1589 hospitalis
547 1545 791 1578 mendicantium
823 1547 948 1579 nomine
981 1557 1094 1590 appre-

355 1598 510 1631 hendendi
537 1605 567 1631 et
584 1599 747 1637 retinendi,
764 1599 877 1642 illaque
891 1599 929 1632 ad
947 1600 1096 1643 praemis-

355 1661 462 1683 sorum
487 1651 648 1684 dumtaxat
677 1652 821 1685 effectum
854 1653 959 1686 utendi
985 1653 1094 1685 iisdem

357 1706 450 1739 modo
469 1711 497 1738 et
514 1707 616 1739 forma
633 1706 749 1750 quihus
778 1707 843 1750 ipsa
864 1718 987 1739 camera
1008 1718 1096 1750 apos-

357 1759 448 1793 tolICa
469 1759 513 1792 uti
530 1765 650 1803 posset;
670 1769 789 1792 necnon
803 1760 912 1792 iulium
928 1772 1023 1793 unum
1038 1772 1095 1804 pro

356 1823 546 1857 unoquoque
572 1814 642 1846 loco
674 1824 709 1846 ae
734 1824 793 1856 pro
818 1813 867 1845 die
891 1819 919 1846 et
945 1820 1036 1847 noete
1066 1814 1095 1846 in

360 1872 459 1900 totum
485 1878 502 1899 a
526 1867 754 1900 mercatoribus
778 1867 958 1910 praedietis,
983 1868 1097 1911 quibus

356 1920 426 1953 loca
443 1921 474 1952 in
491 1922 571 1953 nova
594 1920 716 1963 Ripetta
740 1920 931 1960 huiusmodi,
950 1921 1033 1955 iuxta
1050 1932 1099 1954 or-

358 1973 532 2006 dinationes
555 1973 692 2017 desuper
709 1984 765 2016 per
782 1974 907 2006 eosdem
925 1974 1098 2007 cardinales

358 2036 452 2069 super
477 2026 533 2058 viis
557 2026 721 2069 deputatos
746 2027 909 2066 faciendas,
927 2027 1099 2070 alligabun-

360 2084 420 2119 tur,
437 2079 582 2122 exigendi
608 2085 637 2112 et
661 2079 786 2121 exigere
810 2079 954 2116 faciendi,
974 2080 1097 2123 plenam

359 2137 389 2166 et
402 2133 539 2176 amplam
557 2132 734 2165 facultatem
753 2132 967 2175 impertimur;
985 2133 1099 2176 ipsum-

359 2196 419 2229 que
436 2185 546 2218 iulium
561 2184 662 2217 eidem
677 2185 823 2228 hospitali
843 2185 1098 2226 mendicantium,

359 2249 395 2271 ac
412 2239 449 2271 ad
467 2239 550 2271 illius
566 2238 766 2278 beneficium,
781 2238 819 2271 ad
843 2238 988 2272 effectum
1013 2250 1100 2282 prae-

359 2292 488 2331 dictum,
513 2297 611 2331 motu,
633 2291 777 2331 scientia,
800 2297 829 2324 et
856 2292 1015 2335 potestatis
1038 2293 1101 2335 ple-

358 2345 500 2378 nitudine
514 2345 679 2385 similibus,
694 2350 847 2389 perpetuo
861 2350 888 2377 et
903 2345 1099 2387 assignamus

360 2398 572 2432 concedimus.

403 2452 418 2495 ξ
441 2451 471 2484 3.
490 2451 635 2484 Volentes
650 2456 678 2483 et
692 2450 894 2483 decernentes
909 2455 1100 2483 mercatores

358 2504 536 2548 praedictos
545 2504 583 2536 ad
597 2503 813 2537 omnimodam
829 2503 920 2535 imius
934 2503 999 2535 iulii
1014 2514 1101 2546 prae-

359 2557 432 2591 dicti
457 2557 645 2591 solutionem
671 2556 769 2589 teneri
795 2562 822 2588 et
849 2556 1004 2598 obligatos
1024 2555 1100 2588 exis-

360 2616 435 2651 tere,
452 2620 488 2644 ac
505 2610 616 2643 iisdem
640 2609 735 2643 modo
752 2615 781 2642 et
800 2610 910 2648 forma,
928 2609 1045 2652 quibus
1062 2608 1099 2641 ad

399 2674 408 2700 1
426 2672 497 2700 Edit.
514 2671 592 2700 Main.
609 2672 674 2708 legit
685 2673 828 2708 plateolas
843 2672 937 2707 (a.'r.).

1183 216 1218 245 O

1131 278 1149 300 r
1171 278 1217 301 er.
1762 266 1825 299 2:30

1123 326 1270 357 dimidiae
1297 325 1393 368 partis
1418 325 1510 356 unius
1529 324 1593 356 iulii
1612 324 1791 356 huiusmodi
1813 338 1863 356 so-

1125 379 1274 410 lutionem
1293 378 1361 419 rogi
1388 383 1415 409 et
1443 377 1588 420 compelli
1615 382 1755 420 possunt,
1781 376 1865 408 simi—

1125 432 1195 463 liter
1220 431 1288 471 cogi
1315 438 1341 463 vt
1369 431 1512 473 compelli
1549 442 1639 473 possi·
1671 437 1697 462 et
1728 430 1862 467 deliere;

1127 484 1166 515 ita
1193 489 1304 523 tamen,
1325 490 1354 515 ut
1378 485 1435 527 ipsi
1453 490 1479 516 ct
1499 484 1549 516 alii
1569 484 1762 526 iufgotiantes
1780 494 1865 525 prae-

1125 536 1197 569 dicti
1225 538 1304 568 ultra
1330 537 1394 568 iulii
1421 537 1568 579 praedicti
1595 548 1628 568 ac
1646 537 1787 578 gabellae
1810 546 1865 579 per

1125 588 1244 621 dictum
1266 590 1385 621 Sixtum
1405 589 1692 632 pr:tedet-esseron1‚
1710 595 1742 621 ut
1760 600 1864 632 supra,

1128 641 1301 684 impositae,
1318 642 1354 673 ad
1377 643 1505 674 alterius
1531 643 1574 674 rei
1600 642 1865 675 contributionem

1127 705 1187 727 non
1215 701 1389 735 teneantur,
1410 706 1466 727 nec
1485 708 1542 739 pro
1560 697 1618 728 alia
1645 708 1678 727 re
1695 696 1866 739 quomodo-

1128 748 1200 779 libet
1220 749 1338 787 grai-:ui
1357 749 1426 789 sint,
1444 760 1523 792 «pios
1539 760 1648 781 omnes
1665 749 1703 781 ab
1720 749 1866 781 omnibus

1128 806 1157 832 et,
1181 801 1312 841 singulis
1338 802 1406 834 aliis
1431 802 1638 835 solutionibus
1660 808 1685 834 ct
1708 803 1867 836 contribu-

1129 855 1275 891 tionibus,
1294 867 1373 899 quae
1398 867 1453 898 per
1478 868 1530 887 eos
1554 868 1754 900 quocumque
1773 856 1866 889 modo

1128 913 1157 940 ct
1175 909 1286 951 quovis
1304 914 1464 951 praetextu
1480 910 1524 941 rel
1540 913 1632 942 eausa
1647 910 1766 941 ratione
1781 921 1867 953 prae—

1129 961 1296 994 missormn
1331 963 1399 994 lieri
1422 963 1568 1000 solen-nt,
1595 969 1737 1006 respectu
1767 964 1868 995 cuius-

1129 1025 1263 1057 cumque
1280 1026 1442 1058 personae,
1460 1016 1552 1047 etiam
1570 1017 1785 1055 ecclesiarum,
1803 1027 1867 1049 mo-

1129 1068 1350 1106 nasteriorum,
1376 1069 1577 1111 hospitalium
1595 1075 1623 1101 et
1641 1069 1781 1102 locorum
1803 1070 1867 1112 pio-

1129 1132 1210 1159 rum,
1228 1122 1392 1154 orcasione
1410 1122 1602 1165 al'qulsionis
1620 1128 1647 1153 et
1673 1123 1868 1155 exoneratio-

1129 1174 1176 1206 nis
1203 1174 1359 1217 lignorum
1387 1176 1433 1206 rel
1458 1176 1533 1206 alias
1559 1176 1683 1208 illorum
1710 1178 1811 1213 rausa,
1837 1176 1866 1207 in

1129 1227 1231 1269 platea
1258 1233 1285 1259 et
1312 1230 1384 1259 area
1411 1228 1506 1270 Ripae
1533 1228 1656 1264 veteris,
1674 1229 1867 1260 absolvimus

1128 1284 1155 1311 et
1184 1280 1318 1312 totaliter
1344 1280 1523 1312 liberamus.

1172 1333 1186 1373 ζξ
1210 1332 1239 1364 4.
1266 1334 1391 1365 Necnon
1417 1333 1722 1366 administratorilms
1750 1339 1775 1365 vt
1803 1334 1869 1366 ossi-

1128 1385 1259 1417 eialibus
1285 1386 1461 1429 praedictis,
1484 1392 1511 1418 ut
1540 1398 1649 1419 omnes
1675 1391 1703 1420 vt
1729 1388 1867 1430 singulas

1128 1438 1239 1471 domos
1256 1445 1282 1471 et
1306 1440 1383 1479 loca,
1401 1451 1480 1482 quae
1497 1440 1534 1471 ad
1552 1441 1697 1473 effectum
1715 1441 1868 1483 praemis-

1129 1502 1197 1523 sum
1216 1492 1308 1524 iidem
1335 1492 1510 1525 cardinales
1535 1504 1630 1536 snper
1655 1493 1712 1525 viis
1728 1493 1866 1536 deputati

1129 1554 1210 1577 nune
1235 1549 1264 1578 et
1285 1556 1342 1588 pro
1361 1552 1501 1589 tempore
1521 1547 1696 1579 necessaria
1714 1547 1869 1579 iudicave-

1130 1598 1201 1637 rint,
1227 1604 1288 1630 tam
1314 1599 1352 1631 ad
1378 1600 1496 1632 laevam
1523 1610 1617 1643 quam
1642 1600 1681 1631 ad
1706 1600 1868 1633 dexteram

1129 1651 1270 1684 eiusdem
1297 1652 1416 1695 plateae
1441 1653 1642 1686 consistentia
1666 1653 1801 1690 (etiamsi
1819 1653 1871 1686 do-

1131 1715 1210 1741 mus,
1231 1705 1306 1737 situs
1331 1711 1357 1737 et
1384 1707 1451 1738 loca
1475 1706 1634 1749 praedicta
1652 1707 1709 1738 sub
1730 1707 1871 1750 proprie-

1131 1764 1191 1790 tate
1208 1765 1235 1790 et
1254 1758 1374 1791 directo
1395 1759 1534 1792 dominio
1554 1760 1758 1792 ecclesiarum
1776 1760 1869 1793 etiam

1132 1811 1300 1853 insignium
1314 1818 1343 1844 et
1361 1813 1629 1856 patriarchalium,
1647 1824 1702 1845 sen
1719 1817 1871 1847 monaste-

1131 1864 1261 1904 riorum,
1287 1865 1504 1908 eollegiorum‚
1533 1866 1704 1903 abbatum,
1732 1866 1870 1909 hospita-

1132 1917 1219 1956 lium,
1245 1919 1549 1958 confraternitatum,
1566 1925 1592 1950 et
1623 1919 1757 1951 aliorum
1785 1920 1870 1951 loco-

1132 1982 1202 2003 rum
1228 1971 1523 2008 eeclesiastieorum,
1552 1972 1647 2003 etiam
1671 1973 1871 2015 quantumvis

1132 2025 1413 2067 privilegiatormn,
1430 2036 1464 2057 ae
1482 2025 1574 2057 etiam
1599 2025 1708 2057 talium
1726 2036 1806 2068 quae
1823 2036 1872 2057 ex-

1132 2088 1272 2121 pressam
1309 2078 1506 2121 requirerent
1530 2078 1745 2118 mentionem,
1769 2078 1871 2111 consi-

1133 2137 1224 2167 stant,
1242 2143 1296 2164 seu
1321 2132 1359 2163 ad
1376 2132 1535 2171 eeclesias,
1552 2132 1740 2165 monasteria
1758 2137 1787 2163 et
1802 2132 1871 2163 loca

1133 2185 1290 2228 praedicta
1309 2185 1406 2217 libere
1427 2190 1578 2228 spectent,
1595 2184 1659 2217 sive
1677 2185 1769 2217 etiam
1787 2185 1873 2216 fidei-

1133 2238 1321 2277 commissis,
1337 2237 1570 2273 donationibus,
1588 2237 1743 2270 alienandi
1766 2237 1873 2280 prohi-

1133 2291 1304 2324 bitionibus
1317 2292 1467 2328 subiecta,
1478 2302 1533 2323 seu
1547 2291 1622 2324 alias
1635 2290 1873 2333 quomodolibet

1133 2344 1243 2377 affecta
1256 2350 1284 2376 et
1303 2344 1439 2377 obnoxia
1456 2344 1618 2386 existant),
1635 2354 1706 2375 eum
1724 2343 1872 2375 omnibus

1133 2397 1279 2437 decretis,
1297 2398 1435 2437 indultis,
1460 2397 1728 2440 derogationibus,
1750 2396 1873 2440 privile-

1133 2450 1203 2492 giis,
1221 2462 1254 2483 ac
1271 2451 1418 2483 clausulis
1435 2451 1466 2482 in
1484 2450 1705 2491 constitutione
1727 2450 1871 2492 Gregorii

1134 2503 1385 2547 praedecessoris
1409 2503 1599 2542 huiusmodi,
1616 2503 1705 2535 euius
1730 2508 1871 2535 tenorem

1134 2556 1351 2599 praesentibus
1362 2566 1420 2599 pro
1434 2566 1582 2599 expresso
1595 2555 1705 2588 haberi
1719 2556 1872 2595 volumus,

1134 2610 1288 2642 contentis
1312 2615 1341 2641 et
1365 2609 1530 2652 expressis,
1556 2609 1648 2641 etiam
1673 2609 1791 2652 absque
1809 2608 1869 2640 alim

1135 2662 1224 2695 cuius
1248 2662 1441 2704 augumenti,
1458 2662 1542 2695 iuxta
1566 2662 1700 2694 sormam
1720 2662 1873 2695 Constitu-

1874 276 1910 301 An
1943 275 1960 299 Γ,
1996 277 2060 301 1614

1910 1343 1982 1364 Eidem
1995 1344 2068 1370 hospi-

1883 1370 1918 1390 tat·
1931 1370 2003 1391 domos
2012 1375 2069 1392 utra-

1884 1402 1924 1422 que
1955 1403 1979 1417 ex
2006 1401 2067 1423 parte

1884 1424 1963 1448 positas
2006 1425 2067 1444 ven-ti

1884 1449 1969 1470 mandat.
1984 1450 2068 1476 absque

1883 1477 1995 1501 priiitegio
2017 1478 2068 1497 iuris

1884 1509 1980 1528 congrui.
