2293 3231
0 0 13 90 ππ-

91 298 144 325 Αιι.
161 296 189 324 c.
212 293 278 323 1622
895 293 1071 318 GREGORIUS
1097 295 1139 319 xv
1163 295 1210 319 ri».
1705 283 1768 319 667
1815 294 1863 322 An.
1880 294 1906 322 c.
1928 294 1995 322 1622

386 350 556 375 exeuntum
581 350 674 375 τεῇσι
699 351 926 375 SCHEDULARUM
1045 350 1047 395 Ι
1106 341 1229 374 Tertius
1243 346 1328 374 actus
1351 342 1564 376 antescrutinii
1578 347 1625 375 est
1638 342 1801 375 schedula-

460 404 616 428 scnurmn
633 405 671 428 ET
690 405 850 429 accessus.
1045 397 1047 431 ἕ
1064 405 1134 427 rum
1149 394 1289 426 scrutinii
1305 393 1443 437 scriptio,
1457 403 1536 436 quae
1554 394 1605 425 siet
1623 395 1682 427 hoc
1696 394 1799 428 modo.

1063 448 1108 480 Ad
1133 448 1208 480 duas
1240 447 1286 479 vel
1312 448 1417 490 plures
1441 456 1552 489 parvas
1577 455 1698 478 mensas
1722 456 1802 489 quae

1064 505 1154 534 erunt
1178 511 1249 533 cum
1274 504 1447 533 atramento
1472 504 1502 532 ct
1525 499 1651 531 calamis
1676 502 1802 542 paratae

1066 554 1095 585 in
1121 554 1189 586 loco
1222 553 1379 596 cappellae
1402 559 1491 596 apto,
1519 557 1551 585 ut
1582 552 1633 596 qui
1660 552 1803 585 scribunt

1065 607 1201 650 conspici
1226 607 1356 650 possint,
1374 606 1448 649 quid
1472 616 1546 639 vcro
1563 606 1711 638 scribitur
1739 615 1802 639 non

1064 661 1171 703 possit,
1191 660 1339 694 accedent
1363 659 1537 692 cardinales
1560 670 1616 703 per
1641 659 1801 700 ordinem,

1064 714 1241 757 incipiendo
1270 724 1287 746 a
1316 713 1450 753 decano,
1472 718 1502 745 et
1530 713 1572 746 ibi
1605 712 1747 745 sedentes
1772 712 1802 744 in

1064 767 1206 799 scabellis
1219 767 1346 810 paratis,
1360 766 1540 799 schedulam
1553 766 1684 809 quisque
1704 775 1802 806 suam,

1065 825 1222 863 acceptam
1238 820 1326 864 prius
1336 831 1371 853 ex
1387 819 1483 860 disco,
1493 818 1608 852 scribet
1624 819 1684 852 hoc
1698 818 1801 852 modo:

1065 873 1167 916 primo
1186 874 1216 905 in
1230 873 1331 916 prima
1345 878 1433 917 parte
1447 873 1475 905 in
1494 873 1595 916 spatio
1612 871 1693 905 inter
1706 872 1802 904 verba

1067 927 1153 970 (qu
1180 926 1296 968 Card.)
1324 926 1439 960 scribet
1470 926 1635 970 proprium
1669 935 1802 964 nomen;

1065 980 1177 1012 deinde
1211 980 1242 1012 in
1274 980 1411 1013 secunda
1442 985 1531 1023 parte
1569 989 1684 1013 nomen
1720 978 1804 1011 illius

1065 1043 1158 1076 quem
1184 1033 1286 1076 eligit,
1304 1034 1486 1066 charactere
1511 1038 1626 1072 tamen,
1650 1037 1802 1076 quantum

546 653 619 679 emt
600 653 627 669 ’Ψ
622 652 780 679 'ZWW‘PM

558 698 725 736 {Nomen

541 750 566 784 ci·
568 760 611 786 2231.ss
620 759 753 786 zea-‘53:232
755 744 779 780 ’ῡ

541 1093 779 1146 QffsaeWRffle
1048 1086 1133 1118 =fieri
1157 1090 1268 1129 potest,
1292 1087 1433 1126 alterato,
1451 1091 1485 1119 ut
1506 1096 1616 1119 manus
1639 1085 1804 1118 scribentis

540 1120 567 1199 Ξ
603 1142 714 1185 Siqua.
753 1119 780 1171 ᾗ
1065 1139 1211 1181 cognosci
1236 1149 1299 1172 non
1323 1139 1485 1183 possi13et
1505 1143 1620 1179 caveat,
1637 1148 1675 1171 ne
1696 1138 1804 1182 plures

542 1199 699 1226 offlam
703 1175 780 1225 &35³9
1065 1191 1095 1223 in
1120 1192 1269 1225 schedula
1287 1193 1414 1232 scribat,
1431 1192 1504 1235 quia
1520 1191 1706 1234 suffragium
1720 1191 1805 1223 iuxta

1065 1245 1292 1288 Gregorianam
1305 1246 1564 1280 Constitutionem
1579 1250 1659 1278 esset
1672 1245 1803 1277 nullum.

1065 1298 1099 1330 In
1124 1299 1216 1331 tertia
1239 1310 1314 1332 vero
1331 1304 1420 1343 parte
1440 1299 1538 1341 signa,
1559 1299 1620 1331 hoc
1636 1303 1682 1331 est
1698 1307 1806 1330 nume-

1065 1363 1136 1385 rum
1161 1352 1307 1396 aliquem,
1325 1358 1355 1385 et
1378 1352 1496 1385 dictum
1521 1351 1647 1395 aliquod
1668 1350 1806 1394 Scriptu-

1065 1415 1127 1445 rae,
1153 1416 1208 1438 seu
1229 1406 1372 1446 verbum,
1393 1411 1446 1439 aut
1470 1405 1587 1449 aliquid
1612 1403 1804 1444 huiusmodi,

104 1475 149 1507 ‘ne
171 1477 276 1505 scrutato-
336 1466 497 1500 Secundus
522 1470 607 1501 actus
627 1465 844 1499 antescrutinji
864 1470 908 1499 est
934 1469 1032 1499 extra-
1065 1461 1099 1491 ut
1122 1458 1153 1490 in
1177 1459 1331 1503 exemplo,
1348 1469 1406 1502 pro
1432 1458 1563 1491 faciliori
1588 1457 1804 1501 intelligentia,

93 1503 195 1551 ssflffiss‘
220 1502 277 1523 innr-
292 1521 353 1554 ctio
374 1526 585 1554 scrutatorum
611 1525 641 1553 et
665 1519 885 1563 deputatorum
903 1529 960 1562 pro
977 1528 1031 1550 νο-
1065 1511 1164 1544 oculis
1184 1511 1325 1545 subiecto
1342 1512 1448 1545 Videre
1466 1516 1522 1544 est.

293 1574 331 1607 tis
356 1574 570 1612 infirmorum,
587 1584 666 1616 quae
684 1572 846 1612 extractio,
863 1577 1029 1614 antequam

291 1628 328 1661 ad
349 1628 534 1661 scrutinium
560 1626 758 1670 procedatur,
783 1631 866 1658 sorte
891 1625 1031 1658 facienda
1082 1628 1253 1652 EXEMPLUM
1271 1629 1441 1653 SCHEDULAE
1460 1628 1617 1652 SCRUT1N11
1637 1628 1786 1652 SCRIPTAE.

292 1687 347 1722 est,
373 1682 432 1714 hoc
457 1681 560 1714 modo.
580 1681 613 1712 ln
637 1690 700 1712 uno
725 1679 859 1718 sacculo,
876 1684 929 1710 aut
950 1688 1029 1718 vase,

290 1734 417 1779 publice
441 1739 598 1778 ponantur
622 1738 667 1766 tot
692 1732 875 1772 schedulae,
909 1732 972 1772 vel,
1004 1731 1029 1764 si

291 1789 392 1831 magis
408 1789 519 1832 placet,
535 1787 700 1831 spherulae
719 1786 839 1828 ligneae
858 1786 960 1829 palam
977 1795 1031 1817 nu·
1237 1776 1303 1819 E9⁰
1320 1776 1510 1820 Bonifacius
1529 1775 1624 1811 θανά.

291 1847 439 1882 meletae,
460 1846 537 1885 quot
554 1845 625 1874 sunt
649 1839 823 1873 cardinales
848 1843 1030 1882 praesentes
1347 1833 1516 1867 Caelanus.

291 1895 323 1928 in
338 1895 487 1934 conclavi,
500 1905 571 1928 cum
586 1904 695 1927 eorum
713 1893 903 1932 nominibus3
917 1892 1030 1925 deiude

292 1959 350 1992 per
362 1948 510 1981 ultimum
523 1947 689 1981 diaconum
707 1947 910 1980 extrahantur
928 1946 1030 1990 primo

293 2005 483 2035 scrutatores
511 2006 595 2041 tres,
620 2005 650 2034 et
673 2004 782 2044 postea
805 2004 868 2032 tres
892 1998 1030 2042 deputati
1090 1985 1170 2037 ff&
1699 1983 1778 2041 §.Q

293 2064 351 2098 pro
364 2054 443 2086 votis
459 2054 669 2094 infirmorum,
683 2052 736 2096 qui
753 2052 913 2085 brevitatis
930 2052 1030 2094 gratia
1098 2039 1170 2065 (ὢ)
1700 2037 1779 2063 ⁸<stss

294 2107 460 2140 infirmarii
484 2106 634 2150 appellari
662 2110 809 2150 possunt,
833 2105 870 2137 de
895 2115 1031 2148 quorum

295 2160 436 2194 omnium
460 2160 563 2193 officio
588 2160 717 2192 inferius
741 2169 797 2192 suo
821 2159 891 2196 loco
916 2158 1032 2191 scribe·
1158 2169 1253 2213 Eliyo
1270 2170 1308 2202 in
1323 2169 1496 2203 Summum
1513 2167 1704 2211 Pontificem

295 2219 355 2246 tur.
380 2213 468 2252 Quod
493 2212 518 2245 si
538 2212 569 2244 in
593 2212 784 2245 extractione
819 2216 1031 2244 scrutatorum
1122 2223 1195 2256 Rev·
1212 2223 1250 2256 D·
1267 2233 1376 2255 meum
1394 2221 1528 2256 Cardia
1548 2219 1743 2253 Barom'um„

295 2272 326 2300 et
345 2265 602 2306 infirmariorum,
615 2276 652 2297 ac
669 2265 761 2297 etiam
786 2264 1031 2306 recognitorum,

295 2320 334 2353 de
347 2320 461 2363 quibus
474 2329 531 2352 suo
544 2319 614 2352 loco
626 2318 757 2358 dicetur,
775 2317 904 2351 extracti
918 2317 1033 2350 suerint

295 2373 487 2413 cardinales,
512 2373 566 2416 qui
590 2371 630 2405 ob
655 2371 886 2411 infirmitatem,
909 2370 1033 2403 aliudve
1090 2359 1171 2412 βξ(
1698 2352 1780 2415 ᾗδὲ(

294 2427 556 2472 impedimentum
581 2425 764 2458 muneribus
792 2423 960 2468 praedictis
984 2434 1033 2456 sa·
1094 2413 1170 2439 &⁵²
1700 2408 1778 2434 w

294 2481 438 2514 tissacere
462 2490 525 2513 non
549 2479 679 2524 possint,
707 2478 759 2511 alii
786 2487 848 2510 non
879 2477 1032 2520 impediti,

295 2534 366 2568 loco
383 2534 509 2568 illorum
524 2533 734 2567 extrahantur.
750 2532 880 2564 Peracta
893 2540 967 2563 vero
984 2541 1034 2563 ex-

296 2587 457 2628 tractione,
472 2586 639 2620 schedulae
657 2595 712 2618 seu
729 2584 895 2628 spherulae
911 2594 1032 2623 eorum,
1234 2574 1286 2608 18.
1305 2575 1420 2610 Gloria
1435 2576 1472 2610 in
1488 2575 1630 2609 ezcelsz's.

297 2640 351 2684 qui
374 2640 502 2674 extracti
524 2640 661 2680 suerunt,
678 2639 709 2671 in
732 2637 902 2678 sacculum,
923 2647 977 2670 seu
1001 2636 1033 2668 in

299 2703 353 2727 vas
367 2694 481 2728 iterum
499 2693 714 2728 conficiantur.
