2293 3231
288 281 340 307 An.
357 281 386 308 C.
403 280 467 307 162¹
517 270 582 304 6114
1087 276 1264 300 arturum!
1283 275 1438 299 nomxm«

532 330 546 369 ,ξ
571 328 598 360 7.
627 327 658 359 Et
686 325 888 358 nihilominus
912 329 1016 356 rector
1040 329 1067 355 et
1093 324 1234 356 univ-012.
1253 323 1345 363 gotiis
1371 323 1590 365 opiscoporum
1615 327 1645 355 et
1666 322 1859 365 regularium
1883 322 1987 368 buius-

486 382 559 413 sitas
583 386 610 412 ot
637 379 833 422 proxinrinlis
859 377 1006 420 pun—alieti
1034 381 1216 409 vert—autur.
1232 377 1235 414 t
1253 376 1335 408 modi
1361 376 1610 419 praepositorum
1635 376 1781 416 consilio,
1806 380 1891 410 motu
1915 387 1986 421 pro-

485 445 522 466 no
547 434 648 464 «tenuo
672 434 710 463 at·
741 432 849 461 muts-m
883 430 1138 472 archiepiscopo,
1163 439 1216 459 seu
1252 429 1329 471 prio,
1356 438 1416 460 non
1442 428 1479 460 ad
1504 428 1671 471 praepositi
1700 429 1746 460 vel
1768 429 1900 461 rectoris
1929 439 1984 462 scu

484 486 589 527 aliquo
613 496 648 516 ex
673 483 907 515 s11‹·‹-··>s0··ihus
932 482 1006 517 suis,
1031 488 1080 513 aut
1106 492 1215 514 corum
1252 480 1462 513 universitatis
1496 485 1549 513 aut
1577 480 1777 524 provincialis
1813 481 1985 524 praedicto-

484 538 557 570 mini
579 537 632 569 tris
658 537 702 568 vel
728 536 913 568 attin-{alitius
930 545 987 578 pro
1005 540 1146 577 tempore
1164 534 1217 566 de-
1252 544 1320 565 runi
1346 539 1397 565 aut
1422 533 1552 566 alicuius
1576 543 1685 566 eorum
1707 533 1753 566 vel
1773 534 1902 566 alterius
1927 544 1984 577 pro

483 587 1215 633 supr—rearitloseiiiolestenturzoaqueclecausa
1251 586 1296 617 eis
1328 586 1418 617 nobis
1449 585 1570 618 oblatae
1600 586 1759 629 petitionis
1792 586 1984 626 instantiam,

2002 274 2053 302 Αιι.
2068 274 2098 303 C.
2118 273 2183 304 ¹621

327 344 413 362 Puteal?
431 345 470 361 ila-

287 373 462 396 qur-iinnrrsituh

287 402 340 422 Ιμ-ι.

368 875 373 883 .

288 892 344 916 Papa
363 896 472 916 quascum-

289 923 329 943 que
354 920 469 937 iontrutcr

288 950 332 965 mn
347 946 453 969 extinguit,

484 643 595 675 iteruin
621 641 657 672 ad
688 640 860 673 cardinales
891 640 1066 682 praedictos
1098 639 1161 670 sive
1186 649 1215 670 e·

483 695 556 726 tiam
575 704 630 725 nos
648 698 675 725 et
698 693 853 725 llonianos
874 692 1037 724 Pontilices
1062 701 1218 724 successo-

484 757 534 779 res
557 752 680 779 nostros
699 756 755 788 pro
773 750 915 787 tempore
933 745 1098 776 existentes
1116 754 1218 776 recur-

485 809 552 830 sum
580 799 696 830 babere
720 801 888 840 cogantur:

529 852 543 894 ἓ
567 851 596 884 ὅ,
622 852 693 889 Nos,
718 850 765 882 liis
782 856 810 882 et
828 849 896 881 aliis
920 849 1022 891 dignis
1039 849 1140 882 causis
1156 848 1217 881 ani-

486 916 570 937 mum
596 910 736 937 nostrum
762 903 978 935 inducentibus
1002 901 1148 944 impulsi,
1173 912 1218 934 rc-

485 958 563 991 ctori
587 963 617 990 et
641 956 831 989 universitati
861 966 895 988 ac
925 955 1107 998 provinciali
1132 965 1235 997 prae-l

485 1012 595 1050 dictis,
627 1020 800 1052 eorumque
834 1008 926 1042 statui
959 1014 989 1041 et
1024 1007 1216 1040 indemnitati

486 1068 661 1108 opportune
677 1063 852 1100 consulere,
865 1072 900 1094 ac
917 1071 1026 1094 eorum
1044 1060 1218 1102 singulares

484 1127 633 1161 personas
657 1116 695 1148 ab
720 1114 897 1148 huiusmodi
923 1114 1069 1146 indebitis
1087 1113 1234 1148 vexatio-¹

484 1170 576 1202 nibus
600 1169 722 1213 penitus
747 1168 893 1207 eximere,
917 1178 953 1199 ac
977 1167 1166 1210 specialibus
1180 1166 1218 1198 sa-

485 1223 612 1255 voribus
643 1227 671 1254 et
701 1221 808 1262 gratiis
840 1220 986 1264 prosequi
1013 1220 1168 1258 volentes,
1189 1224 1218 1251 et

485 1285 594 1308 eorum
624 1275 798 1316 singulares
827 1283 976 1316 personas
1010 1283 1027 1305 a
1057 1272 1218 1315 quibusvis

485 1327 826 1366 excommunicationis,
845 1325 1059 1369 suspensionis
1079 1330 1108 1357 ct
1129 1325 1219 1357 inter-

485 1381 569 1420 dicti,
583 1381 712 1423 aliisque
733 1379 950 1412 ecclesiasticis
967 1378 1135 1417 sententiis,
1152 1388 1220 1410 cen-

485 1435 567 1467 suris
580 1440 610 1466 et
627 1434 746 1477 poenis,
766 1444 783 1465 a
800 1433 865 1465 iure
880 1433 926 1464 vel
943 1432 980 1464 ab
998 1432 1135 1470 bomine,
1148 1442 1219 1474 qua-

486 1488 531 1519 vis
554 1487 716 1520 occasione
745 1486 790 1518 vel
822 1488 914 1518 causa
947 1485 1033 1524 latis,
1057 1485 1081 1517 si
1106 1485 1220 1527 quibus

486 1540 719 1584 quomodolibet
736 1539 899 1571 innodatae
916 1538 1068 1576 existunt,
1088 1537 1126 1569 ad
1150 1537 1220 1569 else-

487 1599 551 1625 tuin
586 1593 797 1636 praesentium
833 1592 994 1624 dumtaxat
1021 1600 1218 1633 consequen-

486 1646 559 1677 ‹lum
574 1672 581 1685 ‚
606 1645 717 1678 harum
742 1645 822 1677 serie
847 1645 1043 1677 absolventes
1067 1649 1096 1676 et
1123 1643 1216 1676 abso-

487 1699 565 1731 lutas
586 1699 651 1732 sore
675 1704 851 1737 censentes3
869 1708 925 1730 nec
942 1707 1004 1730 non
1025 1697 1218 1739 singularum

488 1752 530 1784 Pii
554 1756 583 1785 et
599 1752 672 1785 Sixti
693 1752 967 1794 praedecessorum
989 1761 1025 1783 ac
1048 1750 1219 1793 patentium

489 1805 611 1837 llunrici
626 1805 791 1837 cardinalis
805 1804 1034 1847 praedictorum
1047 1804 1219 1835 litterarum

488 1863 517 1891 et
542 1869 597 1902 per
619 1858 744 1891 eosdem
765 1858 794 1891 S.
814 1858 846 1890 n.
867 1858 897 1890 Ε.
916 1857 1099 1896 cardinales,
1120 1856 1220 1888 causis

488 1911 525 1943 ad
558 1911 722 1954 episcopos
749 1916 779 1943 ct
812 1911 973 1952 regulares
1009 1909 1221 1953 spectantibus

488 1965 692 2007 praepositos,
716 1964 870 1996 editorum
904 1964 1101 1996 decretorum
1132 1972 1221 2005 prae-

1232 899 1235 914 t

1252 637 1304 669 sed
1329 648 1364 670 ex
1390 640 1497 670 nostra
1523 638 1653 671 scientia
1669 642 1699 672 et
1722 641 1809 672 mera
1833 638 1985 672 delibera-

1251 691 1345 730 tione,
1370 700 1405 723 ac
1428 691 1466 723 de
1490 691 1677 734 apostolicae
1709 691 1868 735 potestatis
1891 691 1986 735 pleni·

1252 744 1368 783 tudine,
1393 754 1518 777 omnem
1543 748 1571 778 et
1594 755 1825 788 quamcumque
1849 745 1932 778 litem
1955 750 1983 776 et

1251 807 1375 829 causam
1401 797 1447 829 vel
1473 797 1728 839 controversiam,
1753 807 1807 830 seu
1831 807 1940 830 omnes
1955 801 1985 831 ot

1251 860 1463 893 quascumque
1480 850 1548 882 lites
1565 855 1596 883 et
1615 860 1724 883 causas
1745 850 1792 883 vel
1807 854 1986 884 controver-

1252 903 1322 941 sias,
1347 908 1410 935 tam
1436 902 1595 935 iudiciales
1611 913 1704 946 quam
1726 903 1984 943 extraiudiciales,

1252 955 1274 987 si
1300 966 1360 999 qua
1386 956 1433 988 vel
1450 966 1529 999 quae
1545 955 1646 988 adhuc
1663 956 1744 989 inter
1760 956 1984 1000 praepositum,

1252 1015 1416 1049 rectorem,
1441 1013 1470 1043 et
1494 1009 1738 1049 universitatem,
1762 1014 1792 1042 et
1814 1009 1986 1053 provincia-

1252 1063 1311 1095 lem
1338 1062 1514 1106 praedietos
1539 1073 1632 1106 super
1656 1063 1845 1106 praemissis,
1869 1067 1922 1095 aut
1936 1072 1986 1096 eo-

1252 1126 1320 1148 rum
1345 1116 1460 1159 aliquo,
1485 1120 1514 1149 et
1538 1125 1647 1149 eorum
1671 1115 1844 1155 occasione,
1869 1121 1930 1147 tam
1953 1115 1984 1147 in

1252 1169 1501 1213 petitor-inquam
1522 1169 1552 1201 in
1568 1168 1772 1212 possessorio,
1789 1168 1837 1201 vel
1854 1167 1984 1205 mixtim.

1251 1227 1304 1253 aut
1327 1221 1412 1262 alias,
1437 1222 1529 1255 etiam
1547 1231 1603 1265 per
1623 1230 1852 1264 quamcumque
1868 1220 1986 1253 archie-

1252 1274 1393 1317 piscopi,
1418 1284 1472 1307 seu
1496 1274 1563 1307 eius
1587 1274 1822 1314 ministrorum,
1846 1273 1893 1305 vel
1917 1272 1985 1306 offi-

1252 1327 1377 1359 cialium
1395 1327 1638 1371 praedictorum,
1654 1332 1707 1359 aut
1724 1326 1856 1358 alicuius
1875 1335 1985 1359 eorum

1253 1380 1492 1423 appellationem
1510 1381 1556 1413 vel
1574 1380 1838 1423 protestationem,
1855 1379 1880 1411 si
1896 1379 1986 1422 quae¹

1254 1434 1291 1465 sit
1308 1443 1366 1476 pro
1385 1443 1495 1466 eorum
1517 1438 1568 1465 aut
1587 1433 1718 1465 alicuius
1742 1432 1881 1475 ipsorum
1898 1437 1986 1475 parte

1254 1486 1436 1529 interposita
1460 1485 1507 1518 vel
1533 1486 1621 1526 saeta,
1645 1495 1699 1518 seu
1722 1485 1798 1517 alias
1817 1483 1988 1528 quomodo-

1255 1539 1325 1572 libet
1338 1539 1494 1582 supersint
1512 1539 1559 1571 vel
1576 1538 1740 1582 pendeant,
1755 1543 1808 1571 aut
1824 1547 1986 1582 superesse

1254 1593 1299 1625 vel
1324 1592 1461 1635 pendere
1485 1597 1685 1631 censeantur,
1709 1602 1764 1624 seu
1781 1591 1900 1624 censeri
1918 1601 1987 1635 pos-

1253 1645 1323 1684 sint,
1347 1645 1439 1677 etiam
1465 1654 1483 1677 a
1506 1644 1717 1677 cardinalibus
1741 1643 1926 1688 praedictis,
1951 1653 1986 1676 ac

1253 1698 1414 1741 quibusvis
1443 1698 1511 1730 aliis
1541 1698 1696 1730 iudicibus
1719 1702 1750 1730 et
1772 1697 1932 1741 personis,
1956 1696 1987 1728 in

1253 1757 1333 1784 statu
1357 1761 1392 1784 ac
1417 1751 1558 1783 terminis
1581 1751 1695 1794 quibus
1719 1750 1931 1794 reperiuntur,
1948 1749 1987 1782 ad

1255 1815 1310 1837 nos
1335 1804 1445 1836 barum
1477 1804 1557 1836 serie
1581 1813 1764 1843 avocamus,
1789 1803 1919 1846 illasque
1943 1801 1987 1835 sie

1254 1862 1396 1890 avocatus
1420 1867 1455 1889 ex
1481 1866 1563 1889 nunc
1586 1861 1738 1899 perpetuo
1766 1855 1986 1898 extinguimus,

1255 1911 1404 1953 sopimus,
1429 1909 1666 1952 supprimimus,
1690 1917 1858 1948 cassamus,
1882 1907 1988 1940 annul-

1256 1963 1354 1995 lamus
1378 1967 1404 1995 et
1431 1962 1608 2001 abolemus3

489 2017 655 2055 dictorum,
680 2022 707 2049 et
734 2017 804 2049 inde
829 2023 1052 2060 sequutorum,
1078 2026 1114 2048 ac
1137 2025 1222 2059 prae-

490 2070 657 2102 missorum
689 2070 829 2102 oninium
862 2074 891 2103 et
921 2071 1053 2102 aliorum
1084 2078 1223 2101 neeessa—
1255 2068 1454 2101 decessorum
1472 2073 1501 2099 et
1519 2071 1657 2111 patentes
1682 2066 1806 2099 llenrici
1823 2066 1990 2099 cardinalis
2003 2074 2084 2121 meras
2112 2073 2186 2094 conflr-

490 2122 608 2155 riorum
633 2133 903 2166 quorumcumque
928 2123 1065 2155 veriores
1086 2132 1121 2154 ae
1142 2127 1223 2154 totos
1257 2122 1383 2160 litteras,
1408 2130 1501 2163 quam
1525 2120 1554 2153 S.
1574 2120 1606 2151 R.
1625 2119 1657 2151 E.
1679 2119 1882 2151 cardinalium
1904 2129 1991 2163 prae·
2048 2116 2054 2122 ’

490 2181 624 2216 tenores,
648 2187 683 2209 ac
707 2176 889 2219 pra··dicta¹,
907 2182 935 2208 et
954 2176 1085 2208 aliarum
1111 2175 1221 2214 litium,
1238 2203 1240 2222 ἱ
1256 2175 1409 2207 dit-torum
1434 2173 1558 2205 decreta
1581 2177 1611 2205 et
1635 2172 1875 2205 declarationem
1899 2181 1990 2215 prae-

490 2239 654 2262 causarum
686 2235 715 2261 et
744 2229 1048 2268 controversiarum,
1073 2234 1169 2261 status
1194 2233 1223 2259 et
1239 2243 1241 2248 ν
1257 2228 1391 2267 dictam,
1416 2238 1486 2260 eum
1511 2226 1658 2259 omnibus
1682 2231 1712 2259 et
1736 2225 1867 2268 singulis
1890 2225 1922 2258 in
1945 2225 1990 2258 eis

490 2282 611 2321 merita,
635 2282 822 2325 nominaque
839 2287 867 2314 et
885 2282 1084 2323 cognomina,
1109 2280 1223 2323 gradus
1239 2279 1240 2282 ’
1258 2281 1411 2314 contentis
1436 2280 1597 2321 clausulis,
1614 2280 1784 2323 apostolica
1806 2279 1990 2313 auctoritate

491 2341 521 2368 et
543 2336 706 2379 qualitates
730 2336 864 2368 iudicum
889 2341 916 2367 et
936 2335 1161 2377 colligantium,
1180 2334 1222 2366 iu·
1257 2335 1349 2367 etiam
1375 2339 1526 2378 perpetuo
1551 2333 1762 2377 approbamus
1783 2336 1812 2366 et
1827 2331 1991 2364 confirma-

491 2399 586 2432 raque
610 2394 639 2421 et
663 2389 768 2422 titulos
789 2392 817 2422 et
834 2388 960 2431 quasvis
978 2388 1052 2420 alias
1069 2387 1142 2419 dicti
1161 2397 1223 2419 mo-
1258 2399 1326 2421 mus
1350 2393 1379 2421 et
1404 2388 1598 2426 innovamus,
1621 2397 1656 2419 ac
1681 2386 1772 2419 etiam
1791 2385 1828 2418 de
1852 2395 1933 2418 novo
1958 2384 1988 2417 in

491 2441 578 2473 derui
603 2441 840 2484 archiepiscopi,
853 2441 983 2484 eiusque
1008 2440 1222 2472 ministrorum
1239 2458 1241 2484 i
1258 2446 1442 2484 perpetuum
1467 2440 1677 2479 concedimus,
1694 2448 1750 2471 nce
1767 2447 1830 2471 non
1847 2437 1907 2470 illis
1923 2447 1990 2481 per-

492 2499 522 2525 et
545 2494 734 2533 officialium,
752 2500 781 2527 et
798 2503 1068 2537 quorumcumque
1089 2492 1222 2525 aliorum
1239 2491 1241 2540 J
1258 2497 1368 2534 petuae
1380 2496 1409 2523 et
1427 2490 1611 2523 inviolabilis
1627 2488 1816 2533 apostolicae
1833 2488 1990 2520 firmitatis

493 2547 734 2589 praetensiones,
759 2548 975 2591 praesentibus
994 2557 1050 2590 pro
1068 2541 1242 2589 expressisl
1259 2544 1356 2577 robur
1380 2543 1553 2584 aducamus,
1580 2552 1750 2585 omnesque
1781 2547 1810 2574 et
1840 2541 1990 2583 singulos,

467 2624 470 2627 Α
493 2598 651 2639 habrn11·s;
676 2601 712 2632 ds:
737 2601 920 2634 eorumdem
945 2600 1149 2633 cardinalium
1175 2609 1225 2631 uc-
1259 2603 1318 2630 tam
1344 2597 1421 2630 iuris
1444 2606 1537 2640 quam
1567 2595 1660 2635 sacti,
1683 2605 1717 2627 ac
1742 2594 1991 2636 solemnitatum,

1239 2642 1243 2692 Ι
1294 2661 1304 2687 1
1322 2659 1476 2695 Legendum
1491 2659 1558 2686 toret
1571 2658 1597 2686 si
1610 2666 1668 2694 qua
1683 2658 1720 2693 (n.
1738 2657 1780 2692 τ.)

1300 2017 1314 2059 ξ
1339 2016 1368 2048 9.
1393 2016 1454 2048 Nec
1475 2025 1535 2047 non
1552 2020 1613 2046 tam
1630 2013 1674 2046 Pii
1695 2023 1788 2056 quam
1806 2013 1881 2046 Sixti
1901 2023 1989 2057 prae·
2003 2019 2187 2074 ‘uggzeedffigffi

531 2663 541 2688 1
560 2662 700 2689 Videretur
715 2662 856 2698 legendum
869 2663 1036 2698 praedictae
1053 2664 1088 2699 (n.
1104 2662 1154 2695 τ.).
