2293 3231
83 283 132 312 An.
147 282 176 311 C.
198 282 267 311 ¹622

885 282 1061 307 GREGORIUS
1083 283 1126 307 XV
1150 283 1198 307 1³1².

282 329 368 363 Pauli
391 331 606 374 apostolorum
631 331 697 364 eius
719 340 751 363 se
775 331 896 364 noverit
918 331 1020 364 incur-

282 394 400 417 surum.

324 437 437 470 Datum
461 438 587 478 Romae,
613 438 694 481 apud
719 443 860 471 sanctum
882 438 1018 478 Petrum,

282 500 363 524 anno
377 491 602 524 lncarnationis
621 491 799 524 Dominicae
815 501 954 532 iincxxu,
968 501 1020 524 no-

281 544 329 577 nis
346 545 506 586 febmarii,
524 545 723 589 pontificatus
742 545 840 578 nostri
866 555 947 579 anno
964 555 985 578 11
998 545 1017 578 ¹.

316 606 375 636 Dat.
392 607 435 635 die
448 608 464 634 5
479 607 608 635 februarii
625 608 702 642 1622,
719 607 814 643 pontif.
831 616 875 635 an.
891 614 919 635 ιι.

323 705 365 739 In
398 707 530 741 nomine
562 707 697 741 Domini
730 717 834 740 amen.
870 707 967 740 Anno
998 717 1018 739 a

279 760 459 795 Nativitate
488 761 622 794 Domini
652 761 764 794 Nostri
792 761 866 794 Iesu
895 761 1018 795 Christi

279 815 451 855 MDCXX111²‚
468 814 647 848 indictione
666 815 766 854 seoetti,
789 814 841 847 die
869 825 940 847 rero
961 824 1016 847 vni

278 870 397 903 mensis
416 869 587 912 februarii,
603 868 813 912 pontificatus
827 872 935 901 autem
946 879 1017 900 san-

279 923 417 956 ctissimi
439 924 476 956 in
498 923 624 957 Christo
643 923 750 966 patris
773 926 801 954 et
821 922 948 954 domini
965 933 1017 954 no-

278 977 339 1009 stri
354 976 391 1009 D.
416 975 575 1019 Gregyorii,
599 976 712 1008 divina
727 975 935 1019 providentia
956 976 1017 1007 Pa-

277 1040 338 1073 pae
362 1029 433 1071 XV,
460 1039 547 1062 anno
571 1039 611 1069 11,
639 1029 864 1073 retroscriptae
890 1028 1016 1060 litterae

277 1083 471 1127 apostolicae
494 1082 613 1126 affixae
637 1086 665 1115 et
686 1082 871 1125 publicatae
883 1083 1016 1124 fuerunt

277 1136 319 1169 ool
331 1136 440 1169 valvas
455 1136 666 1169 basilicarum
680 1136 786 1168 sancti
802 1135 937 1168 Ioannis
954 1135 1016 1166 La-

278 1190 457 1222 teranensis
485 1193 514 1222 et
547 1187 711 1231 Principis
736 1188 951 1231 apostolorum
979 1187 1017 1219 de

280 1242 371 1284 Urbe,
398 1254 435 1275 ac
459 1242 673 1275 cancellariae
698 1241 902 1284 apostolicae,
928 1244 956 1272 et
982 1241 1015 1272 in

276 1296 345 1329 acie
368 1296 477 1339 campi
501 1296 629 1335 Florae,
657 1295 801 1327 dimissis
822 1294 941 1326 ibidem
965 1304 1033 1337 ea-¹

275 1349 424 1383 rumdem
450 1349 636 1382 litterarum
657 1348 876 1391 originalibus
896 1357 1015 1390 appen-

276 1404 320 1436 sis
333 1413 393 1447 per
409 1402 544 1447 aliquod
568 1402 719 1446 temporis
738 1402 893 1445 spatiitin,
922 1404 950 1433 et
967 1411 1016 1433 ex-

276 1457 352 1490 inde
371 1457 512 1497 remotis,
530 1456 645 1489 deinde
665 1456 810 1488 dimissis
829 1454 1015 1487 earumdem
1031 1470 1032 1486 t

278 1510 462 1543 litterarum
486 1509 586 1553 copiis
617 1509 745 1552 ciffixi'S,
774 1512 809 1541 ut
833 1508 932 1540 moris
957 1511 1011 1546 est,

272 1574 331 1607 per
344 1574 401 1596 nos
416 1564 566 1598 Cosmum
584 1562 730 1595 Modiam
745 1566 772 1594 et
786 1560 1014 1595 Alexandrum

276 1617 314 1650 cle
331 1616 450 1650 Roclzis
467 1616 668 1649 sanctissimi
684 1614 811 1648 domini
828 1614 931 1647 nostri
951 1614 1015 1646 Pa-

273 1682 335 1715 pae
358 1681 510 1704 cursores.
1031 1706 1034 1724 ι

364 1733 521 1768 OCTAVIUS
546 1733 647 1767 SPADA
672 1732 821 1774 magister
837 1740 1013 1764 cursorum.
1032 1728 1033 1732 ’

277 1840 528 1885 Subsequttntur
557 1840 608 1872 liic
639 1840 766 1883 aliquot
791 1838 888 1871 dubia
919 1847 1015 1880 super

320 1895 385 1928 ista
405 1894 640 1929 Constitutione
660 1897 771 1926 exorta
777 1905 788 1933 ,·
810 1902 950 1936 quorum
972 1901 1015 1923 re-

321 1947 495 1981 solutiones
511 1957 586 1980 mooe
602 1946 826 1980 subiicientur.

313 2026 414 2055 Posita
434 2027 653 2055 constitutione
674 2026 805 2061 Gregorii
825 2026 921 2060 Papae
934 2025 980 2052 XV

278 2071 312 2099 de
336 2074 540 2105 exemptarum
557 2071 735 2106 privilegiis,
753 2073 822 2104 etc.,
847 2070 1012 2097 dubitatur.

322 2150 342 2183 Ι.
378 2151 425 2183 An
448 2150 539 2183 liceat
567 2150 724 2193 episcopis
756 2149 881 2182 visitare
905 2149 1014 2181 altaria

279 2203 471 2247 regularium
488 2203 703 2243 ecclesiarum,
728 2203 840 2246 quibus
858 2214 933 2235 cura
954 2202 1015 2234 ani-

278 2266 401 2289 marum
433 2266 641 2300 personarum
672 2255 859 2288 secularium
884 2266 945 2288 non
973 2256 1015 2288 in-

277 2310 407 2350 cumbit,
432 2315 485 2342 aut
508 2309 577 2342 loca
600 2309 655 2341 uhi
679 2309 711 2340 in
735 2308 845 2341 iisdem
875 2309 1014 2342 ecclesiis

276 2368 454 2396 asservatur
479 2362 710 2396 sanctissimum
734 2362 947 2395 Eucharistiae
971 2373 1015 2394 sa-

277 2421 483 2458 cramentum,
509 2417 557 2450 vel
581 2416 634 2449 ubi
659 2415 828 2448 audiuntur
844 2416 1013 2449 confessio-

276 2482 332 2505 nes
354 2480 564 2516 personarum
581 2469 793 2502 secularium?

314 2562 325 2587 t
343 2560 394 2588 Sed
409 2568 520 2588 erronee
538 2564 596 2587 tum
611 2560 653 2586 ed.
673 2559 750 2586 Mein.
768 2563 823 2585 tum
841 2559 883 2586 ed.
896 2559 1013 2587 Cherub.

278 2609 372 2633 notant
385 2614 486 2632 annum
500 2611 528 2638 ιι,
544 2613 605 2632 nam
622 2604 723 2640 primus
738 2604 825 2631 adhue
840 2604 1013 2640 perdurabat,

277 2648 325 2676 sed
338 2649 475 2685 publicata
488 2649 538 2677 fuit
551 2655 650 2676 annon
664 2653 693 2675 ut
708 2653 802 2684 postea
817 2649 914 2685 legitur
929 2650 1015 2684 Qum).

313 2694 330 2721 Ξ).
348 2694 403 2721 Nisi
422 2694 565 2730 legendum
585 2694 619 2721 sit
638 2700 742 2721 MDcxxu
757 2694 796 2729 (n.
811 2694 859 2726 T.).

1098 331 1130 363 Il.
1147 333 1190 363 An
1207 331 1343 374 episcopi
1358 331 1476 374 possint
1489 330 1687 374 regularibus
1700 341 1788 375 prae-

1053 384 1202 424 scribere,
1220 389 1253 417 ut
1279 384 1372 417 certis
1389 389 1508 417 tantum
1526 384 1557 417 in
1573 384 1650 417 locis
1663 394 1699 417 ac
1716 389 1792 417 tem-

1053 438 1185 482 poribus
1204 444 1253 471 aut
1280 444 1437 471 certarum
1452 449 1659 483 personarum
1673 438 1792 472 confes-

1053 491 1156 524 siones
1173 492 1309 533 audiam,
1325 493 1372 524 vel
1390 492 1464 524 alias
1482 492 1607 525 illorum
1625 490 1791 535 privilegia

1053 545 1244 588 restringere
1280 556 1315 578 ac
1350 545 1508 579 moderari
1532 545 1563 577 in
1589 544 1790 579 sacramentis

1053 599 1307 632 administrandis
1318 600 1332 631 ἱ)

1096 652 1144 685 III.
1170 654 1215 685 An
1239 653 1369 686 facultas
1393 653 1548 697 episcopis
1565 664 1623 697 per
1639 654 1791 687 Constitu-

1052 707 1167 740 tionem
1192 707 1341 740 attributa
1366 706 1396 739 in
1421 712 1592 751 exemptos
1618 712 1680 740 tam
1701 718 1790 741 secu-

1052 761 1132 794 lares
1156 772 1249 804 quam
1274 761 1454 804 regulares,
1478 761 1671 804 intelligatur
1695 762 1788 795 etiam

1051 814 1167 847 tributa
1190 815 1222 846 in
1246 824 1396 858 personas
1420 814 1536 847 nullius
1561 814 1737 847 dioecesis?

1095 868 1141 900 IV.
1160 869 1206 900 An
1220 868 1327 901 eadem
1346 868 1474 901 facultas
1492 874 1649 912 competat
1666 868 1789 901 inferio-

1051 922 1138 954 ribus
1150 922 1296 965 praelatis
1309 922 1474 966 proprium
1489 922 1684 955 territorium
1697 933 1733 955 ae
1746 922 1790 955 iu-

1052 975 1264 1009 risdictionem
1279 975 1366 1019 quasi
1384 975 1560 1019 episcopale
1577 975 1788 1009 habentibus‘.>

1095 1030 1126 1061 V.
1155 1031 1201 1062 An
1226 1041 1283 1073 per
1307 1029 1449 1062 eamdem
1474 1030 1732 1063 Constitutionem
1758 1030 1789 1062 in

1050 1082 1110 1115 illis
1131 1083 1243 1120 verbis⁷
1261 1084 1364 1126 possit
1383 1084 1547 1126 episcopus
1567 1084 1633 1116 unci
1647 1094 1720 1116 cum
1736 1094 1789 1115 sa-

1047 1137 1231 1179 perioribus
1264 1136 1472 1179 requlart'bus
1506 1136 1815 1181 quarumcumque'

1050 1189 1300 1229 abbatissarum,
1334 1193 1401 1229 etc„
1426 1189 1644 1230 electionibus,
1669 1200 1728 1233 per
1758 1200 1789 1222 se

1050 1242 1098 1275 rel
1122 1253 1179 1285 per
1202 1243 1318 1279 otium,
1347 1243 1498 1275 interesse
1527 1253 1564 1275 ac
1591 1242 1785 1286 praesidere,

1051 1296 1097 1328 ius
1115 1296 1286 1329 abbatissas
1306 1295 1512 1329 confirmandi
1530 1297 1686 1341 episcopis
1705 1296 1790 1329 attri-

1049 1349 1159 1382 butum
1184 1354 1356 1382 censeatmn

1094 1403 1139 1435 vt.
1166 1404 1212 1436 An
1237 1404 1432 1436 confessores
1456 1403 1655 1443 monialium,
1673 1408 1743 1435 aute
1761 1413 1789 1435 e—

1049 1456 1143 1488 ditam
1158 1456 1416 1490 Constitutionem
1433 1456 1584 1500 deputati,
1602 1456 1734 1489 debeant
1750 1456 1788 1488 ab

1049 1510 1195 1554 episcopo
1220 1510 1391 1542 examinari
1415 1515 1445 1542 et
1468 1509 1654 1553 approbari?

1093 1564 1153 1595 vll.
1177 1564 1224 1596 An
1249 1563 1429 1607 superiores
1452 1564 1625 1606 regulares,
1643 1563 1788 1596 similiter

1049 1622 1119 1650 ante
1149 1617 1247 1660 ipsius
1278 1617 1512 1650 Constitutionis
1543 1617 1787 1660 publicationem

1049 1671 1137 1703 electi
1160 1681 1215 1703 seu
1231 1670 1381 1714 deputati,
1395 1670 1455 1702 alia
1473 1669 1632 1713 indigeant
1648 1670 1786 1714 episcopi

1049 1723 1278 1768 approbatione
1309 1734 1366 1767 pro
1397 1723 1645 1757 confessionibus
1673 1723 1786 1756 saneti-

1049 1777 1233 1810 monialium
1257 1776 1315 1809 sibi
1340 1776 1552 1809 subiectarum
1577 1776 1748 1809 audiendis.

1093 1830 1167 1863 vm.
1194 1831 1240 1862 An
1258 1829 1477 1869 confessiones,
1495 1839 1572 1873 quas
1591 1829 1722 1862 audiunt
1739 1840 1785 1862 su-

1048 1883 1190 1927 periores
1214 1883 1376 1926 regulares
1403 1882 1492 1915 electi
1510 1893 1565 1916 seu
1581 1882 1721 1927 deputati
1738 1883 1787 1916 vel

1049 1936 1224 1970 confirmati
1239 1941 1308 1980 post
1320 1936 1565 1980 publicationem
1578 1941 1609 1969 et
1625 1936 1786 1970 scientiam

1048 1990 1166 2023 tenoris
1186 1990 1285 2022 dictae
1309 1989 1434 2029 bullae,
1458 1999 1521 2022 non
1546 1990 1674 2023 obtenta
1705 1989 1787 2034 epis-

1049 2044 1120 2088 copi
1144 2043 1391 2088 approbatione,
1417 2044 1477 2076 sint
1500 2043 1604 2076 nullae
1631 2047 1725 2087 atque
1749 2043 1787 2076 ir-

1048 2099 1137 2138 ritae,
1156 2098 1276 2131 necne?

1092 2153 1140 2185 IX.
1166 2153 1212 2184 An
1236 2151 1409 2194 regulares,
1433 2152 1623 2194 generaliter
1647 2152 1684 2184 ab
1709 2152 1786 2196 epis-

1048 2215 1128 2249 copo
1153 2204 1320 2248 approbati
1345 2204 1383 2237 ad
1408 2204 1618 2237 confessiones
1642 2215 1788 2248 persona-

1048 2269 1119 2291 rum
1144 2258 1333 2291 secularium
1354 2257 1533 2298 audiendas,
1551 2263 1738 2291 censeanttn·
1758 2269 1788 2290 e«

1047 2312 1123 2344 tiam
1148 2311 1313 2355 approbati
1331 2310 1368 2343 ad
1385 2310 1555 2343 audiendas
1576 2311 1786 2344 confessiones

1048 2365 1232 2398 monialium
1256 2365 1316 2397 sibi
1341 2365 1579 2397 subiectarum‘.>

1091 2419 1125 2451 X.
1156 2419 1202 2451 An
1226 2417 1381 2460 regularis
1407 2417 1445 2449 ad
1468 2417 1637 2450 audiendas
1665 2418 1786 2451 confes-

1048 2472 1150 2504 siones
1175 2471 1359 2504 monialium
1384 2471 1476 2503 unius
1501 2471 1683 2504 monasterii
1702 2471 1741 2503 ab
1757 2482 1787 2504 e-

1048 2525 1179 2568 piscopo
1207 2523 1410 2568 approbatus,
1434 2524 1646 2557 confessiones
1670 2525 1788 2558 monia-

1048 2578 1125 2611 lium
1149 2578 1277 2611 alterius
1297 2577 1479 2611 monasterii
1498 2577 1606 2611 audire
1621 2579 1742 2622 possit?

1092 2632 1140 2664 xl.
1166 2632 1212 2664 An
1226 2632 1421 2665 confessores
1434 2632 1596 2674 regulares
1612 2632 1786 2666 extraordi-
1810 2674 1814 2676 .

1031 2672 1034 2724 l
1048 2685 1127 2718 narii
1144 2685 1240 2718 semel
1257 2684 1296 2718 ab
1309 2686 1457 2730 episcopo
1474 2685 1612 2729 deputati
1630 2691 1658 2718 et
1676 2696 1786 2730 appro-

1696 272 1759 308 659
1806 283 1855 310 An.
1875 282 1904 311 c.
1922 283 1989 312 ¹622
