2293 3231
49 326 53 330 *
98 322 150 351 An.
168 321 198 351 C.
214 321 283 351 ¹622

129 647 196 674 aegis
209 647 281 669 catho-

97 672 133 697 ilei
145 675 228 702 petitio.

125 1180 245 1203 Concessio.
255 1179 281 1201 de

99 1211 141 1232 qna
155 1207 176 1228 in
190 1206 247 1228 rubri
254 1207 282 1227 tii.

34 1717 71 1754 „2-

48 1760 70 1775 32}

111 1818 226 1845 Dorogatio
234 1824 281 1841 eon-

32 1847 65 1915 ,ξ
96 1846 218 1867 iratior-um.

13 1919 20 1926 ,a
30 1907 59 1930 1,·

42 2378 73 2453 ''b-‘13³'
43 2352 46 2354 ’

903 325 1081 351 aumonius
1105 327 1146 351 XV
1170 327 1217 351 PP.

309 369 488 398 Chai-issima
503 370 534 398 in
549 370 667 399 christo
682 371 743 399 filio
758 375 861 400 nostro
872 373 1019 408 Philippo,

436 415 646 450 Hispaniarum
658 417 720 452 regi
732 418 892 451 catholico,

495 464 652 499 Gregorius
672 466 749 500 Papa
773 467 829 494 XV.

395 521 574 550 Charissime
589 522 620 550 in
638 523 753 551 Christo
768 523 812 551 fili
826 526 939 555 noster,

330 565 460 593 salntem
483 569 515 593 et
537 568 733 601 apostolicam
751 568 997 596 benedictionem.

341 635 355 679 g
379 635 408 668 1.
429 635 516 677 Cum,
534 636 614 670 sicut
629 637 799 671 maiestatis
818 642 890 671 tuae
907 639 1033 672 nomine

295 688 386 722 nobis
408 699 510 733 nuper
528 690 706 734 expositum
729 691 794 732 fuit,
818 702 876 735 pro
899 692 1032 735 disposi-

295 741 379 775 tione
404 741 546 775 locorum
563 754 618 776 seu
635 744 811 777 officiorum
829 744 952 778 Ordinis
970 745 1033 778 sive

295 796 458 831 Societatis
481 798 568 831 aurei
592 799 716 832 velleris
741 799 789 832 dcl
807 799 921 832 Tuison
939 800 1033 842 vulgo

294 857 503 896 nuncupatae,
529 852 700 896 capitulum
720 853 818 897 ipsius
838 853 962 886 Ordinis
979 864 1033 886 seu

295 904 478 947 Societatis‚
503 911 595 950 prout
620 906 703 939 illius
730 910 844 940 statuta
864 911 893 939 et
917 906 1034 939 stabili-

295 963 400 991 menta
424 958 604 1003 disponunt,
629 970 802 992 convocare
819 965 975 1003 oporteat3
1001 964 1034 992 tu

295 1023 370 1046 vero
394 1012 432 1046 de
455 1012 532 1046 loeis
550 1023 604 1046 seu
620 1013 730 1046 officiis
750 1013 929 1046 huiusmodi
947 1018 1034 1046 extra

295 1066 469 1110 capitulum
475 1066 669 1110 praedictum
677 1066 845 1110 disponere
855 1077 946 1110 posse
955 1077 1035 1098 sum-

297 1129 425 1162 mopere
441 1119 614 1152 desideres:

341 1172 356 1215 ἕ
380 1171 408 1204 2.
429 1173 503 1212 Nos,
520 1172 673 1205 maiestati
692 1177 762 1205 tuae
783 1172 950 1215 specialem
968 1183 1036 1214 gra-

296 1224 370 1257 tiam
387 1225 489 1257 facere
506 1225 655 1266 volentes,
672 1225 950 1268 supplicationibus
968 1226 1035 1258 eius
1051 1243 1053 1255 .

295 1277 424 1310 nomine
443 1277 533 1310 nobis
550 1288 645 1322 super
663 1278 722 1311 hoc
739 1278 901 1312 humiliter
924 1289 1034 1322 porre-

296 1330 352 1364 ctis
373 1330 533 1372 inclinati,
557 1331 634 1372 tibi,
659 1336 692 1364 ut
721 1331 758 1364 de
788 1332 934 1364 omnibus
959 1332 1035 1365 locis

295 1387 388 1427 atque
412 1384 523 1417 officiis
546 1384 620 1417 dicti
645 1384 770 1418 Ordinis
790 1396 844 1418 scu
862 1385 1034 1426 Societatis,

296 1441 358 1472 tam
385 1448 469 1471 nunc
500 1438 680 1472 vacantibus
707 1450 801 1482 quam
829 1439 1034 1483 imposterum

295 1492 469 1533 vacaturis,
493 1492 532 1524 ad
555 1497 644 1525 tuum
668 1492 917 1536 heneplacitum,
942 1493 1035 1526 ctiam

295 1550 381 1578 extra
398 1545 570 1589 capitulum
590 1547 736 1589 generale
756 1546 961 1590 praedictum,
978 1546 1037 1579 dis-

295 1609 414 1642 ponere
431 1604 461 1632 et
477 1599 644 1643 providere
662 1599 760 1632 libere
773 1604 803 1632 et
823 1600 906 1632 licite
923 1600 1035 1640 valeas,

295 1652 480 1686 auctoritate
498 1653 682 1697 apostolica,
694 1658 801 1686 tenore
813 1653 1035 1696 praesentium,

295 1706 452 1740 licentiam
477 1712 505 1739 et
522 1706 699 1739 facultatem
717 1707 920 1740 concedimus
936 1712 965 1739 et
984 1707 1038 1739 im-

296 1759 461 1803 pertimur.

342 1812 409 1856 ᾖξ’).
440 1813 508 1847 Non
534 1812 730 1846 obstantibus
763 1813 1038 1847 constitutionibus

298 1871 329 1899 et
351 1865 601 1899 ordinationibus
618 1866 807 1910 apostolicis⁷
828 1877 864 1899 ae
888 1866 960 1900 dicti
985 1866 1039 1899 Or-

298 1919 380 1952 dinis
393 1920 499 1963 (etiam
510 1920 697 1959 iuramento,
719 1920 956 1953 confirmatione
967 1930 1038 1963 apo-

298 1973 420 2014 stolica,
435 1974 484 2006 vel
501 1974 610 2017 quavis
626 1973 775 2005 firmitate
791 1973 850 2005 alia
868 1973 1037 2017 roboratis)

299 2025 420 2058 statutis
444 2031 474 2058 et
498 2026 784 2067 consuetudinibus,
810 2026 1037 2067 stabilimentis,

299 2077 427 2119 usibus,
450 2079 570 2113 naturis
595 2079 730 2123 (etiamsi
755 2079 785 2112 in
808 2079 867 2112 illis
893 2085 1038 2113 caveatur

299 2141 446 2174 expresse
469 2132 553 2175 quod
576 2132 630 2165 illa
652 2133 721 2166 loca
746 2143 801 2166 seu
826 2133 927 2166 officia
951 2138 1038 2166 extra

299 2183 418 2217 dictum
446 2185 616 2229 capitulum
645 2187 791 2229 generale
816 2187 951 2219 conferri
976 2197 1037 2219 non

299 2237 429 2281 possint,
447 2243 478 2271 et
493 2238 584 2272 aliter
606 2239 704 2273 factae
728 2240 910 2273 collationes
923 2245 953 2272 et
970 2251 1039 2283 pro-

299 2291 435 2324 visiones
457 2292 561 2325 nullae
585 2293 676 2336 sint),
701 2293 874 2336 privilegiis
899 2304 1036 2337 quoque,

299 2344 428 2377 indultis
437 2350 467 2378 et
476 2345 588 2378 litteris
599 2346 790 2389 apostolicis,
801 2347 832 2378 in
846 2347 1038 2379 contrarium

299 2398 537 2441 quomodolibet
554 2399 712 2431 concessis
736 2405 765 2432 et
790 2399 952 2432 innox-atis.
970 2399 1040 2439 Qui-

298 2451 357 2485 bus
380 2451 526 2485 omnibus
546 2457 573 2484 et
599 2452 747 2495 singulis,
772 2463 882 2485 eorum
915 2458 1039 2486 tenores

298 2505 517 2548 praesentibus
541 2516 600 2548 pro
625 2505 780 2548 expressis
796 2505 957 2546 habentes,
978 2506 1039 2538 illis

299 2557 375 2591 alias
398 2558 430 2591 in
454 2568 510 2592 suo
525 2558 640 2591 robore
658 2558 885 2602 permansuris,
903 2559 960 2591 liac
974 2559 1039 2592 viee

300 2611 461 2645 dumtaxat
486 2612 663 2656 specialiter
688 2616 716 2646 ct
741 2623 887 2656 expresse
911 2612 1040 2655 deroga-

301 2675 382 2706 mus,
399 2665 575 2709 ceterisque
593 2665 759 2699 contrariis
778 2665 1038 2709 quibuscumque.

345 2718 456 2752 Datum
479 2719 610 2760 Romae,
635 2719 716 2762 apud
742 2724 882 2752 sanctum
903 2712 1060 2763 Petrum,l

1067 375 1124 407 sub
1136 375 1250 408 annulo
1260 374 1436 415 piscatoris,
1460 375 1510 408 die
1535 385 1610 409 xxix
1627 376 1803 409 decembris

1068 437 1210 468 noemin,
1227 428 1426 471 pontificatus
1442 428 1540 461 nostri
1555 439 1636 462 anno
1660 439 1692 462 11.

1104 489 1161 516 Dat.
1178 489 1222 517 die
1238 489 1272 516 29
1287 489 1438 518 decembris
1457 491 1532 522 1622,
1550 491 1643 526 pontif.
1656 499 1725 518 anno
1741 497 1767 518 ιι.

1400 635 1481 668 XCV.

1067 712 1234 746 Revocatio
1251 724 1530 758 quarumcumque
1548 713 1751 747 licentiarum
1765 714 1807 747 le-

1111 767 1206 811 yendz?
1237 771 1265 800 et
1298 768 1427 801 tenendi
1451 768 1683 812 quomodolibet
1709 768 1805 801 libros

1108 822 1290 864 prohibitos
1315 823 1571 866 quibuscumque
1591 823 1740 868 personis
1765 822 1805 854 ab

1113 873 1269 914 omnihus,
1288 874 1387 906 etiam
1408 874 1565 907 Romanis
1581 873 1804 916 Pontificibus,

1113 936 1334 960 concessarum
1345 926 1363 959 ⁴.

1270 1008 1427 1042 Gregorius
1448 1008 1526 1042 Papa
1545 1009 1601 1041 XV,

1215 1053 1251 1080 ad
1270 1053 1402 1079 futuram
1421 1052 1466 1079 rei
1482 1053 1662 1080 memoriam.

1113 1123 1312 1166 Apostolatus
1337 1123 1473 1156 officium
1499 1123 1599 1163 nobis,
1624 1123 1710 1156 nullo
1734 1123 1806 1157 licet

1069 1176 1254 1210 meritorum
1282 1177 1453 1219 suffragio,
1483 1177 1586 1209 divina
1611 1177 1805 1221 providentia

1069 1231 1273 1263 commissum
1298 1231 1442 1273 postulat,
1469 1236 1500 1263 ut,
1524 1231 1561 1263 ad
1579 1241 1614 1263 ea
1631 1231 1807 1273 vigilantiae

1069 1287 1194 1316 nostrae
1207 1289 1311 1327 partes
1324 1284 1511 1328 propensius
1528 1285 1736 1326 intendamus,
1752 1296 1809 1328 per

1070 1348 1148 1380 quae
1173 1337 1284 1379 religio
1309 1338 1477 1377 catholica,
1503 1329 1555 1370 ubi
1580 1338 1684 1370 divina
1710 1338 1809 1381 gratia

1071 1391 1175 1423 illaesa
1200 1391 1293 1433 viget,
1314 1396 1526 1431 conservetur,
1552 1396 1579 1424 et
1605 1391 1658 1423 ubi
1683 1392 1808 1425 restitu-

1070 1444 1154 1477 tione
1178 1444 1311 1487 indiget,
1336 1445 1528 1477 restituatur.

1115 1499 1129 1541 ἓ
1153 1498 1182 1529 ’1.
1206 1498 1414 1541 Quapropter,
1439 1509 1509 1531 cum
1534 1498 1688 1531 librorum
1706 1498 1810 1542 prohi-

1070 1552 1207 1584 bitorum
1232 1553 1325 1585 lectio
1348 1563 1462 1595 magno
1483 1564 1550 1586 esse
1574 1553 1713 1586 sincerae
1736 1553 1809 1586 fidei

1071 1606 1243 1639 cultoribus
1271 1606 1460 1640 detrimento
1487 1613 1651 1648 noscatur,
1673 1613 1712 1648 et,
1730 1607 1807 1640 sicut

1070 1660 1259 1703 accepimus,
1285 1660 1426 1693 licentiae
1451 1661 1548 1693 libros
1573 1661 1753 1694 huiusmodi
1770 1662 1810 1694 le-

1071 1713 1164 1755 gendi
1189 1713 1282 1746 nimis
1313 1714 1524 1754 excreverint,
1555 1725 1634 1755 nos,
1670 1720 1703 1747 ut
1736 1714 1808 1747 huic

1071 1767 1153 1799 malo
1179 1771 1301 1799 mature
1325 1772 1527 1808 occurratur,
1553 1772 1583 1799 et
1604 1767 1809 1811 imposterum

1071 1830 1165 1863 quam
1189 1820 1366 1853 cautissime
1385 1820 1528 1853 licentiae
1544 1820 1724 1853 huiusmodi
1741 1831 1812 1854 con-

1072 1873 1232 1913 cedantur,
1241 1879 1391 1917 quantum
1406 1884 1477 1906 cum
1488 1874 1620 1907 Domino
1630 1884 1809 1918 possumus,

1071 1925 1236 1969 providere
1260 1927 1418 1967 volentes,
1447 1932 1532 1960 motu
1563 1927 1694 1970 proprio
1720 1932 1750 1959 et
1773 1937 1808 1959 ex

1072 1981 1155 2013 certa
1173 1979 1302 2012 scientia
1319 1990 1353 2012 ac
1371 1982 1495 2012 matura
1519 1980 1743 2014 deliberatione
1759 1990 1811 2013 no—

1072 2032 1165 2073 stris,
1191 2033 1291 2076 deque
1315 2034 1505 2076 apostolicae
1529 2033 1692 2077 potestatis
1716 2034 1812 2078 pleni-

1072 2086 1188 2126 tudine,
1205 2096 1313 2119 omnes
1330 2091 1359 2119 et
1378 2087 1518 2129 singulas
1530 2087 1671 2120 licentias
1688 2086 1811 2130 legendi

1073 2144 1102 2171 et
1115 2139 1248 2172 habendi
1261 2139 1359 2172 libros
1368 2151 1584 2184 quoscumque
1601 2141 1642 2173 ob
1654 2140 1811 2173 haeresim

1073 2193 1120 2224 vel
1146 2192 1213 2225 falsi
1237 2193 1392 2236 dogmatis
1416 2194 1643 2237 suspicionem,
1665 2195 1712 2227 vel
1736 2194 1811 2226 alias

1073 2245 1310 2289 quomodolibet
1333 2247 1531 2290 prohibitos,
1563 2247 1812 2291 quibuscumque

1073 2299 1233 2342 personis,
1259 2299 1484 2343 cuiuscumque
1511 2301 1627 2343 gradus
1652 2306 1679 2333 et
1705 2301 1813 2334 eondi-

1074 2353 1211 2386 tionibus
1237 2354 1460 2395 existentibus,
1486 2355 1579 2387 etiam
1608 2365 1664 2398 per
1694 2354 1813 2387 litteras

1073 2408 1259 2450 apostolicas
1289 2408 1327 2440 ad
1357 2414 1480 2452 tempus
1505 2419 1559 2441 seu
1585 2409 1622 2441 ad
1647 2409 1759 2450 vitam,
1783 2415 1811 2442 et

1073 2461 1162 2494 aliter
1187 2462 1495 2505 quomodocumque,
1516 2468 1545 2495 et
1562 2473 1598 2495 cx
1615 2473 1813 2507 quacumque

1074 2517 1178 2555 causa,
1203 2521 1266 2548 tam
1290 2526 1347 2559 per
1370 2516 1489 2548 litteras
1514 2516 1545 2548 in
1570 2516 1672 2549 forma
1696 2516 1812 2552 Brevis.

1111 2597 1120 2621 t
1140 2595 1215 2622 Libri
1228 2600 1317 2622 autem
1333 2596 1459 2631 prohibiti
1474 2597 1519 2631 qui
1534 2596 1596 2629 sint,
1609 2596 1669 2623 vide
1682 2596 1709 2623 in
1725 2596 1814 2623 indice

1075 2640 1190 2675 desuper
1206 2640 1288 2673 edito,
1304 2640 1338 2667 de
1360 2649 1413 2675 quo
1436 2649 1518 2676 supra
1537 2640 1563 2667 in
1586 2640 1676 2668 Const.
1692 2647 1738 2668 xcx
1758 2642 1830 2677 Dos

1074 2685 1183 2717 mimici,
1207 2684 1244 2710 Pii
1264 2684 1295 2711 lv
1313 2685 1353 2715 tin
1378 2684 1405 2711 h.
1423 2693 1449 2712 n.
1472 2685 1536 2712 edit.
1560 2692 1618 2713 xcrv
1638 2686 1664 2712 in
1681 2690 1746 2713 tom.
1767 2693 1813 2716 vu,

1075 2737 1135 2764 pag.
1156 2728 1236 2762 281).

1705 319 1768 354 779
1814 328 1865 357 An.
1884 328 1912 356 c.
1930 328 1999 357 1⁶22

1848 1135 1968 1157 Exordium.

1850 1508 1967 1529 Prohibitio
1977 1511 2007 1529 tn-

1823 1535 1886 1555 nendi
1897 1538 1918 1556 et
1925 1536 2007 1560 tegendi

1824 1562 1888 1608 lignos
1914 1562 2007 1587 prohibi-
