2293 3231
188 205 236 229 An.
256 207 283 231 c.
305 207 369 232 ima
418 200 481 233 -272
969 225 1145 253 ncitxnicn
1171 231 1323 258 ItuMAM'M

385 267 471 297 neae,
498 261 590 303 vulgo
616 272 811 308 nuncupatae
837 268 874 300 de
901 269 1039 313 peralba,
1061 275 1145 308 lta-¹

1919 254 1966 282 An.
1984 256 2012 283 C.
2034 258 2101 287 1614

1205 282 1219 321 ς’
1244 280 1273 313 4.
1300 283 1361 316 Nos
1387 286 1502 328 igitur.
1534 292 1588 334 qui
1612 294 1684 328 fidei
1717 298 1835 331 cultum
1871 306 1898 334 ct
1955 316 2100 342 vomituu-

167 2069 277 2097 Philippus
290 2078 325 2093 rex

141 2101 178 2116 eas
201 2097 228 2117 ab
250 2098 324 2120 endom

140 2123 232 2144 ecclesia
244 2125 323 2151 seiungi

139 2151 161 2169 et
202 2152 323 2176 provinciae

139 2175 165 2196 do
177 2176 322 2199 Pernambucu

138 2202 191 2228 peut
207 2209 267 2226 uniri.

384 320 518 351 mamea,
532 318 560 345 et
576 314 763 357 lliogrande,
777 324 804 349 et
819 320 1010 363 Maranham,
1024 325 1125 361 dictae

383 363 532 398 ccclesiae
546 367 648 399 Sancti
666 369 835 403 salvatoris
848 373 942 406 etiam
959 386 1018 418 pro
1034 385 1123 421 parte

381 414 532 449 dioecesis
561 424 590 450 et
620 420 695 453 cleri
720 432 755 454 ac
784 425 892 467 populi
923 428 1121 473 assignatae,

381 468 514 511 longiori
540 470 661 511 itincre,
687 485 781 516 quam
798 476 879 510 dicta
904 481 1065 522 provincia
1083 485 1121 518 de

380 520 605 563 l'ernanibueo,
616 525 655 556 ab
669 526 780 559 eadem
795 530 927 564 ecclesia
941 532 1044 568 Sancti
1059 537 1121 571 Sal-

380 574 494 606 xatoris
519 575 643 615 distent,
660 583 689 610 et
715 587 884 625 propterea
900 596 959 628 pro
977 592 1119 633 tempore

376 626 511 660 existens
524 629 691 674 episcopus
705 633 809 667 Sancti
826 636 1006 681 Salvatoris,
1020 642 1061 675 ob
1074 644 1119 677 di—

376 679 520 712 stantiam
542 681 733 725 huiusmodi,
759 689 917 733 marisque
945 692 1118 731 incommo-

373 731 444 765 ‹lam
465 744 500 767 ac
517 735 676 770 difficilem
694 745 722 772 et
739 741 975 786 dispendiosam
993 751 1117 795 naviga-

373 788 499 827 tionem,
526 789 764 837 piratarumque
787 796 849 831 illic
867 799 1113 838 discurrentium

371 839 559 882 periculum,
585 855 690 885 curae,
707 849 853 890 regimini
872 858 901 885 ct
919 854 1114 892 administra-

371 891 446 925 tioni
459 894 505 927 sui
519 896 626 939 gregis
642 897 673 930 in
691 899 781 934 dicus
794 905 966 946 provinciis
982 910 1112 944 existen-

369 944 417 984 tis,
443 953 538 990 prout
563 949 630 983 eius
655 955 802 995 pastorali
821 958 926 993 officio
943 961 1109 1006 incumbit,

367 998 433 1031 sine
455 999 537 1034 illius
562 1003 671 1038 salutis
696 1006 862 1051 dispendio
880 1012 1042 1050 intendere
1059 1029 1109 1051 ne-

365 1057 470 1094 queat,
496 1054 631 1099 hincque
656 1057 776 1094 incolae
801 1067 831 1094 ct
855 1064 1049 1103 habitatores
1066 1071 1108 1104 di-

365 1109 485 1139 clarum
505 1109 740 1151 provinciarum
769 1125 826 1148 nec
852 1118 923 1151 tidci
951 1120 1105 1165 doctrina,

363 1168 419 1191 nec
436 1160 487 1203 pie
509 1162 630 1197 vix-endi
655 1169 832 1212 praeceptis
852 1171 973 1214 instrui,
994 1186 1061 1217 nec,
1080 1180 1104 1212 si

362 1212 438 1255 quid
463 1213 662 1259 deliquerint,
680 1221 797 1264 corrigi
826 1224 863 1256 ab
880 1227 1030 1273 episcopo
1047 1243 1103 1266 suo

360 1266 490 1308 possint,
515 1274 545 1301 et
570 1277 738 1315 propterea
755 1275 778 1307 si
797 1276 898 1312 dictae
921 1283 1102 1324 provinciae

359 1318 397 1352 de
412 1320 551 1362 Pei-aihu,
566 1324 735 1360 ltamaraca
749 1334 777 1362 et
794 1330 971 1375 Riogrande
985 1348 1001 1369 a
1015 1349 1102 1382 prae-

358 1371 440 1405 dicta
465 1376 597 1409 ecclesia
616 1377 719 1413 Sancti
746 1382 916 1419 Salvator-is
940 1389 1034 1423 etiam
1056 1403 1100 1426 se-

359 1433 548 1468 pararentur
572 1436 600 1462 ct
625 1431 941 1478 dismembrarcutur,
966 1442 1099 1489 illacque

356 1479 399 1512 sic
417 1487 579 1524 separatae
597 1490 624 1517 et
642 1486 885 1524 dismembratae
906 1494 1008 1530 dictae
1027 1510 1099 1542 pro-

355 1532 474 1566 vinciae
499 1535 537 1568 ‹le
563 1537 780 1575 l‘ernanibuco
808 1544 846 1576 ab
872 1545 954 1581 illius
980 1550 1097 1587 vicario

354 1596 408 1617 seu
425 1587 679 1624 administratore
693 1595 915 1636 gubernandae
931 1602 1096 1639 unirentur

353 1644 380 1670 et
406 1639 664 1685 adiungerentur,
690 1658 725 1680 ex
751 1648 810 1683 hoc
835 1651 936 1686 dictae
967 1659 1095 1699 provin-

351 1691 417 1725 ciae
441 1693 479 1726 dc
505 1695 644 1737 l'eraiba,
670 1700 839 1737 ltamaraca
857 1711 885 1739 et
903 1707 1091 1755 Riogrande,

350 1751 377 1777 ct
404 1746 442 1779 de
468 1748 648 1784 Maranham
680 1754 872 1792 felicioribus
899 1762 1092 1804 proficerent

348 1798 561 1843 incrementis,
576 1803 765 1851 illarumque.
782 1811 858 1844 cleri
874 1818 906 1857 et
921 1818 1029 1860 populi
1045 1830 1090 1853 sa-

346 1850 414 1892 luti,
432 1858 459 1885 et
474 1853 573 1889 dictae
587 1858 659 1891 tidei
677 1862 831 1903 profectui
848 1876 883 1899 ac
897 1868 1086 1916 exaltationi,

345 1903 504 1950 divinique
518 1909 620 1943 cultus
635 1911 841 1958 incremento,
858 1929 894 1953 ac
907 1925 953 1954 tot
970 1923 1087 1959 incom-

343 1958 445 1992 modis
469 1962 709 2010 animarumque
734 1970 884 2013 periculis
909 1982 1085 2020 opportune

342 2013 560 2049 consuleretur
575 2028 582 2049 1

385 2065 400 2109 ξ
424 2065 452 2099 3.
478 2068 578 2107 Quare
602 2071 684 2106 idem
711 2075 876 2123 Philippus
906 2092 961 2116 rex
991 2086 1082 2121 nobis

340 2117 502 2155 humiliter
527 2126 696 2169 supplicari
722 2130 812 2172 fecit,
835 2139 990 2177 quatenus
1018 2149 1081 2174 cas-

338 2171 409 2205 dem
434 2176 614 2218 prorincias
638 2180 676 2214 de
701 2182 840 2227 Pei-niba,
865 2188 1037 2226 ttamen-aea
1049 2200 1079 2228 et

337 2225 527 2270 Riogrande,
552 2237 582 2264 et
606 2233 644 2267 de
668 2236 858 2281 Maranham,
884 2242 922 2275 ab
947 2246 1077 2281 ecclesia

337 2284 364 2310 et
376 2279 510 2315 dioecesi
522 2284 625 2319 Sancti
635 2288 804 2325 Salvatoris
816 2293 995 2331 huiusmodi
1009 2310 1077 2343 per-

334 2338 428 2374 petuo
453 2345 599 2379 separare
624 2346 654 2373 et
679 2342 918 2389 dismembrare‚
943 2350 1075 2397 illasque

333 2384 434 2420 dictae
451 2391 632 2432 provinciae
651 2394 690 2428 de
706 2396 924 2436 Pernambuco
941 2403 980 2436 ab
997 2406 1074 2440 cius-

332 2437 403 2472 dem
427 2441 544 2478 vicario
568 2456 623 2480 scu
646 2449 902 2489 administratore
926 2457 957 2490 in
983 2461 1073 2503 spiri-

332 2492 467 2527 tualibus
484 2500 638 2540 regendas
656 2508 685 2535 et
701 2504 964 2545 administrandas
980 2515 1070 2549 unire

330 2549 359 2576 et
383 2546 553 2592 adiungere
571 2553 609 2587 dc
629 2554 822 2601 benignitate
839 2565 1010 2607 apostolica
1026 2567 1070 2601 di-

329 2607 509 2640 gnaremur.

1159 330 1399 377 incrementum,
1415 349 1449 372 ac
1467 341 1609 378 locorum
1623 350 1839 390 quorumlibet
1855 363 1899 386 sa-

1158 383 1292 425 lutarem
1316 388 1521 427 directionem
1539 407 1610 430 cuni
1627 401 1805 437 animarum
1819 406 1900 439 chri-

1138 463 1141 485 ,
1157 437 1338 474 stifidelium
1355 444 1454 479 salute
1469 452 1496 480 ct
1511 449 1666 492 spirituali
1684 457 1897 493 consolatione

1155 489 1281 527 intentis
1305 495 1521 533 desideramus
1544 503 1717 549 affectibus,
1734 521 1898 553 quascum—

1154 554 1215 587 que
1239 546 1315 579 alias
1339 549 1636 591 dismembrationes
1665 560 1799 596 aliarum
1824 576 1896 609 pro-

1154 596 1327 632 vinciarum
1345 608 1372 634 ct
1401 603 1543 640 locorum
1560 608 1599 642 ab
1616 612 1747 647 ecclesia
1765 621 1793 649 et
1811 617 1895 651 dioe-

1152 650 1214 683 cesi
1240 654 1409 695 praedictis
1435 658 1585 694 hactenus
1601 667 1773 708 apostolica
1791 676 1894 704 aucto-

1152 702 1242 737 ritate
1273 706 1368 740 saetas
1397 714 1616 753 praesentibus
1647 728 1705 761 pro
1734 723 1893 764 expressis

1150 756 1311 800 habentes,
1336 762 1516 799 huiusmodi
1542 770 1824 814 supplicationibus
1850 777 1893 810 in—

1149 809 1275 851 clinati,
1301 814 1338 845 ad
1363 818 1588 862 omnipotentis
1613 823 1667 857 Dei
1704 826 1827 862 laudem
1860 835 1889 864 et

1147 863 1291 906 gloriam,
1312 878 1347 901 ac
1371 870 1619 912 gloriosissimae
1637 878 1704 912 eius
1728 881 1889 923 genitricis

1146 915 1269 958 Mariae,
1283 920 1441 966 totiusque
1450 926 1556 959 curiae
1569 930 1710 965 caelestis
1723 933 1887 977 honorem,

1144 979 1179 1001 ac
1192 969 1291 1014 ipsius
1311 974 1383 1008 tidei
1405 979 1578 1015 catholicae
1595 985 1826 1030 exaltationem,
1844 989 1887 1023 di-

1143 1027 1208 1055 etas
1232 1027 1411 1068 provincias
1431 1033 1601 1076 capitanias
1616 1038 1709 1082 vulgo
1726 1050 1886 1087 nuncupa-

1143 1080 1188 1107 tas
1212 1077 1250 1110 de
1277 1079 1417 1119 Peraiba,
1444 1085 1615 1122 ltamaraca
1639 1096 1666 1123 ct
1694 1092 1882 1137 Riogrande,

1142 1134 1169 1161 et
1196 1130 1233 1163 de
1259 1133 1451 1178 Maranham,
1469 1150 1541 1173 cum
1560 1143 1685 1178 illarum
1701 1147 1881 1191 territoriis,

1139 1184 1276 1227 oppidis,
1304 1187 1393 1229 villis,
1421 1191 1507 1233 locis,
1526 1204 1582 1228 nec
1599 1206 1663 1230 non
1684 1199 1769 1234 clero
1786 1207 1813 1235 et
1830 1214 1881 1246 po-

1139 1237 1224 1279 pulo,
1249 1250 1284 1273 ac
1309 1244 1464 1285 personis,
1491 1251 1699 1292 monasteriis,
1728 1255 1879 1299 ecclesiis,

1137 1291 1288 1335 collegiis,
1311 1301 1341 1328 et
1365 1297 1424 1340 piis
1450 1300 1537 1342 locis,
1562 1313 1619 1337 nec
1635 1315 1699 1339 non
1716 1307 1878 1344 beneficiis

1136 1343 1374 1390 ecclesiasticis,
1408 1354 1604 1389 secularibus
1634 1364 1663 1391 et
1692 1364 1877 1403 quorumvis

1135 1396 1281 1431 ordinum
1311 1404 1525 1448 regularibus,
1550 1409 1589 1442 ab
1613 1412 1747 1446 ecclesia
1771 1414 1875 1450 Sancti

1134 1450 1302 1486 Salvatoris
1327 1462 1355 1488 ct
1373 1456 1508 1493 dioecesi
1530 1463 1699 1505 praedictis
1722 1474 1875 1512 perpetuo

1133 1514 1317 1548 separamus
1334 1513 1362 1543 ct
1380 1510 1654 1559 disnicmbramus‚
1679 1529 1714 1553 ac
1731 1521 1770 1554 ab
1787 1524 1873 1558 omni

1132 1556 1347 1595 iurisdictione
1359 1590 1366 1603 ‚
1391 1565 1585 1603 subiectione
1597 1598 1605 1612 ‚
1631 1574 1871 1620 superioritate,

1130 1613 1344 1655 correctione,
1371 1617 1546 1655 visitatione
1576 1629 1605 1656 ct
1634 1631 1787 1669 potestate
1810 1641 1870 1674 pro

1128 1668 1272 1708 tempore
1296 1669 1457 1705 existentis
1481 1675 1620 1721 episcopi
1638 1678 1742 1714 Sancti
1767 1682 1870 1717 Salva-

1128 1717 1213 1758 toris,
1239 1720 1369 1765 eiusque
1394 1725 1585 1762 vicariorum
1609 1736 1637 1763 et
1663 1733 1866 1777 officialium,

1125 1780 1183 1804 nec
1199 1782 1261 1806 non
1275 1775 1368 1809 etiam
1386 1789 1403 1811 a
1416 1780 1571 1815 solutione
1591 1794 1864 1833 quorumcumque

1124 1823 1241 1859 iurium
1273 1828 1374 1863 eidem
1399 1832 1547 1878 episcopo
1579 1842 1609 1869 et
1640 1838 1763 1874 dilectis
1790 1842 1863 1877 siliis

1122 1879 1259 1922 capitulo
1282 1881 1382 1917 dictae
1406 1886 1556 1922 ecelesiae
1574 1892 1673 1924 sancti
1693 1892 1862 1930 Salvatoris

1121 1941 1178 1975 per
1201 1934 1331 1976 clerum,
1348 1939 1501 1982 populum
1519 1948 1548 1975 ct
1565 1953 1716 1987 personas
1738 1949 1862 1992 provin-

1119 1984 1240 2019 ciarum
1271 1988 1309 2021 de
1338 1990 1485 2034 Peraiba,
1515 1995 1702 2040 ltamaraca,
1729 2005 1758 2035 et
1785 2002 1859 2037 Rio-

1117 2039 1246 2081 grande‚
1257 2046 1286 2074 et
1299 2042 1338 2076 de
1349 2043 1529 2081 Maranham
1543 2048 1723 2086 huiusmodi
1737 2055 1858 2089 ratione

1117 2092 1336 2137 subiectionis,
1361 2097 1602 2144 iurisdictionis,
1627 2107 1858 2150 superioritatis

1115 2150 1167 2178 aut
1191 2147 1387 2192 visitationis,
1412 2157 1441 2185 et
1465 2153 1617 2190 dioecesis
1637 2158 1693 2201 (ita
1717 2161 1801 2204 quod
1817 2162 1856 2196 de

1114 2204 1218 2234 cetero
1235 2203 1414 2246 praedictus
1439 2207 1606 2253 episcopus
1632 2212 1734 2247 Sancti
1753 2215 1855 2249 Salva-

1113 2253 1189 2286 toris
1213 2255 1348 2300 aliquam
1374 2259 1621 2298 iurisdictionem
1646 2267 1851 2311 spiritualem,

1111 2312 1332 2352 praeterquam
1359 2312 1389 2345 in
1415 2313 1485 2355 his,
1509 2327 1588 2359 quae
1613 2325 1683 2352 sunt
1709 2321 1848 2364 ordinis,

1109 2369 1145 2392 ac
1169 2360 1303 2406 demptis
1328 2364 1458 2400 inferius
1482 2371 1650 2413 expressis,
1674 2373 1704 2406 in
1724 2375 1848 2419 oppida,

1108 2413 1277 2456 terminos,
1303 2418 1478 2462 territoria,
1504 2422 1608 2464 villas,
1634 2429 1663 2457 et
1693 2426 1782 2469 loca,
1812 2439 1847 2462 ac

1107 2465 1237 2508 clerum,
1264 2470 1428 2514 populum,
1453 2484 1620 2517 persona&
1645 2481 1844 2523 monasteria,

1106 2519 1262 2562 ccclesias,
1277 2527 1305 2555 et
1324 2523 1390 2556 loca
1405 2525 1465 2568 pia,
1483 2536 1603 2561 necnon
1620 2529 1769 2565 beneficia
1786 2535 1844 2567 suh

1104 2574 1301 2614 separatione
1315 2581 1341 2608 et
1359 2576 1636 2615 dismembratione
1662 2585 1841 2621 huiusmodi

1103 2629 1331 2670 comprehensa
1349 2642 1506 2674 exercere,
1532 2645 1587 2668 nec
1613 2637 1721 2672 cadem
1747 2639 1839 2675 benc-

1915 346 1982 368 [νει-ει,
1993 350 2020 374 ae
2028 351 2099 373 respe-

1915 369 1970 391 ctlsc
1985 374 2037 392 unit.
