2293 3231
274 282 312 307 Ᾰιι
340 280 368 306 (ἶ.
392 279 460 306 1(ῐὲῑῖ

513 270 547 302 tr,
1045 277 1224 302 nrttmtrn

471 328 581 360 diebus
603 334 654 360 ant
681 326 898 363 hebdomadis,
918 332 978 358 tam
996 327 1099 368 prima
1116 328 1228 369 quam‘

471 379 607 414 secunda
623 379 743 424 prandii
763 380 808 411 rel
827 389 942 411 coenae
957 378 1034 411 liora
1044 389 1051 418 3
1069 378 1123 422 qui
1139 388 1212 411 vero

470 444 507 466 ex
524 433 568 465 eis
585 433 764 466 sacerdotes
782 432 907 467 suerint,
924 431 962 463 ad
983 432 1119 475 primam
1137 441 1229 504 now.

470 487 530 521 nisi
547 498 637 520 mane
655 487 832 520 ministrare
850 486 960 519 solent.
1226 506 1229 530 ,

515 540 692 573 Les-tionem
718 539 860 571 similiter
883 539 912 571 in
936 539 1083 574 ccclesia.
1100 544 1131 571 ut
1151 533 1229 572 eui-¹

469 604 530 638 quc
547 605 603 627 sua
625 594 715 627 suerit
735 593 903 626 constituta
920 593 1132 629 hebdomada,
1150 604 1213 626 ser-

470 647 615 680 monibus
637 646 851 690 praeinittan12
874 646 1036 685 intersint,
1061 646 1136 678 dum
1162 645 1229 702 ᾔει-Ι

469 701 602 735 bomar:
639 706 730 744 atquc
766 700 859 733 etiam
897 705 1006 733 curent
1022 727 1029 741 ,
1062 710 1100 732 ne
1137 701 1211 744 qnid

468 755 631 787 omittatur
655 765 691 787 eo
716 759 870 798 tempore,
887 754 971 798 quod
989 764 1056 787 csse
1074 754 1151 787 solet
1170 754 1213 786 in-

469 808 576 840 stituti.
600 808 675 840 Eam
698 818 772 841 vcro
800 807 999 841 ministrandi
1029 813 1056 840 et
1087 807 1211 851 legendi

468 861 727 894 consuetudinem
758 861 819 893 iam
847 861 1008 904 aggregati
1037 861 1075 893 ad
1103 860 1213 894 decen-

468 915 554 948 nium
579 926 678 958 usque
700 915 873 954 retineant,
903 915 951 947 vel
973 914 1099 948 circiter
1123 925 1212 959 supc-

469 968 589 1001 riormn
615 968 762 1003 arbitrio.
789 968 957 1012 praepositi
980 968 1095 1002 scilicet
1115 974 1143 1001 et
1162 968 1212 1002 de-

468 1027 658 1065 putatorum.

514 1076 570 1109 l'bi
589 1076 681 1109 tinem
700 1086 862 1109 sermones
879 1076 1056 1117 habuerint,
1073 1087 1209 1120 quorum

467 1128 607 1172 quotidie
627 1129 706 1162 dnos
728 1130 775 1162 vel
793 1129 902 1162 saltem
925 1139 1024 1162 unum
1043 1129 1210 1170 audierint,

469 1188 498 1215 ut
518 1183 610 1215 etiam
629 1183 799 1216 valetudini
812 1183 946 1228 quadam
961 1194 997 1217 ex
1012 1189 1100 1227 parte
1115 1184 1212 1218 inser-

470 1237 549 1270 viant
561 1264 568 1278 ,
586 1237 617 1270 in
634 1238 771 1281 aliquam
789 1238 1036 1271 ambulationem
1053 1238 1186 1271 veniant.

514 1291 641 1335 Vesperi
665 1291 702 1324 ad
725 1291 901 1326 orationem
924 1291 955 1324 in
977 1291 1151 1325 oratorium
1178 1302 1228 1351 se.

470 1345 640 1378 conserant.

513 1400 534 1431 Λ
561 1398 693 1442 prandio
722 1405 748 1431 et
781 1402 894 1441 coena,
923 1399 1019 1433 animi
1047 1399 1210 1433 recreandi

469 1452 579 1494 gratia,
599 1463 656 1496 per
671 1453 767 1485 borae
789 1453 924 1497 spatium
942 1464 1053 1487 corum
1078 1453 1210 1497 quisque

470 1505 499 1537 in
513 1516 611 1538 unum
625 1516 696 1539 cum
711 1506 779 1539 aliis
792 1506 898 1539 locum
911 1506 1065 1546 adveniat,
1081 1511 1111 1539 ct
1124 1505 1211 1539 omni

470 1559 611 1602 mitigata
637 1560 819 1597 severitate,
845 1560 932 1593 vultu
956 1559 1121 1599 hilariori,
1147 1570 1212 1593 mo-

469 1611 555 1645 deste
583 1618 698 1651 tamen,
723 1613 766 1646 sic
795 1625 827 1645 se
853 1618 952 1655 gerat,
976 1623 1015 1646 ne
1040 1613 1136 1646 alium
1162 1613 1209 1645 vel

471 1665 540 1698 ioco
552 1666 561 1682 ¹
586 1671 700 1710 tangat.

511 1719 541 1753 Si
559 1720 629 1763 quis
645 1731 754 1753 eorum
773 1731 828 1764 per
845 1720 1010 1754 ianitorem
1032 1725 1211 1754 accersatur

468 1773 506 1805 ab
523 1773 638 1817 aliquo,
652 1774 756 1807 statim
769 1774 808 1807 ad
824 1779 947 1818 portam
960 1774 1073 1807 domus
1086 1774 1212 1807 descen-

468 1826 529 1867 dat,
547 1837 580 1860 sc
597 1827 704 1871 paucis
721 1828 874 1872 expediat,
892 1833 919 1861 et
934 1827 1094 1861 neminem
1113 1832 1212 1860 exter-

467 1891 581 1914 norum
599 1881 630 1914 in
647 1882 827 1915 cubiculum
845 1893 947 1921 suum,
969 1882 1017 1914 vel
1035 1881 1164 1915 omnino
1179 1881 1210 1914 in

469 1934 563 1967 aedes
576 1941 717 1976 nostras,
736 1936 834 1969 inscio
855 1935 1020 1981 superiore
1035 1936 1186 1969 admittat.

511 1989 574 2023 Nec
599 1989 708 2029 domo,
733 2001 789 2023 nec
813 1991 886 2031 soli,
910 1991 970 2023 nisi
999 1991 1144 2024 facultate
1172 1990 1210 2022 ab

468 2041 579 2075 eodem
596 2042 684 2083 data,
701 2043 869 2087 aliquando
885 2049 1006 2077 exeant.

513 2096 602 2128 Nulla
630 2101 834 2130 externorum
863 2098 1015 2141 negocia,
1045 2098 1091 2130 vel
1120 2107 1211 2140 quae-

469 2160 603 2193 cumque
620 2150 651 2182 in
668 2151 916 2194 Congregatione
932 2151 1138 2194 degentibus,
1155 2160 1211 2183 seu

469 2203 694 2236 consuetudine
711 2204 775 2237 sire.
796 2204 922 2238 decreto
940 2204 1056 2248 aliquo,
1074 2209 1145 2237 sunt
1162 2204 1212 2236 de-

468 2260 589 2298 negata,
607 2256 672 2290 sine
688 2257 858 2301 praepositi
871 2258 964 2291 etiam
979 2257 1103 2290 lieentia
1116 2257 1212 2290 admi-

468 2308 598 2342 nistrent
615 2315 667 2343 aut
685 2311 860 2344 conficiant.

514 2363 559 2395 Ab
583 2363 853 2398 administratione
879 2375 1058 2404 sacrorum,
1081 2365 1212 2408 ipsoque

469 2417 606 2449 sacrario
631 2417 716 2450 sestis
740 2418 864 2454 dicbus,
887 2418 938 2451 vix
960 2418 1145 2451 necessitate
1163 2428 1214 2451 co-

470 2475 562 2512 gente
582 2470 738 2503 recedant.

514 2523 617 2556 Altare
635 2523 723 2556 cuius
740 2524 872 2568 quisque
889 2535 996 2558 curam
1015 2525 1161 2569 suscepit.
1179 2530 1210 2558 ut

471 2576 604 2619 tempori
629 2577 771 2618 congruit
802 2589 838 2610 cx
873 2578 1085 2611 vicissitudine
1118 2579 1214 2610 ecclc-

471 2629 586 2662 siastici
604 2630 754 2674 mysterii,
775 2636 874 2664 ornet.

510 2694 519 2719 1
544 2691 687 2728 Perperam
707 2693 774 2722 edit.
794 2693 874 2721 Main.
896 2694 976 2723 hahet
996 2696 1054 2723 loco
1068 2695 1106 2729 (n.
1127 2696 1175 2728 Τ).

1248 275 1403 301 noitANt'n

1288 324 1348 357 Ter
1365 325 1396 357 in
1413 323 1610 357 hebdomada
1624 324 1782 367 assignato
1797 323 1988 358 confessario

1245 383 1372 421 peccata
1387 387 1443 410 sua
1457 377 1676 417 confiteantur,
1688 381 1717 410 et
1729 377 1784 421 qui
1796 387 1859 411 non
1873 377 1988 410 suerint

1245 430 1438 466 sacerdotes.
1463 430 1530 463 eins
1554 430 1686 463 arbitrio
1703 430 1925 464 eucharistiam
1942 441 1990 463 ae—

1245 486 1370 530 cipiant,

1289 539 1418 575 Carent,
1436 539 1461 571 si
1479 538 1553 583 quid
1571 538 1756 578 erraverint,
1772 543 1805 572 ut
1827 543 1938 582 sponte
1955 549 1988 570 se

1245 593 1435 627 correctioni
1452 592 1627 626 subiiciant.

1289 646 1332 679 De
1348 645 1599 689 Congregationc
1614 650 1731 686 autem,
1744 645 1783 678 ad
1798 655 1893 690 quani
1919 655 1990 678 con-

1246 701 1403 734 venientes
1428 701 1459 733 in
1483 699 1588 744 aliqua
1605 709 1638 732 se
1660 699 1752 743 culpa
1773 709 1842 732 esse
1863 699 1990 732 demon-

1245 759 1359 795 strant,
1377 759 1457 787 extat
1476 752 1658 786 huiusmodi
1677 757 1859 786 nostrornm
1876 752 1990 785 consti-

1245 808 1341 841 tutio:

1289 863 1499 906 congregatio
1527 864 1692 908 culparum
1720 868 1885 907 tyronum,
1910 859 1988 892 idest

1245 926 1356 950 eorum
1383 917 1437 960 qui
1466 917 1606 951 noudtun
1630 915 1801 950 triennium
1825 914 1857 947 in
1881 915 1990 946 nostra

1243 970 1493 1014 Congregatione
1517 970 1697 1014 exegerint,
1722 969 1787 1002 sive
1810 966 1990 1002 sacerdotes

1244 1023 1303 1057 sint
1321 1024 1386 1057 sive
1405 1023 1522 1062 clerici,
1540 1023 1672 1067 singulis
1689 1023 1743 1056 fiet
1762 1019 1988 1055 hebdomadis:

1243 1082 1275 1110 ut
1291 1077 1407 1111 seilicet
1423 1078 1461 1111 ad
1474 1078 1617 1111 omnium
1633 1086 1837 1111 communem
1854 1074 1988 1110 veniant.

1244 1136 1273 1164 ct
1287 1133 1323 1164 ea
1335 1131 1544 1169 hebdomada,
1558 1131 1590 1164 in
1601 1141 1663 1175 qua
1671 1140 1735 1163 non
1752 1129 1888 1162 habetur
1905 1138 1989 1162 com-

1245 1185 1364 1220 munis,
1387 1184 1534 1228 privatim
1556 1183 1639 1228 apud
1662 1183 1766 1223 illum,
1784 1182 1874 1216 cuius
1895 1191 1989 1215 curae

1245 1243 1314 1271 sunt
1329 1237 1550 1277 commendati,
1563 1237 1601 1270 ad
1613 1247 1685 1270 suas
1698 1236 1805 1279 culpas
1819 1244 1990 1278 coarguen-

1244 1291 1299 1324 das
1316 1296 1560 1335 congregentur.

1288 1344 1446 1378 Adliiberc
1467 1344 1578 1384 etiam,
1596 1345 1665 1378 loeo
1693 1342 1902 1376 accusationis
1927 1342 1987 1374 iam

1244 1398 1345 1431 dictae
1360 1425 1367 1439 ,
1393 1397 1559 1441 aliqnando
1591 1397 1692 1430 solent
1727 1395 1850 1440 probati
1883 1395 1989 1428 cuius-

1245 1462 1306 1495 que
1330 1451 1467 1485 auctoris
1495 1451 1673 1491 lectionem,
1698 1459 1736 1482 ex
1763 1460 1825 1493 qua
1849 1448 1989 1482 saluber-

1245 1505 1334 1539 rimis
1355 1505 1492 1539 vicissim
1516 1504 1714 1538 documentis
1737 1513 1794 1547 per
1817 1502 1990 1536 communi-

1245 1561 1399 1594 cationem
1426 1566 1452 1593 et
1472 1559 1651 1593 divinornm
1671 1558 1871 1592 collationem
1889 1556 1987 1589 imbui

1244 1619 1374 1658 possint.

1533 1686 1602 1718 Car.
1626 1683 1699 1718 vnl.

1244 1748 1290 1782 De
1302 1747 1491 1792 praecipuis
1504 1751 1692 1780 nostrornm
1704 1744 1989 1779 observationibus.

1289 1829 1335 1861 Ad
1360 1827 1549 1862 excolendos
1570 1826 1718 1860 diviniori
1740 1825 1905 1869 disciplina
1921 1834 1990 1857 suo-

1245 1893 1316 1916 rum
1332 1882 1455 1915 animos
1466 1909 1473 1922 ‚
1491 1887 1518 1915 et
1537 1881 1574 1914 ad
1592 1880 1796 1914 christianam
1819 1888 1989 1922 veramque

1244 1937 1392 1980 pietatem
1414 1935 1515 1979 inagis
1535 1933 1793 1974 conformandos,
1810 1933 1887 1966 haec
1902 1942 1991 1976 prae-

1244 1990 1354 2024 sertim
1379 1989 1564 2033 intcrposita
1588 1988 1715 2022 decreta
1731 1991 1833 2020 servat
1855 1986 1990 2029 Congre-

1244 2044 1346 2088 gatio:

1288 2099 1348 2131 Ter
1365 2098 1395 2130 in
1414 2096 1612 2131 hebdomada
1625 2107 1680 2130 sua
1693 2101 1820 2141 peccata
1833 2093 1989 2129 sacerdoti

1245 2152 1283 2185 ad
1306 2152 1366 2185 boc
1391 2152 1512 2185 delecto
1539 2150 1671 2195 quilibet
1699 2149 1905 2187 confiteatur,
1929 2147 1989 2180 nisi

1245 2205 1348 2249 aliqua
1367 2205 1525 2238 interdum
1546 2204 1584 2237 de
1609 2206 1702 2237 causa
1726 2202 1927 2247 permittatur
1950 2200 1989 2233 ab

1247 2258 1314 2302 ipso
1339 2259 1494 2303 quispiam
1520 2258 1611 2291 aliter
1635 2257 1746 2290 facere.
1775 2256 1861 2289 llanc.
1884 2259 1988 2287 tamen

1245 2312 1505 2346 consuetudinem
1522 2323 1539 2344 a
1556 2311 1648 2345 beato
1665 2310 1809 2353 Philippo
1823 2313 1930 2352 patres
1946 2307 1991 2340 in—

1246 2366 1345 2400 stituti
1363 2365 1531 2410 perutilem
1547 2365 1586 2399 ad
1603 2365 1736 2398 salutem
1751 2367 1911 2395 aeternam
1935 2371 1990 2395 vo-

1247 2420 1310 2453 lunt
1339 2424 1365 2452 et
1389 2418 1580 2462 praedicant.
1599 2417 1643 2450 Ad
1660 2415 1883 2450 cucharistiam
1901 2414 1990 2447 simi-

1247 2472 1318 2505 liter
1349 2471 1535 2505 sumendam
1567 2481 1600 2503 se
1630 2474 1740 2513 paret,
1769 2473 1934 2511 sumatque
1963 2467 1989 2499 si

1248 2526 1389 2558 videatur
1407 2525 1508 2558 eidem
1526 2523 1576 2557 cui
1592 2523 1754 2556 consessus
1771 2521 1873 2554 suerit.

1264 2584 1269 2588 '
1290 2579 1500 2621 (longi-egatio
1516 2579 1561 2620 (ut
1579 2576 1726 2618 dicimus)
1747 2576 1922 2618 culparum,
1936 2574 1990 2607 de-

1247 2632 1443 2676 cimoquinto
1464 2641 1590 2675 quoquc
1614 2629 1665 2662 die
1688 2633 1841 2673 perpetuo
1866 2628 1937 2668 siat,
1958 2628 1990 2660 in

1245 2697 1305 2729 qua
1322 2696 1384 2720 non
1406 2685 1501 2719 modo
1517 2683 1696 2718 sacerdotes
1720 2683 1914 2722 intererunt,
1935 2681 1990 2715 sed

2004 275 2054 303 An.
2069 275 2100 303 C.
2119 275 2189 305 1020
