2293 3231
91 300 148 330 -An-
165 300 195 330 0.
214 299 282 329 1622
318 312 320 314 v

128 1320 271 1342 Prooemium.

297 405 384 434 catus
407 399 506 434 nostri
531 410 612 432 anno
635 409 667 432 11.

331 463 390 491 Dat.
407 463 451 490 die
467 462 502 489 22
516 462 582 490 iunii
600 462 676 495 1622,
694 460 788 497 pontif.
802 466 906 487 annon.

341 526 372 559 V.
398 525 463 558 Dat.

605 569 793 602 Fencmnus
814 568 946 601 PAuLus.

754 621 783 654 S.
804 620 842 654 de
860 620 990 654 Ursinis.

351 683 475 718 Reqistr.
496 683 529 711 in
549 683 627 710 Secr.
649 682 732 710 Brev.

624 813 711 847 LXII.

297 894 468 938 Impositio
491 893 632 926 subsidii
656 893 868 927 ducentorum
891 893 1038 926 millium

342 951 508 979 scutorum
532 957 553 978 a
575 947 670 989 requi
692 945 922 989 Porluqallz'ae
945 945 1039 979 eccle-

343 1000 483 1033 siasticis
492 1000 563 1043 reyz'
572 999 778 1042 persolvendi
783 1010 844 1043 pro
857 999 1039 1042 defensione

343 1052 520 1086 Indiarum
536 1052 750 1084 orientalium
763 1056 875 1084 contra
891 1052 1036 1084 invasio-

344 1115 400 1138 nes
417 1105 653 1138 haereticorum
668 1109 765 1148 atque
781 1105 967 1147 infidelimn
975 1104 993 1138 ¹.

503 1186 661 1221 Gregorius
681 1187 758 1221 Papa
777 1187 834 1221 XV,

448 1231 484 1259 ad
503 1232 636 1259 futuram
655 1231 702 1259 rei
717 1232 898 1259 memoriam.

345 1306 380 1339 In
392 1305 542 1349 suprema
555 1303 716 1336 militantis
733 1304 889 1336 Ecclesiae
902 1305 1040 1348 specula,

301 1359 388 1393 nullo
412 1358 486 1391 licet
501 1357 688 1390 meritorum
709 1356 870 1400 suffragio,
887 1357 1040 1391 immensa

302 1412 357 1446 Dei
382 1417 412 1445 et
435 1410 560 1445 Domini
583 1411 683 1444 nostri
704 1410 895 1454 benignitate
919 1411 1042 1444 consti-

302 1467 373 1508 tuti,
388 1466 470 1499 intra
490 1465 604 1498 mentis
618 1470 745 1498 nostrae
762 1475 875 1498 arcana
896 1466 1041 1499 attentius

303 1519 556 1561 considerantes,
581 1518 741 1562 principes
758 1523 788 1551 et
804 1522 973 1562 potestates
997 1525 1041 1552 te-

301 1575 486 1614 nebrarum,
505 1572 656 1605 adversus
681 1583 762 1616 quos
782 1572 921 1605 Ecclesia
937 1576 1042 1607 sancta

303 1630 427 1664 assidue
451 1629 648 1669 colluctatur,
673 1628 711 1660 ad
727 1628 868 1661 eiusdem
885 1628 1042 1661 Ecclesiae

302 1684 427 1718 ruinam
451 1687 482 1716 et
506 1681 679 1716 catholicae
703 1681 866 1725 religionis
887 1682 1041 1715 excidium

303 1738 496 1772 incessanter
520 1736 661 1779 vigilare,
685 1745 749 1768 non
772 1746 940 1779 possumus
970 1737 1043 1769 totis

303 1791 478 1825 visceribus
502 1799 565 1823 non
591 1788 803 1829 commoveri,
831 1794 860 1821 et
884 1789 957 1822 licet
981 1800 1045 1822 cer-

303 1850 368 1879 tam
392 1855 481 1889 spem
509 1848 539 1876 et
559 1842 707 1876 fiduciam
739 1842 912 1875 habeamus
935 1842 967 1875 in
983 1843 1044 1876 Do-

303 1899 391 1933 mino
407 1899 471 1932 Deo
491 1897 696 1937 exercituum,
716 1896 770 1940 qui
789 1906 935 1939 sponsam
955 1907 1043 1929 suam

304 1952 476 1987 Ecclesiam
488 1956 627 1984 sanctam
644 1950 702 1983 sub
714 1950 828 1982 umbra
846 1960 957 1983 manus
970 1960 1045 1983 suae

304 2005 461 2050 protegit,
485 2004 629 2047 cogimur
648 2009 762 2043 tamen,
783 2003 867 2036 iuxta
891 2003 1044 2036 creditum

306 2058 397 2091 nobis
421 2057 556 2100 desuper
579 2056 768 2100 apostolicae
800 2056 958 2089 servitutis
982 2057 1046 2089 offi-

308 2112 402 2152 cium,
411 2110 443 2143 in
452 2110 484 2143 id
497 2109 583 2143 omni
596 2109 795 2152 cogitatione,
809 2110 958 2153 omnique
971 2112 1046 2143 cura

307 2165 512 2204 incumbere,
539 2168 573 2196 ut
596 2162 787 2207 provisionis
810 2168 936 2196 nostrae
960 2164 1048 2196 mini-

308 2219 408 2253 sterio
436 2228 499 2252 non
523 2217 625 2251 solum
653 2227 726 2250 oves
751 2217 864 2251 Christi
899 2218 1047 2251 adversus

307 2272 471 2317 rapacium
501 2272 651 2316 luporum
685 2270 813 2303 insidias
837 2271 1048 2304 communitae

309 2327 421 2360 secura
445 2325 478 2358 in
508 2323 730 2367 tranquillitate
761 2323 894 2357 reddant
915 2324 1048 2357 Domino

310 2379 507 2413 abundanter
537 2378 658 2411 fructus
689 2387 783 2418 SUOS,
811 2377 865 2409 sed
894 2377 989 2410 etiam
1017 2378 1049 2410 in

310 2443 437 2467 omnem
460 2437 579 2465 terram
603 2430 693 2463 verbi
717 2430 772 2463 Dei
792 2440 886 2463 sonus
906 2435 1003 2470 exeat,
1020 2436 1051 2463 et

310 2496 428 2521 nomen
450 2485 545 2526 illius,
562 2495 633 2517 cum
658 2484 739 2517 felici
764 2483 904 2516 eiusdem
928 2483 1051 2526 religio-

311 2541 360 2574 nis
378 2538 618 2584 propagatione,
638 2537 757 2581 ubique
781 2536 922 2580 gentium
938 2537 1051 2570 collau-

312 2594 404 2627 detur
426 2597 457 2627 et
480 2592 683 2636 glorificetur.
702 2591 787 2624 Unde
803 2601 871 2631 nos,
891 2601 986 2634 super
1002 2591 1051 2624 his

312 2648 426 2691 iugiter
442 2646 577 2687 solliciti,
594 2645 822 2679 catholicorum
838 2655 949 2688 regum
969 2650 1050 2685 vota,

349 2711 362 2737 1
382 2709 421 2736 Ex
439 2709 549 2744 Regesx.
570 2708 598 2734 in
617 2707 720 2735 Secret.
741 2707 817 2734 Brev.

401 2762 482 2791 Bull.
501 2762 585 2790 Rom.
605 2777 639 2782 —
657 2762 716 2790 Vol.
732 2761 800 2789 XII.
978 2758 1014 2786 88

898 295 1074 321 onaoomus
1099 295 1141 319 xv
1162 295 1209 319 pr.

295 356 454 387 uncxxn,
478 345 600 380 decimo
624 345 774 379 kalendas
798 344 886 385 iulii,
912 344 1050 388 pontifi-1

1066 346 1131 378 vias
1156 350 1186 377 et
1210 343 1320 377 modos
1343 341 1586 386 exquirentium,
1617 340 1732 384 quibus
1756 351 1807 374 ne-

1067 398 1163 431 farios
1187 397 1325 430 hostium
1362 395 1460 439 ipsius
1491 394 1563 427 fidei
1588 404 1682 427 ausus
1707 394 1808 437 repri-

1068 461 1154 484 mcrc
1180 456 1209 483 et
1229 450 1393 493 dissipare,
1410 454 1439 481 et
1456 449 1513 481 hac
1532 448 1651 481 ratione
1669 447 1809 480 infideles

1069 505 1154 548 ipsos
1180 514 1215 536 ex
1241 502 1431 535 infidelitatis
1457 501 1594 534 tenebris
1615 500 1653 533 ad
1673 500 1738 533 veri
1755 500 1808 533 Dei

1069 557 1260 599 agnitionem
1277 555 1443 595 adducere,
1463 554 1570 586 fideles
1595 564 1670 586 vero
1689 553 1727 585 ab
1746 552 1811 585 infi-

1069 609 1186 642 delium
1211 607 1440 647 invasionibus,
1465 606 1583 650 rapinis
1607 611 1637 638 et
1662 605 1811 638 servitute

1070 663 1207 695 liberare
1230 662 1362 701 valeant,
1386 660 1521 692 libenter
1545 663 1575 693 et
1605 659 1719 692 merito
1744 669 1811 691 am-

1070 715 1247 759 plectimur,
1272 719 1302 746 et
1326 713 1420 746 officii
1444 713 1544 747 nostri
1564 718 1668 757 partes
1692 712 1731 744 ad
1747 718 1810 744 tam

1071 772 1212 801 sanctum
1232 771 1261 800 et
1276 767 1340 800 Deo
1360 771 1522 810 acceptum
1543 776 1634 809 opus,
1651 764 1810 807 congruis,

1071 826 1223 864 quantum
1247 819 1317 852 fieri
1340 819 1458 862 possit,
1487 818 1525 851 ad
1550 818 1580 850 id
1605 817 1810 861 suppeditatis

1071 873 1212 914 auxiliis,
1233 872 1446 905 favorabiliter
1474 871 1712 915 interponimus,
1735 870 1810 903 alia-

1072 938 1132 970 que
1156 926 1288 958 sacimus
1305 952 1313 966 ‚
1342 924 1507 957 statuimus
1542 930 1572 956 et
1607 923 1810 964 ordinamus,

1072 984 1175 1023 prout,
1193 989 1311 1019 rerum,
1328 983 1507 1021 temporum
1528 982 1558 1009 et
1576 977 1719 1009 locorum
1737 986 1812 1019 qua-

1073 1031 1210 1064 litatibus
1234 1030 1338 1063 debite
1361 1030 1499 1074 pensatis
1513 1056 1520 1070 ‚
1546 1029 1757 1073 conspicimus
1780 1028 1813 1061 in

1073 1084 1206 1117 Domino
1230 1083 1397 1116 salubriter
1421 1082 1579 1126 expedire.

1118 1138 1148 1170 1.
1174 1137 1296 1180 Exponi
1321 1136 1477 1180 siquidem
1500 1135 1590 1168 nobis
1613 1145 1715 1178 nuper
1739 1133 1812 1167 fecit

1075 1190 1279 1223 charissimus
1304 1190 1335 1221 in
1359 1190 1482 1222 Christo
1510 1188 1593 1221 filius
1617 1193 1725 1221 noster
1744 1187 1813 1220 Phi-

1074 1247 1177 1290 lippus
1212 1245 1421 1288 Portugalliae
1452 1250 1482 1277 et
1511 1243 1734 1286 Algarhiorum
1757 1252 1813 1275 rex

1075 1302 1246 1335 catholicus
1260 1328 1267 1342 ,
1288 1300 1372 1346 quod
1385 1327 1393 1341 ,
1421 1302 1567 1344 suscepta
1591 1310 1649 1343 per
1672 1299 1814 1332 nationes

1075 1355 1357 1400 septemtrionales,
1375 1355 1531 1387 diabolica
1549 1355 1716 1386 haeresum
1734 1354 1815 1386 frau-

1075 1411 1113 1444 de
1130 1410 1284 1449 seductas,
1304 1419 1321 1441 a
1338 1408 1444 1441 multis
1461 1408 1549 1441 annis
1566 1408 1644 1440 citra
1664 1407 1695 1440 in
1713 1407 1815 1440 Indias

1075 1465 1242 1498 orientales
1258 1463 1467 1506 navigatione,
1485 1473 1523 1495 ex
1539 1463 1628 1495 lucro
1646 1461 1717 1494 inde
1734 1461 1815 1494 facto

1075 1519 1204 1552 ditiores
1217 1523 1247 1551 et
1259 1517 1453 1561 potentiores
1469 1516 1619 1556 redditae,
1632 1525 1696 1548 non
1713 1515 1816 1548 solum

1075 1572 1234 1614 ingentem
1266 1571 1394 1603 navium
1429 1569 1662 1602 multitudinem
1693 1579 1817 1612 compa-

1075 1630 1196 1666 rarunt,
1213 1630 1241 1658 et
1266 1624 1415 1657 nonnulla
1438 1623 1677 1667 propugnacula
1701 1622 1733 1654 in
1753 1622 1817 1655 illa-

1076 1689 1147 1712 rum
1171 1677 1309 1722 partium
1341 1677 1470 1710 maioris
1496 1676 1646 1709 momenti
1670 1676 1817 1719 portibus

1077 1737 1281 1776 occuparunt,
1295 1731 1359 1763 sive
1383 1734 1636 1770 construxerunt,
1653 1729 1707 1762 sed
1723 1730 1817 1762 etiam

1077 1786 1115 1819 ad
1140 1786 1208 1819 loca
1238 1790 1267 1817 et
1299 1784 1560 1828 propugnacula,
1584 1793 1641 1827 per
1671 1783 1817 1815 eumdem

1078 1841 1256 1884 Philippum
1280 1850 1389 1882 regem
1409 1839 1441 1871 in
1458 1838 1575 1871 eisdem
1599 1838 1742 1882 partibus
1767 1848 1818 1871 ac-

1078 1894 1212 1938 quisita,
1238 1892 1417 1936 occupanda
1451 1891 1591 1924 animum
1616 1891 1817 1931 adiecertmt,

1077 1958 1179 1991 neque
1209 1957 1260 1979 eas
1294 1951 1340 1978 tot
1376 1946 1489 1978 classes
1514 1948 1543 1978 et
1568 1955 1675 1985 arma,
1701 1950 1764 1976 tam
1787 1944 1820 1977 iu

1079 2001 1196 2033 eisdem
1221 1999 1379 2032 indiarum
1396 2008 1490 2042 quam
1507 1998 1597 2040 regni
1610 1997 1820 2040 Pol-tugalliae

1079 2054 1229 2098 partibus,
1247 2063 1318 2085 cum
1337 2052 1490 2085 immensa
1515 2051 1696 2095 patrimonii
1722 2051 1820 2095 ipsius

1080 2107 1215 2150 Philippi
1240 2106 1324 2149 regis
1347 2107 1483 2149 expensa
1508 2105 1546 2137 ad
1563 2105 1647 2138 hunc
1664 2104 1758 2137 finem
1776 2104 1820 2136 in-

1081 2167 1207 2201 structa,
1227 2160 1384 2192 debellare
1410 2163 1581 2202 potuerunt
1596 2185 1603 2199 ,
1628 2159 1726 2191 immo
1751 2158 1821 2191 illae

1080 2215 1313 2259 prevaluerunt,
1330 2212 1516 2256 praesertim
1538 2216 1609 2255 post
1633 2216 1821 2254 occupatum

1081 2279 1098 2300 a
1115 2267 1217 2300 Persis
1242 2265 1424 2299 earumdem
1450 2265 1612 2297 nationum
1630 2264 1746 2296 auxilio
1764 2264 1823 2296 suf-

1082 2321 1166 2354 fultis
1190 2319 1463 2365 propugnaculum
1488 2318 1525 2351 de
1551 2318 1685 2356 Ormus,
1710 2317 1752 2351 ita
1779 2322 1822 2358 ut,

1082 2375 1141 2407 nisi
1166 2374 1204 2407 de
1229 2379 1410 2417 opportuno
1435 2371 1576 2404 remedio
1601 2370 1822 2414 provideatur,

1084 2427 1351 2461 evidentissimum
1375 2426 1551 2470 periculum
1585 2424 1685 2465 adsit,
1709 2435 1748 2457 ne
1772 2435 1824 2457 ce-

1083 2487 1151 2515 tera
1174 2481 1314 2514 eiusdem
1339 2479 1474 2523 Philippi
1499 2479 1583 2521 regis
1607 2479 1676 2511 loca
1701 2483 1731 2510 et
1754 2489 1825 2522 pro-

1083 2535 1262 2580 pugnacula
1286 2533 1402 2566 ibidem
1438 2532 1600 2565 existentia
1630 2532 1822 2565 amittantur.

1130 2590 1144 2633 ἓ
1167 2589 1197 2622 ⁶2.
1215 2588 1290 2621 Cum
1312 2592 1426 2627 autem,
1445 2587 1523 2619 sicut
1543 2585 1650 2618 eadem
1669 2585 1823 2629 expositio

1084 2641 1302 2684 subiungebat,
1316 2641 1399 2673 idem
1416 2640 1577 2683 Philippus
1590 2650 1644 2672 rex
1660 2639 1823 2682 proprium

1084 2696 1181 2740 ipsius
1223 2694 1313 2737 regni
1348 2693 1559 2736 Portugalliae
1596 2691 1824 2736 patrimonium

1820 291 1869 320 An.
1886 291 1914 320 G.
1936 290 2004 321 ¹622

1901 1151 2012 1178 Philippus

1827 1183 1863 1198 rex
1891 1177 2013 1198 haeretico-

1828 1210 1872 1224 rum
1888 1207 1952 1230 atque
1968 1204 2012 1224 infi-

1828 1231 1905 1251 delium
1922 1231 2013 1251 'invasio-

1828 1263 1864 1278 nes
1897 1258 1917 1277 in
1949 1257 2013 1277 ludiis

1829 1283 1972 1305 Orientalibus
1981 1289 2014 1304 re-

1829 1313 1908 1332 censet.

1866 2596 1946 2620 Quibus
1956 2596 2025 2622 repel-

1839 2623 1905 2653 lendis
1926 2629 1974 2643 cuin
1997 2622 2025 2643 sit

1839 2655 1917 2676 uupar;
