2293 3231
289 317 338 344 Αη,
356 315 383 343 c.
407 315 473 344 ¹622
520 306 583 342 ἨΞ

318 592 356 612 Per
375 595 421 609 netu
439 597 473 611 anr

371 617 474 663 ‘¹¹⁰'''*,‘,'.'¹,'
490 639 555 667 nas,
566 627 674 671 quavis
685 626 836 668 dignitate
846 626 892 658 vel
906 624 1091 658 auctoritate
1105 623 1234 666 fungen-

292 647 387 665 decim-w

488 363 576 397 minii
591 363 780 395 Venetorum
802 359 969 394 sexdecim.
986 361 1017 389 ut
1040 357 1230 401 praefertur,

490 416 709 454 indixerinius,
735 414 787 446 tali
811 418 937 446 nostrae
962 410 1153 455 impositioni
1179 420 1230 443 ac-

490 470 662 513 quiescere,
676 478 710 500 ac
733 466 841 499 tacitas
858 471 887 498 ct
905 467 1066 498 contentas
1091 473 1158 496 esse
1177 473 1231 497 vo-

491 523 602 554 lunius.

535 578 549 617 3·
573 574 602 606 ἦ,
630 573 796 606 [nix-ersus
814 582 889 605 vero
909 575 939 604 et
963 570 1103 614 singulas
1127 579 1233 614 perso-

492 687 546 721 tcs,
564 686 626 712 tam
644 678 840 723 supradictas
856 677 1014 717 ecclesias,
1032 676 1233 717 monasteria,

491 740 519 766 et
544 733 693 766 beneficia
719 731 956 776 quomodolibet
979 730 1171 770 obtinentes,
1197 739 1233 763 ac

492 787 666 831 pensiones,
684 797 739 818 seu
760 785 889 825 fructus,
907 788 960 817 aut
984 793 1093 816 earum
1109 788 1233 827 partem

492 839 561 879 sibi,
579 844 611 872 ut
624 839 811 883 praefertur,
825 842 1001 870 reservatas
1013 836 1233 881 percipientes,

492 903 585 936 quam
612 892 822 926 ultimodictas
847 890 1119 934 congregationes,
1139 894 1169 922 et
1186 900 1236 924 eo-

492 958 562 980 rum
581 956 848 990 unumquemque,
857 950 920 978 tam
933 944 1127 978 coniunctim
1140 953 1235 988 quam

493 1000 635 1040 divisim,
660 1000 698 1032 ad
719 999 899 1033 huiusmodi
931 998 1069 1031 decimas
1102 997 1135 1030 in
1164 1002 1235 1031 octo

494 1055 582 1087 annis
597 1082 604 1094 ‚
630 1054 720 1087 binas
744 1054 889 1086 videlicet
912 1052 1051 1086 decimas
1075 1051 1237 1085 dumtaxat

493 1108 632 1152 quolibet
650 1118 741 1147 anno,
759 1112 787 1141 et
803 1106 907 1152 quoad
930 1105 1141 1139 ultimodictas
1165 1114 1237 1138 con-

494 1162 694 1205 gregationes
711 1162 850 1205 singulas
867 1166 988 1194 tantum
1005 1159 1143 1193 decimas
1164 1169 1236 1192 cum

494 1218 553 1248 una
578 1218 687 1248 octava
708 1221 796 1260 parte
812 1215 942 1247 alterius
966 1214 1117 1254 decimae,
1133 1212 1237 1257 quoad

495 1270 593 1303 dictos
610 1274 714 1304 autern
736 1270 848 1303 fratres
864 1269 1074 1303 Mendicantes
1098 1267 1237 1311 singulas

496 1325 640 1357 similiter
649 1325 786 1357 decimas
799 1324 967 1368 quotannis
979 1323 1112 1356 durante
1133 1328 1238 1356 octen-

496 1378 547 1411 nio
565 1378 599 1410 a'
618 1378 667 1411 die
685 1388 706 1411 n
724 1378 800 1411 iunii
821 1378 963 1422 proxime
988 1376 1159 1421 praeteriti,
1177 1387 1239 1420 qua

497 1431 605 1464 ultima
631 1432 792 1465 concessio
817 1432 947 1475 expirat,
968 1430 1189 1474 computando,
1209 1434 1239 1462 et

497 1490 529 1518 ut
560 1486 700 1529 sequitur
729 1485 888 1526 liniendo,
913 1485 944 1517 in
973 1484 1066 1518 certis
1096 1484 1239 1517 terminis

497 1551 554 1584 per
579 1544 606 1574 tc
632 1540 842 1584 praefigendis
867 1541 988 1583 integre
1016 1539 1239 1583 persolvendas

498 1594 665 1628 efficaciter
691 1594 799 1634 teneri,
824 1599 851 1626 et
878 1604 949 1626 vere
974 1593 1129 1636 obligatos
1154 1603 1238 1633 esse,

499 1647 670 1692 iisdemque
695 1647 914 1691 pensionariis,
932 1652 984 1680 aut
1000 1657 1111 1680 eorum
1136 1646 1240 1687 alicui,

499 1702 665 1745 pensiones
679 1711 796 1733 annuas
810 1700 985 1744 praedictas
997 1699 1241 1744 (quantumlibet

499 1760 668 1798 exemptas,
689 1760 717 1787 et
744 1754 800 1787 sub
818 1754 980 1798 quibusvis
996 1753 1241 1797 obligationibus

499 1809 592 1842 etiam
619 1808 649 1841 in
675 1809 774 1841 forma
799 1818 957 1849 camerae,
983 1814 1013 1841 et
1046 1808 1240 1849 iuramento,

500 1863 592 1896 etiam
618 1862 655 1895 de
680 1873 742 1895 non
767 1861 1052 1902 contraveniendo,
1078 1866 1108 1894 et
1137 1862 1241 1894 forsan

500 1917 537 1949 «le
562 1927 624 1950 non
649 1916 848 1960 impetrando
878 1916 995 1959 gratias
1019 1920 1142 1948 nostras
1171 1925 1242 1948 con-

502 1977 547 2003 tra
571 1981 634 2011 eos,
660 1976 690 2002 et
713 1969 750 2002 de
775 1980 838 2003 non
862 1969 977 2003 utendo
1006 1969 1163 2002 concessis
1188 1969 1243 2002 sir-

502 2029 610 2064 matas,
635 2029 684 2056 aut
717 2024 792 2056 alias
817 2024 959 2063 vallatas,
985 2028 1015 2055 et
1039 2023 1144 2056 forsan
1174 2023 1243 2056 aliis

501 2078 630 2110 cautelis
654 2084 682 2110 et
707 2077 841 2110 decretis
867 2077 1014 2120 munitas)
1035 2087 1161 2110 causam
1187 2076 1242 2111 do-

501 2131 636 2166 nationis
660 2142 756 2175 super
777 2130 887 2163 iisdem
904 2130 1058 2163 fructibus
1075 2136 1105 2163 et
1122 2131 1244 2174 pensio—

502 2185 602 2226 nibus,
621 2185 712 2217 etiam
732 2184 836 2217 medio
849 2184 1032 2216 cedularum
1050 2184 1174 2225 banchi,
1189 2195 1243 2218 seu

502 2240 531 2272 in
546 2240 646 2272 forma
664 2238 795 2282 depositi
814 2238 1011 2278 habentibus,
1028 2244 1059 2271 et
1074 2238 1155 2272 intra
1171 2244 1242 2272 octo

502 2304 600 2326 annos
625 2292 801 2337 praedictos
826 2291 978 2325 habituris
1004 2292 1139 2334 (etiamsi
1167 2292 1242 2336 ipsi,

502 2358 518 2380 a
540 2347 653 2390 quibus
680 2346 847 2390 pensiones
871 2345 1052 2377 huiusmodi
1078 2345 1244 2379 solvendae

503 2406 584 2439 sunt,
604 2400 662 2432 iuri
683 2405 713 2432 et
733 2399 846 2432 actioni
865 2398 1027 2442 petendae,
1046 2399 1093 2431 vel
1112 2399 1245 2432 retinen-

503 2454 559 2487 dae
574 2454 736 2497 portionis,
751 2458 803 2485 aut
817 2459 901 2485 ratae
913 2453 1009 2497 partis
1026 2453 1244 2496 pensionarios

505 2508 657 2550 tangentis
676 2507 879 2539 iureiurando
896 2506 1163 2550 renunciaverint)
1180 2507 1244 2539 ulla

504 2561 666 2604 privilegia
678 2566 729 2592 aut
745 2560 962 2602 imlulgentias‚
974 2560 1032 2592 sub
1045 2570 1244 2604 quacumque

507 2613 674 2645 verborum
691 2614 789 2645 toi-ina
800 2619 853 2645 aut
866 2614 1069 2656 expressione
1082 2618 1244 2657 concepta,

505 2667 606 2709 quoad
625 2668 682 2699 hoc
701 2668 877 2699 nullatenus
901 2667 1067 2710 suffragari
1089 2668 1242 2700 volumus.

541 2731 553 2757 1
574 2730 668 2766 l'raep.
685 2740 703 2757 α
719 2739 766 2757 nos
782 2730 907 2757 addimus
920 2730 958 2765 (n.
974 2729 1021 2765 T.).

1067 308 1245 334 BULLARIUM
1268 306 1424 333 Romnum

1263 355 1387 399 Sicque,
1406 358 1437 389 et
1451 364 1515 388 non
1535 354 1636 395 aliter,
1653 354 1684 387 in
1700 353 1868 398 praedictis
1883 353 2006 388 univer-

1264 408 1306 441 sis
1335 413 1363 441 et
1395 407 1527 451 singulis
1551 417 1610 452 per
1640 417 1856 451 quoscumque
1887 407 2006 442 iudices

1265 468 1296 495 et
1320 461 1566 502 commissarios,
1591 460 1685 494 etiam
1709 470 1876 494 causarum
1899 461 2007 505 palatii

1266 515 1430 561 apostolici
1446 514 1616 555 auditores,
1633 519 1664 548 et
1680 513 1709 548 S.
1725 514 1759 548 R.
1775 514 1809 547 E.
1824 513 2008 556 cardinales,

1266 569 1297 602 in
1322 568 1432 613 quavis
1456 569 1551 602 causa
1575 572 1607 602 et
1631 567 1778 601 instantia
1804 566 1941 611 (sublata
1965 567 2010 601 eis

1266 626 1296 656 et
1320 632 1430 656 eorum
1456 621 1595 662 cuilibet,
1610 620 1719 665 quavis
1739 620 1828 654 aliter
1852 619 2009 654 iudicandi

1265 680 1295 709 et
1326 673 1553 719 interpretandi
1582 674 1730 707 facultate
1757 678 1788 707 et
1811 673 2009 718 auctoritate)

1265 728 1398 762 iudicari
1422 731 1452 762 et
1475 726 1601 761 definiri
1623 726 1750 768 dehere,
1774 737 1810 761 ac
1833 726 1959 760 irritum
1979 731 2010 760 et

1266 783 1358 816 inane
1380 780 1535 826 quidquid
1567 790 1658 813 secus
1685 790 1781 825 super
1809 779 1858 813 his
1882 790 1900 812 a
1923 790 2006 825 quo-

1267 846 1373 881 quam,
1383 835 1492 880 quavis
1508 833 1706 875 auctoritate,
1715 833 1850 867 scienter
1863 833 1911 866 vel
1923 833 2009 877 igno-

1267 894 1385 931 ranter,
1401 887 1570 932 contigerit
1585 887 1742 928 attentari,
1754 887 1963 921 decernimus.

1312 944 1328 988 g
1352 942 1381 976 4.
1408 943 1447 977 Ut
1470 947 1574 976 autem
1599 941 1781 976 huiusmodi
1805 941 1946 975 decimae
1969 940 2010 974 t'a-

1268 997 1359 1031 cilius
1383 996 1566 1040 exigantur,
1589 995 1819 1029 fraternitatem
1842 999 1950 1036 tuam,
1973 1004 2011 1028 ac

1268 1050 1465 1085 venerabiles
1493 1051 1608 1083 fratres
1636 1049 1847 1094 patriarcham
1871 1048 2012 1083 Venetia-

1269 1115 1340 1139 rum
1364 1110 1395 1138 et
1419 1104 1602 1149 episcopum
1626 1103 1836 1144 vicentinum,
1859 1101 1898 1136 ad
1914 1102 2012 1136 dictas

1269 1158 1407 1192 decimas
1431 1157 1620 1202 exigendas,
1645 1156 1781 1201 ducique
1804 1161 1835 1190 et
1865 1155 2011 1190 Dominio

1269 1212 1449 1257 praedictis,
1473 1212 1537 1245 sive
1561 1211 1629 1244 eius
1652 1210 1804 1243 ministris
1828 1209 1867 1243 ad
1891 1209 1921 1243 id
1939 1220 2010 1254 spe-

1269 1267 1391 1300 cialiter
1414 1265 1582 1310 deputatis‚
1599 1265 1702 1299 statim
1718 1265 1804 1297 nulla
1824 1264 2011 1308 interposita

1271 1322 1371 1362 mora,
1388 1326 1417 1353 et
1434 1320 1501 1353 sine
1520 1320 1625 1364 aliqua
1641 1329 1773 1364 prorsus
1792 1319 2012 1361 diminutione,

1271 1375 1446 1408 retentione
1463 1380 1515 1408 aut
1536 1373 1729 1407 detractione
1749 1373 1857 1416 (etiam
1875 1383 1941 1407 non
1964 1373 2014 1407 de-

1272 1428 1379 1461 tractis
1407 1428 1545 1472 quinque
1574 1437 1633 1471 pro
1664 1427 1845 1460 centenario
1870 1437 2014 1461 camerae

1271 1487 1397 1515 nostrae
1436 1481 1615 1526 praedictae
1644 1481 1677 1514 in
1707 1480 1869 1514 exactione
1903 1480 2014 1514 talium

1272 1535 1469 1569 decimarum
1499 1534 1652 1580 applicari
1683 1534 1861 1579 consuetis)
1891 1534 2014 1578 integre

1273 1588 1511 1633 consignandas,
1531 1588 1713 1622 earumdem
1738 1587 1933 1621 decimarum
1950 1588 2015 1622 col-

1274 1643 1408 1676 lectores
1431 1647 1462 1676 et
1486 1647 1650 1676 exactores
1666 1652 1724 1687 per
1747 1645 1928 1687 praesentes
1945 1651 2016 1676 con-

1275 1697 1433 1730 stituimus
1446 1701 1476 1729 et
1489 1696 1694 1741 deputamus;
1712 1706 1748 1729 ac
1764 1695 1820 1729 tibi
1836 1701 1866 1729 et
1882 1695 2017 1740 patriar-

1275 1751 1353 1785 chae
1375 1751 1577 1785 Venetiarum
1605 1761 1641 1784 ae
1675 1750 1824 1795 episcopo
1853 1749 2017 1784 Vicentino

1276 1806 1348 1849 (pro
1365 1815 1472 1846 onere,
1490 1804 1574 1848 quod
1595 1804 1627 1837 in
1644 1804 1805 1838 exactione
1821 1803 2016 1837 decimarum

1276 1859 1457 1893 huiusmodi
1470 1858 1676 1902 sustinebitis)
1692 1863 1829 1903 quatuor
1841 1857 1939 1891 millia
1952 1867 2018 1892 scu-

1276 1917 1306 1946 ta
1329 1913 1398 1946 auri
1415 1913 1447 1945 in
1472 1923 1550 1946 auro
1567 1923 1604 1946 ex
1625 1911 1745 1945 eisdem
1769 1911 1900 1945 decimis
1919 1910 2019 1944 detra-

1276 1966 1370 1999 hendi
1383 1965 1403 2007 ¹,
1428 1971 1458 1999 et
1483 1965 1609 1999 illorum
1629 1965 1830 1998 medietatem
1856 1964 1938 1998 inter
1961 1973 2018 1998 vos

1276 2030 1334 2064 pro
1366 2019 1489 2064 aequali
1519 2019 1687 2063 portione,
1711 2024 1743 2052 et
1771 2017 1913 2063 quolibet
1935 2027 2018 2051 anno

1277 2073 1417 2107 eiusdem
1447 2073 1600 2114 octennii,
1627 2083 1686 2117 pro
1719 2071 1787 2105 rata
1810 2070 2020 2105 distribuendi

1277 2132 1307 2160 et
1330 2126 1500 2167 dividendi,
1527 2126 1681 2171 reliquam
1712 2136 1788 2159 vero
1820 2125 2020 2160 medietatem

1277 2180 1559 2214 subcollectoribus
1590 2185 1620 2213 et
1653 2179 1722 2213 aliis
1753 2179 1954 2213 exactoribus
1984 2187 2021 2212 ac

1277 2233 1538 2279 procuratoribus
1562 2233 1601 2267 ad
1626 2233 1749 2267 easdem
1775 2232 1912 2267 decimas
1931 2230 2020 2266 colli-

1277 2289 1394 2333 gendas
1411 2288 1568 2333 deputatis
1591 2287 1684 2321 etiam
1701 2287 1841 2332 quolibet
1861 2296 1942 2319 anno
1961 2295 2020 2330 pro

1277 2346 1345 2376 rata
1370 2343 1500 2387 (habita
1525 2342 1647 2377 ratione
1680 2341 1800 2375 laboris
1823 2345 1855 2375 et
1877 2339 2021 2384 amplitu-

1314 2462 1325 2488 1
1344 2459 1413 2488 Edit.
1437 2459 1515 2487 Main.
1541 2459 1583 2486 hic
1604 2459 1670 2493 legit
1685 2457 1862 2487 detrahenda
1877 2460 1903 2483 et
1927 2460 2021 2492 postea

1278 2506 1424 2540 assiynan.
1442 2507 1468 2532 el
1483 2503 1687 2532 distribuendi.
1708 2502 1786 2529 Certe
1805 2501 1930 2528 mendum
1950 2501 2021 2528 irre-

1279 2551 1344 2587 psit:
1364 2550 1404 2577 vel
1419 2549 1489 2577 enim
1505 2549 1596 2577 omnia
1615 2547 1746 2585 gerundia
1770 2547 1796 2573 in
1817 2555 1881 2574 casu
1901 2546 2020 2574 secundo

1279 2596 1412 2631 ponenda.
1432 2598 1460 2621 ut
1481 2598 1610 2629 regantur
1630 2600 1646 2620 a
1661 2592 1748 2619 verbis
1770 2594 1939 2627 potestatem
1954 2599 2021 2619 con-

1278 2639 1403 2666 cedimus
1418 2639 1444 2665 in
1461 2638 1513 2665 fine
1533 2637 1563 2673 §3
1585 2638 1625 2664 vel
1641 2637 1730 2664 omma
1749 2636 1776 2663 iu
1792 2640 1888 2672 quarto
1902 2644 1976 2667 casu,
1992 2639 2022 2663 ut

1279 2687 1406 2718 regantur
1420 2691 1435 2709 a
1455 2681 1544 2709 verbis
1565 2681 1763 2708 constituimus
1785 2684 1812 2708 et
1835 2681 2020 2716 assignamus

1279 2735 1348 2764 quae
1368 2726 1535 2763 praecedunt
1548 2726 1588 2763 (n.
1603 2725 1652 2761 τ.).

2017 304 2065 334 Aa.
2082 303 2111 334 c.
2133 304 2202 334 που
2234 295 2240 302 “

2068 955 2210 979 collectorum

2024 982 2144 1010 deputatio.
