2293 3231
28 266 83 295 An.
97 265 125 294 C.
142 265 212 294 1623

54 1385 169 1413 ”epulatio
183 1388 214 1408 iu-

28 1412 98 1434 dicum
121 1419 214 1442 exequu—

30 1441 105 1462 torum.

823 267 1000 291 GREGORIUS
1025 268 1067 291 XV
1091 268 1137 291 Pr.

226 313 363 347 iussione
386 314 566 357 expectatis,
591 319 643 347 aut
667 315 747 357 signi
774 316 820 347 vel
846 321 966 348 eontra-

227 366 307 409 signi
333 367 533 405 exhibitione,
558 367 807 411 quibuscumque
832 379 962 401 excusa-

226 419 364 452 tionibus
388 424 417 453 et
441 420 675 453 dilatationibus
700 421 891 464 postpositis,
921 422 967 453 lit-

227 478 310 506 teras
324 474 510 517 apostolicas
523 485 619 517 super
630 475 811 518 praemissis
821 475 967 507 omnibus
983 492 984 495 =

228 531 258 559 et
280 526 422 568 singulis,
437 532 497 559 tam
517 527 706 559 coniunctim
725 538 818 570 quam
833 527 966 570 divisim,

227 589 286 623 pro
311 579 459 611 omnibus
484 585 514 611 et
537 579 668 622 singulis
702 580 894 623 cappellanis
919 591 968 612 su-

227 631 376 675 pradictis
405 642 604 675 quocumque
637 638 788 676 tempore,
814 633 907 666 ctiam
936 633 967 665 in

227 684 330 717 fornia
361 685 511 718 Rationis
543 686 700 727 conor-ai,
725 686 821 728 gratis
852 686 968 729 ubique

228 737 322 769 etiam
354 737 420 770 sine
452 738 683 782 subscriptione
716 738 892 770 litterarum
920 748 968 770 ea-

228 790 374 823 rumdem
393 791 593 835 scriptorum,
611 791 854 831 abreviatorum,
871 801 969 824 secre-

228 843 394 884 tariorum,
419 849 471 877 aut
497 845 632 877 aliorum
654 844 860 877 cancellariae
877 849 907 876 et
923 854 969 876 ca-

230 906 335 929 merae
367 897 569 937 officialium,
605 897 690 930 omni
723 897 968 930 contradictione

230 955 381 991 cessante,
395 950 520 993 signent
536 956 566 983 et
585 950 759 994 expediant,
774 960 809 983 ac
829 949 968 993 expediri

229 1002 352 1035 faciant.
377 1003 530 1042 Quocirca
560 1003 790 1036 venerabilibus
820 1003 969 1035 fratribus

230 1056 346 1089 nostris
370 1056 503 1090 Ostiensi
527 1062 557 1090 et
581 1056 766 1097 Portuensi,
791 1067 827 1089 ac
851 1057 968 1088 Tuscu-

230 1110 302 1143 lano
319 1110 485 1154 episcopis,
503 1115 590 1143 motu
607 1111 711 1151 simili,
725 1121 782 1154 per
798 1110 968 1154 apostolica

230 1164 347 1206 scripta
379 1164 473 1196 etiam
504 1164 688 1196 mandamus
721 1169 875 1206 quatenus
909 1164 968 1207 ipsi

229 1216 278 1248 vel
291 1216 353 1249 duo
373 1222 426 1249 aut
438 1226 519 1249 unus
535 1227 656 1257 eorum,
670 1227 727 1260 per
740 1227 782 1257 se,
796 1217 844 1249 vel
861 1217 967 1256 alium,

230 1280 286 1303 seu
302 1270 389 1311 alios,
407 1274 588 1314 praesentes
605 1271 724 1303 litteras
740 1275 771 1303 et
786 1270 817 1302 in
834 1271 878 1303 eis
899 1281 969 1303 con-

229 1327 313 1356 tenta
338 1335 573 1368 quaecumque,
598 1324 651 1357 ubi
680 1330 709 1357 et
740 1324 865 1368 quando
889 1335 968 1367 opus

227 1377 332 1419 suerit,
357 1388 393 1410 ac
417 1378 538 1421 quoties
559 1388 617 1421 pro
642 1383 732 1421 parte
756 1377 860 1418 Petri,
886 1377 968 1411 Petri

228 1431 364 1471 Mariae,
394 1431 477 1464 Petri
509 1431 657 1471 Antonii,
683 1432 841 1471 Thomae,
870 1431 967 1464 Bene-

228 1483 313 1525 dicti,
334 1484 482 1525 Faustini,
500 1484 645 1525 Cornelii,
663 1485 786 1517 loannis
804 1485 967 1528 Baptistae,

229 1538 353 1579 lacohi,
378 1538 518 1578 Nicolai,
549 1538 689 1572 Caesaris
722 1544 753 1571 et
784 1539 968 1571 Bernardini

228 1592 451 1636 praefatorum,
476 1593 524 1625 vel
548 1592 679 1625 alicuius
700 1603 809 1625 eorum
834 1593 969 1636 desuper

227 1645 344 1679 fuerint
367 1645 530 1689 requisiti,
555 1646 736 1678 solemniter
761 1646 968 1689 publicantes,

229 1710 265 1732 ac
289 1699 334 1732 eis
358 1699 389 1731 in
412 1699 594 1743 praemissis
618 1698 752 1732 efficacis
780 1699 969 1733 defensionis

228 1754 402 1798 praesidios
425 1753 622 1794 assistentes,
646 1753 759 1786 saciant
783 1754 969 1787 auctoritate

229 1809 337 1841 nostra
360 1812 541 1851 praesentes
564 1807 683 1841 litteras
713 1812 743 1839 et
771 1806 802 1839 in
826 1807 871 1839 eis
900 1818 970 1840 con-

230 1865 314 1894 tenta
330 1871 547 1906 quaecumque
568 1861 701 1894 firmiter
717 1861 894 1902 observari3
912 1872 969 1895 nec

229 1925 294 1948 non
317 1915 436 1948 eisdem
462 1915 663 1958 cappellaniS,
692 1915 740 1948 vel
765 1926 875 1948 eorum
900 1927 970 1959 pro-

231 1968 440 2009 curatoribus,
454 1969 585 2007 fructus,
599 1968 739 2001 redditus
751 1974 781 2001 et
799 1974 970 2012 proventus

231 2020 418 2064 praedictos,
432 2021 518 2054 iuxta
536 2021 647 2055 indulti
664 2022 702 2054 de
719 2021 780 2054 illis
799 2022 971 2066 percipien-

231 2073 278 2106 dis
291 2074 323 2106 in
335 2074 476 2107 absentia
489 2078 641 2115 tenorem,
656 2075 776 2117 integre
790 2074 969 2115 minist1·ari;

231 2137 295 2161 non
310 2128 526 2171 permittentes
540 2139 593 2161 eos
606 2129 740 2172 desuper
756 2139 812 2172 per
828 2129 970 2162 locorum

232 2180 434 2221 Ordinarios‚
459 2191 494 2213 ac
518 2181 648 2215 dilectos
675 2182 757 2214 filios
781 2182 917 2225 capitula
941 2187 971 2214 et

232 2234 420 2278 capitulares
444 2245 594 2278 personas
618 2235 833 2275 ecclesiarum,
858 2236 890 2268 in
906 2236 971 2279 qui-

231 2287 290 2320 bus
314 2287 467 2320 beneficia
496 2288 677 2321 huiusmodi
704 2289 808 2321 forsan
831 2289 969 2326 fuerint,

232 2351 286 2373 seu
310 2351 526 2384 quoscumque
551 2341 628 2374 alios
653 2342 761 2385 quavis
787 2342 971 2375 auctoritate

231 2394 396 2437 fungentes
425 2399 535 2427 contra
565 2395 758 2438 praemissa,
785 2399 838 2427 aut
862 2405 971 2428 eorum

232 2447 336 2491 aliqua
360 2447 597 2491 quomodolibet
630 2448 766 2480 indebite
791 2449 972 2489 molestari;

233 2501 481 2535 contradictores
515 2501 670 2544 quoslibet.
702 2506 731 2534 et
759 2501 892 2534 rebelles
916 2513 973 2546 per

233 2555 413 2597 sententias,
436 2565 584 2588 censuras
609 2560 639 2587 et
662 2566 778 2599 poenas
791 2556 974 2589 ecclesiasti-

233 2618 302 2649 cas,
326 2609 448 2652 aliaque
472 2615 651 2653 opportuna
677 2609 754 2642 iuris
779 2614 808 2642 ct
832 2610 904 2643 faeti
928 2621 974 2643 re-

231 2662 355 2703 media,
385 2663 594 2707 appellatione
626 2664 802 2707 postposita
837 2674 969 2707 compe-

337 2724 416 2754 Ball.
436 2727 517 2756 Rom.
534 2741 569 2746 —
586 2726 646 2754 Vol.
668 2726 734 2753 XII.
881 2726 930 2753 102

1645 257 1709 291 809

1000 316 1125 355 scendo,
1160 315 1370 359 legitimisque
1394 326 1489 359 super
1514 311 1563 348 liis
1586 315 1738 348 habendis

1000 369 1129 401 servatis
1150 369 1365 412 processibus,
1394 379 1542 401 censuras
1567 374 1596 401 ct
1621 379 1738 412 poenas

1002 422 1082 465 ipsas
1107 422 1199 454 ctiam
1226 422 1344 454 iteratis
1378 422 1498 455 vicibus
1528 422 1738 464 aggravando,

1002 475 1142 509 invocato
1168 476 1259 508 ctiam
1285 476 1322 508 ad
1348 476 1428 516 boc,
1458 476 1483 508 si
1515 487 1593 519 opus
1623 476 1738 516 fuerit,

1001 529 1116 561 auxilio
1134 528 1252 561 bracliii
1279 529 1437 561 secularis.
1457 529 1524 562 Non
1541 528 1739 561 obstantibus

1002 581 1183 624 praemissis
1207 592 1242 613 ac
1267 581 1364 613 felicis
1396 581 1624 615 recordationis
1648 581 1739 614 Boni-

1001 635 1071 667 t'acii
1096 635 1196 678 Papae
1221 635 1284 667 Vlll
1308 635 1558 677 praedecessoris
1583 634 1681 667 nostri
1701 634 1738 667 dc

1003 689 1074 727 una,
1099 693 1129 720 et
1146 688 1177 719 in
1194 688 1327 721 concilio
1344 688 1483 730 generali
1507 688 1588 721 edita
1609 688 1647 720 dc
1664 687 1738 720 dua-

1002 740 1059 772 bus
1084 740 1185 780 dietis,
1203 751 1238 772 ac
1258 740 1316 772 alia
1337 740 1476 773 ciusdem
1495 740 1654 780 Bonisacii,
1679 750 1740 783 qua

1002 799 1139 833 caretur,
1156 804 1195 826 ne
1213 793 1282 837 quis
1302 799 1390 826 extra
1416 793 1572 826 civitatem
1591 794 1637 826 vel
1654 793 1740 826 dioe-

1003 847 1108 887 cesim,
1128 837 1165 879 ‘in
1189 847 1303 890 quibus
1326 847 1464 890 deputati
1492 847 1617 887 suerint,
1634 846 1673 879 ad
1696 846 1741 878 iu-

1002 899 1118 932 dicium
1132 910 1195 933 non
1217 900 1367 940 trabatur,
1380 910 1502 932 necnon
1523 899 1566 932 Pii
1585 900 1685 942 Papae
1703 899 1740 931 IV

1003 952 1147 985 similiter
1170 952 1423 996 praedecessoris
1446 952 1545 985 nostri
1566 952 1604 985 de
1621 951 1740 994 gratiis,

1002 1005 1153 1038 interesse
1179 1016 1321 1039 camerae
1352 1005 1541 1049 apostolicae
1565 1004 1741 1048 quomodo-

1003 1069 1137 1102 cumque
1151 1059 1425 1098 concernentibus,
1439 1059 1519 1091 infra
1533 1064 1653 1091 certum
1668 1063 1741 1091 tunc

1003 1122 1184 1155 expressum
1200 1118 1325 1156 tempus
1338 1112 1369 1145 in
1387 1112 1496 1145 eadem
1514 1114 1637 1145 camera
1655 1122 1742 1155 prae-

1003 1165 1160 1197 sentandis
1178 1171 1207 1198 et
1224 1165 1438 1208 registrandis,
1459 1165 1499 1198 ita
1525 1170 1558 1197 ut
1580 1170 1742 1208 presentes

1002 1222 1127 1250 nostrae
1160 1218 1302 1258 litterae,
1327 1218 1419 1250 etiam
1451 1218 1477 1249 si
1506 1228 1679 1261 numquam
1711 1218 1742 1250 in

1003 1271 1112 1304 eadem
1137 1273 1263 1303 camera
1286 1271 1505 1313 registrenlur,
1529 1276 1681 1314 perpetuo
1702 1276 1743 1303 ta-

1003 1335 1073 1357 men
1093 1325 1215 1358 valeant
1231 1329 1262 1357 ct
1275 1324 1456 1363 subsistant,
1471 1334 1506 1356 ac
1526 1324 1743 1357 Lateranensis

1003 1378 1126 1411 concilii
1151 1378 1244 1411 etiam
1274 1377 1443 1410 novissime
1472 1377 1620 1409 celebrati
1649 1377 1743 1410 etiam

1002 1432 1040 1464 de
1065 1436 1151 1464 certo
1174 1431 1372 1464 notariorum
1396 1441 1541 1471 numero,
1567 1430 1689 1463 etiamsi
1705 1431 1744 1463 ad

1003 1486 1079 1518 illud
1102 1486 1242 1519 nondum
1272 1485 1439 1518 deventum
1471 1485 1582 1525 fuerit,
1613 1484 1663 1518 cui
1687 1496 1744 1528 per

1004 1541 1062 1573 boc
1086 1541 1162 1573 ali'as
1187 1540 1373 1582 derogatum
1395 1549 1458 1572 non
1483 1539 1689 1580 intendimus,
1714 1544 1744 1572 et

1002 1595 1040 1627 dc
1064 1604 1220 1627 consensu
1251 1592 1438 1636 praestando
1462 1592 1493 1624 in
1522 1593 1743 1636 pensionibus,

1003 1653 1032 1680 et
1056 1647 1218 1691 quibusvis
1244 1646 1312 1678 aliis
1330 1646 1420 1679 etiam
1439 1656 1496 1689 per
1511 1656 1569 1679 nos
1585 1651 1615 1678 et
1632 1646 1742 1679 Sedcni

1003 1701 1176 1744 praefatam
1201 1699 1437 1742 quomodolibet
1462 1698 1552 1731 editis
1577 1703 1606 1731 et
1634 1698 1740 1742 impo-

1003 1757 1121 1787 sterum
1146 1752 1275 1785 edendis
1299 1751 1504 1785 cancellariae
1521 1752 1679 1795 praefatae
1696 1762 1743 1784 re-

1003 1807 1094 1850 gulis,
1118 1818 1154 1839 ac
1179 1806 1258 1850 stylo
1282 1805 1315 1837 in
1339 1805 1494 1838 similibus
1514 1805 1665 1838 hactenus
1682 1816 1744 1838 ser-

1003 1866 1084 1901 vato,
1098 1865 1127 1893 et
1137 1860 1207 1903 piac
1220 1858 1393 1892 memoriae
1402 1858 1569 1891 Alexandri
1586 1859 1686 1902 Papae
1696 1859 1743 1899 vl,

1003 1915 1094 1947 etiam
1120 1912 1372 1957 praedecessoris
1395 1911 1505 1952 nostri,
1529 1912 1654 1944 tertiam
1676 1922 1745 1956 par-

1005 1973 1066 2000 tem
1096 1967 1252 2000 bonorum
1284 1965 1570 1999 ecclesiasticorum
1602 1975 1745 1998 camerae

1004 2021 1160 2064 praefatae
1196 2019 1304 2052 deberi
1337 2019 1418 2051 inter
1450 2019 1510 2051 alia
1541 2019 1743 2062 disponente,

1004 2085 1126 2107 necnon
1149 2073 1289 2106 ciusdem
1314 2073 1463 2106 Bonifacii
1482 2072 1744 2116 praedecessoris,

1004 2138 1060 2171 per
1091 2127 1197 2170 quam'
1218 2126 1436 2159 concessiones
1466 2125 1505 2158 de
1536 2125 1690 2158 fructibus
1713 2126 1746 2158 in

1004 2181 1144 2213 absentia
1182 2179 1391 2224 percipiendis
1427 2179 1493 2212 sine
1527 2179 1745 2223 praefinitione

1006 2234 1157 2278 temporis
1179 2233 1250 2266 ficri
1273 2232 1491 2276 probibentur,
1510 2242 1545 2265 ac
1562 2232 1746 2276 quorumvis

1005 2287 1140 2320 aliorum
1173 2288 1389 2320 Romanorum
1418 2285 1626 2326 Pontificum,
1652 2286 1745 2318 etiam

1006 2341 1284 2384 praedecessorum
1308 2344 1509 2381 nostrorum,
1530 2343 1560 2371 et
1584 2339 1745 2382 quibusvis

1006 2395 1074 2427 aliis
1101 2393 1280 2437 apostolicis
1312 2404 1348 2426 ac
1379 2393 1410 2425 in
1442 2393 1688 2436 provincialibus
1716 2399 1745 2426 et

1006 2448 1207 2492 synodalibus
1221 2448 1361 2481 conciliis
1378 2447 1479 2487 editis,
1498 2447 1684 2491 specialibus
1698 2447 1746 2480 vel

1006 2501 1214 2545 generalibus
1232 2500 1507 2534 constitutionibus
1527 2505 1557 2532 et
1576 2499 1746 2534 ordinatio-

1005 2555 1107 2597 nibus,
1124 2565 1245 2588 necnon
1262 2554 1384 2597 legibus
1401 2553 1618 2598 imperialibus
1631 2559 1661 2586 et
1677 2553 1745 2586 aliis

1005 2609 1098 2643 etiam
1130 2608 1372 2651 municipalibus
1404 2612 1468 2640 tam
1500 2607 1615 2648 Urbis,
1649 2618 1743 2651 quam

1004 2662 1185 2707 quarumvis
1209 2661 1342 2695 aliarum
1363 2661 1524 2695 civitatum
1540 2664 1570 2696 ct
1589 2661 1743 2703 locorum,

1756 267 1806 295 An.
1822 267 1935 295 01623

1780 650 1890 670 Clausulas
1903 650 1938 671 do-

1754 682 1767 697 r1
1779 679 1883 702 galunae.
