2293 3231
108 242 158 272 An.
174 242 203 271 C.
225 242 291 271 ¹621

903 241 1081 265 GREGORIUS
1105 241 1146 266 XV
1172 241 1218 264 PP.

303 289 407 323 facere
432 293 463 322 et
487 289 599 333 exequi
623 292 728 332 posset
752 294 781 322 et
806 289 933 329 valeret,
959 289 1045 321 simi-

304 341 377 375 liter
401 341 579 376 facultatem
605 342 793 375 concesserit
812 347 839 374 et
866 342 1046 386 impertitus

304 393 420 428 suerit¹
431 405 438 434 ;
464 394 595 427 subinde
611 405 685 428 vero
701 395 802 428 dietus
826 395 941 428 Paulus
959 405 1046 438 prae-

305 447 462 488 decessor,
487 448 540 492 qui
564 448 595 481 in
620 448 782 492 praedicto
806 448 922 482 Galliae
947 457 1045 490 regno

305 501 590 545 Congregationem
607 502 800 536 Clericorum
818 501 953 535 Oratorii
971 511 1047 534 nun-

305 559 450 598 cupatam
464 554 509 598 (in
526 555 615 588 cuius
632 555 812 597 generalem
829 554 1045 598 praepositum

305 607 456 641 dilectum
479 607 579 641 silium
611 608 737 642 Petrum
762 608 885 641 Berulle
909 607 1043 652 presby-

304 662 408 691 terum
437 658 656 698 Parisiensem,
680 658 783 691 virum
800 657 915 702 pietate
943 662 973 690 et
1000 657 1045 690 vi-

305 715 355 743 tae
368 710 525 755 probitate
548 711 610 744 fide
635 710 738 754 dignis
762 710 950 744 testimoniis
963 721 1047 743 com-

306 763 487 797 mendatum
512 763 691 808 deputavit)
716 763 813 797 erexit
837 769 867 796 et
895 761 1047 795 instituit‘z

306 817 378 860 (per
395 816 498 860 ipsum
515 826 573 860 par
590 816 791 860 iteraccepto,
810 815 893 859 quod
914 815 1048 858 Congre-

305 868 390 911 gatio
413 868 573 913 praedicta
597 879 634 902 ex
663 868 856 912 presbyteris
880 868 993 911 pietate
1018 872 1047 900 et

306 922 450 957 doctrina
468 922 655 966 conspicuis,
676 927 774 955 aetate
794 921 952 964 gravibus,
969 921 1048 954 zelo-

307 986 369 1022 que
382 986 457 1019 erga
474 976 660 1019 religionem
674 975 860 1009 catholicam
873 980 903 1008 et
918 974 1048 1008 Sedem⁸

306 1028 518 1073 Apostolicam
534 1028 766 1072 praestantibus
779 1027 953 1072 composita
970 1032 1047 1068 erat,

307 1085 337 1115 et
359 1081 474 1114 uberes
497 1081 619 1114 fructus
649 1080 682 1113 in
712 1080 802 1113 vinea
831 1080 955 1114 Domini
978 1090 1049 1124 pro-

306 1133 450 1173 ducebat,
473 1137 508 1167 ut
531 1133 724 1177 sperandum
749 1138 841 1174 esset,
861 1133 987 1166 Petrum
1019 1137 1048 1165 et

305 1187 429 1220 futuros
453 1186 553 1221 dictae
576 1187 834 1230 Congregationis
850 1186 1049 1230 praepositos

307 1251 380 1274 cum
405 1241 505 1274 multo
530 1241 717 1281 abbatissae,
738 1251 793 1273 seu
817 1240 999 1284 priorissae,
1020 1245 1050 1272 et

307 1299 479 1328 conventus
499 1294 650 1335 eiusdem,
667 1305 703 1327 ac
715 1293 851 1326 aliorum
868 1292 1049 1337 primodicti

307 1348 432 1382 Ordinis
456 1348 721 1382 monasteriorum
747 1347 930 1380 monialium
959 1346 1052 1390 spiri-

307 1401 384 1434 tuali
400 1402 505 1435 fructu
528 1401 613 1434 eirca
636 1401 820 1445 praemissa,
841 1400 865 1432 si
890 1399 921 1432 id
945 1399 1050 1432 oneris

307 1455 367 1489 sihi
391 1455 565 1500 apostolica
588 1455 773 1488 auctoritate
797 1453 1049 1493 demandaretur,

308 1515 472 1544 vacaturos
485 1510 577 1553 esse),
591 1514 678 1543 motu
690 1509 832 1553 proprio,
845 1518 909 1541 non
925 1507 1049 1540 addicti

308 1564 401 1606 Petri,
426 1570 479 1598 aut
502 1564 771 1607 Congoegafionis,
791 1568 845 1595 aut
865 1562 1048 1602 abbatissae,

308 1629 362 1653 seu
379 1618 551 1663 priorissae
567 1617 759 1658 huiusmodi,
776 1618 823 1650 vel
841 1617 975 1650 aliorum
988 1616 1049 1659 pri-

308 1672 438 1707 modicti
450 1673 575 1706 Ordinis
591 1672 857 1706 monasteriorum
874 1677 1002 1704 eatenus
1018 1671 1050 1703 in

308 1727 392 1762 dicto
414 1737 514 1770 regno
535 1732 713 1760 erectorum
731 1725 922 1765 instantiam,
942 1725 996 1758 sed
1013 1736 1049 1757 ex

309 1783 396 1816 certa
421 1781 551 1814 scientia
568 1790 603 1813 ac
619 1782 706 1813 mera
730 1779 957 1812 deliberatione
975 1779 1049 1818 suis,

308 1834 410 1878 deque
436 1833 626 1878 apostolieae
657 1833 818 1877 potestatis
842 1832 1049 1876 plenitudine,

308 1888 488 1921 facultatem
506 1887 658 1931 Maphaeo
677 1886 838 1926 cardinali,
856 1891 884 1919 et
901 1897 959 1929 pro
976 1891 1051 1918 tem-

309 1951 387 1986 pore
407 1941 550 1975 existenti
569 1941 766 1985 Apostolicae
784 1940 871 1974 Sedis
888 1939 1002 1973 nuncio
1018 1939 1049 1972 in

311 2004 410 2037 regno
433 1994 600 2033 Franciae,
625 1993 816 2037 deputandi,
841 1993 1048 2026 confirmandi

311 2052 343 2081 et
365 2047 533 2081 revocandi
552 2047 756 2087 visitatorem,
774 2057 809 2080 ac
826 2046 927 2079 eidem
948 2046 1051 2079 visita-

310 2100 373 2133 tori
397 2100 442 2133 sic
466 2100 615 2144 deputato
632 2103 662 2132 et
678 2101 865 2132 confirmato
890 2099 973 2132 circa
989 2100 1051 2143 pri-

311 2153 440 2187 modicti
454 2163 490 2185 ac
510 2152 644 2185 aliorum
656 2151 836 2195 primodicti
850 2152 974 2185 Ordinis
989 2163 1051 2185 mo-

311 2207 525 2241 nasteriorum
539 2233 546 2245 ‚
577 2205 769 2250 illorumque
802 2205 1050 2246 abbatissarum,

311 2271 368 2294 seu
392 2260 630 2304 priorissarum,
647 2264 678 2291 et
694 2258 889 2299 monialium,
905 2258 1052 2291 aliarum-

311 2325 372 2359 que
385 2314 512 2347 illorum
525 2323 733 2358 personarum
747 2312 967 2352 visitationem,
981 2312 1052 2344 alia-

311 2378 373 2413 que
395 2366 577 2412 praemissa‚
591 2377 649 2410 per
669 2367 782 2410 ipsum,
806 2371 841 2397 ut
864 2366 1050 2408 praefertur,

312 2431 493 2456 concessam
516 2425 546 2453 et
565 2420 744 2454 attributam
763 2418 860 2456 (circa
879 2418 1051 2462 praemissa

348 2512 360 2537 1
372 2509 436 2538 Vide
447 2510 522 2537 Pauli
531 2510 554 2536 V
563 2509 654 2537 Const.
666 2515 708 2535 Liv
719 2507 746 2535 in
755 2511 819 2535 tom.
828 2514 863 2540 xi,
876 2516 903 2543 p.
914 2507 1050 2542 352(1i.r).

346 2554 364 2582 2
378 2554 465 2582 Huius
479 2554 701 2590 Congregationis
715 2553 847 2581 institutio
857 2553 958 2587 legitur
969 2560 1051 2587 supra

311 2606 374 2637 pag.
390 2598 443 2626 206
458 2599 538 2626 huius
553 2603 618 2627 tom.
634 2599 674 2634 (a.
689 2601 737 2630 Ti).

347 2644 364 2673 3
378 2643 450 2672 Edit.
465 2643 544 2672 atain.
560 2643 642 2672 habet
654 2643 738 2679 fidem
754 2645 790 2678 (a.
807 2644 856 2679 T.)-

399 2696 477 2726 Buta.
497 2697 581 2728 Rom.
597 2712 631 2717 —
647 2697 709 2726 Vol.
724 2696 790 2727 XII.
969 2696 1003 2724 64

1079 293 1206 321 eatenus
1237 288 1420 331 gestorum¹
1453 287 1611 320 revocavit
1634 296 1669 319 ac
1700 286 1818 318 viribus

1079 341 1254 381 evacuavil;
1279 351 1336 374 nec
1361 351 1424 374 non
1448 339 1682 385 primodictum,
1703 345 1820 373 cetera-

1079 405 1140 438 que
1167 394 1346 437 primodicti
1371 394 1496 428 Ordinis
1520 392 1730 434 monasteria,
1758 398 1818 425 tam

1079 451 1208 479 eatenus
1233 447 1264 478 in
1290 447 1436 480 universo
1461 447 1482 479 F
1486 446 1610 479 ranciae
1635 456 1734 489 regno
1752 455 1819 478 ere-

1079 504 1138 539 cta,
1156 510 1249 544 quam
1268 499 1415 543 deinceps
1434 499 1596 544 perpetuis
1613 498 1726 531 suturis
1746 502 1820 531 tcm-

1079 551 1210 596 poribus
1235 552 1395 594 erigenda,
1420 563 1524 593 curae,
1551 551 1729 591 visitationi,
1749 561 1819 584 cor-

1079 604 1210 638 rectioni
1229 610 1258 637 et
1275 605 1488 648 superioritati
1515 605 1589 637 dicti
1610 604 1692 637 Petri
1709 614 1744 636 ac
1761 614 1820 647 pro

1078 662 1221 700 tempore
1260 657 1419 690 existentis
1456 657 1627 702 praepositi
1665 657 1821 699 generalis

1080 710 1220 743 eiusdem
1245 710 1504 753 Congregationis
1535 710 1606 754 [qui
1639 709 1820 743 huiusmodi

1079 763 1280 803 monasteria,
1305 774 1479 807 eorumque
1504 763 1700 807 superiores,
1725 763 1821 795 abba—

1079 816 1180 857 tissas,
1197 827 1252 850 seu
1272 817 1450 860 priorissas,
1470 821 1500 850 et
1519 816 1671 850 moniales
1694 821 1723 849 et
1746 815 1821 848 alias

1080 880 1231 913 personas
1248 869 1279 902 in
1303 869 1348 902 eis
1368 869 1517 912 degentes
1541 869 1678 909 visitare,
1695 878 1740 908 ac,
1758 874 1822 901 tam

1080 922 1112 954 in
1136 921 1239 965 capite
1259 931 1352 965 quam
1378 921 1409 953 in
1434 921 1596 961 membris,
1614 921 1775 963 corrigere
1792 925 1823 953 et

1081 975 1264 1015 reformare,
1282 985 1317 1007 ac
1341 974 1373 1006 in
1398 973 1596 1017 singulorum
1612 973 1718 1014 vitam,
1732 973 1821 1014 ritus,

1081 1038 1186 1061 mores
1204 1032 1234 1060 et
1251 1026 1450 1070 disciplinam
1468 1026 1635 1069 diligenter
1650 1025 1821 1069 inquirere,
1834 1019 1841 1025 ⁴

1080 1091 1138 1113 nec
1162 1090 1226 1113 non
1250 1078 1470 1123 (evangelicae
1494 1084 1523 1111 et
1547 1078 1737 1122 apostolicae
1767 1077 1822 1111 do-

1082 1133 1211 1173 ctrinae,
1237 1142 1463 1176 sacrorumque
1488 1141 1644 1165 canonum
1669 1136 1700 1164 et
1727 1141 1822 1174 gene-

1082 1186 1196 1220 ralium
1221 1185 1430 1219 conciliorum
1455 1184 1606 1225 decretis,
1631 1194 1667 1216 ac
1697 1183 1741 1217 Ss.
1766 1184 1823 1216 Pa-

1082 1245 1167 1273 trum
1186 1239 1416 1279 traditionibus,
1434 1248 1469 1271 ac
1486 1237 1687 1280 regularibus
1706 1236 1824 1280 primo—

1083 1293 1157 1326 dieti
1181 1292 1305 1326 Ordinis
1330 1291 1479 1325 institutis
1496 1290 1702 1333 inhaerendo)
1727 1300 1823 1333 quae-

1083 1357 1217 1390 cumque
1253 1345 1447 1385 mutatione,
1477 1343 1692 1384 correctione,
1723 1344 1823 1376 refor-

1069 1399 1231 1440 ‘matione,
1248 1398 1476 1439 emendatione,
1495 1397 1704 1438 revocatione,
1726 1402 1755 1429 et
1778 1406 1825 1429 re-

1082 1453 1247 1487 novatione
1273 1451 1414 1494 indigere
1443 1454 1659 1493 cognosceret,
1683 1454 1822 1490 mutare,

1083 1507 1256 1550 corrigere,
1270 1506 1455 1545 reformare,
1469 1505 1648 1545 emendare,
1663 1514 1823 1542 revocare,

1083 1573 1252 1602 renovare,
1277 1566 1307 1593 et
1342 1560 1380 1593 de
1408 1571 1490 1593 novo
1520 1559 1617 1592 saeris
1649 1559 1824 1592 canonibus

1083 1623 1114 1650 et
1137 1615 1266 1650 Concilii
1290 1613 1463 1648 Tridentini
1488 1614 1622 1647 decretis
1648 1625 1683 1647 ac
1708 1614 1824 1648 consti-

1085 1671 1256 1706 tutionibus
1281 1670 1472 1715 apostolicis,
1496 1670 1757 1713 regularibusque
1778 1670 1824 1702 di-

1084 1727 1125 1759 cti
1149 1726 1273 1760 Ordinis
1297 1724 1447 1757 institutis
1471 1735 1535 1757 non
1563 1725 1720 1758 contraria
1749 1735 1824 1757 eon-

1084 1780 1158 1812 dere
1167 1778 1187 1819 ²,
1200 1779 1316 1811 abusus
1328 1788 1543 1821 quoscumque
1558 1777 1678 1817 tollere,
1691 1788 1748 1810 nec
1762 1789 1825 1811 non

1084 1833 1180 1866 bonas
1213 1837 1242 1865 et
1271 1831 1444 1864 laudabiles
1474 1831 1703 1871 institutiones,
1728 1841 1763 1864 ae
1794 1831 1825 1864 in

1084 1886 1196 1930 primis
1221 1885 1360 1918 divinum
1385 1885 1515 1925 cultum,
1539 1884 1756 1928 disciplinam,
1780 1895 1826 1918 re-

1084 1940 1289 1982 gularemque
1306 1937 1547 1978 observantiam,
1567 1937 1758 1981 ubicumque
1775 1948 1827 1970 ex-

1085 1992 1249 2033 cidissent,
1274 1991 1375 2025 modis
1409 1991 1558 2034 congruis
1583 1991 1766 2031 restituere,
1791 2002 1825 2023 ac

1085 2047 1169 2090 ipsas
1193 2046 1344 2079 moniales
1372 2051 1402 2079 et
1426 2045 1501 2078 alias
1531 2055 1683 2089 personas
1706 2045 1826 2089 praedi-

1085 2106 1149 2133 ctas
1181 2099 1219 2132 ad
1251 2099 1407 2142 regularis
1432 2099 1595 2132 clausurae
1632 2099 1766 2131 formam
1791 2110 1826 2131 ac

1085 2153 1224 2186 debitum
1253 2158 1284 2186 et
1303 2153 1471 2186 honestum
1494 2152 1575 2185 vitae
1595 2152 1724 2184 modum
1743 2152 1826 2185 iuxta

1086 2207 1165 2240 sacri
1182 2207 1312 2240 Concilii
1329 2206 1503 2239 Tridentini
1519 2206 1646 2239 decreta
1663 2206 1825 2246 reducere,

1085 2266 1125 2301 et,
1151 2261 1176 2293 si
1201 2261 1320 2304 aliquas
1352 2260 1384 2292 in
1407 2260 1512 2303 aliquo
1537 2259 1752 2302 delinquentes
1776 2270 1825 2292 re-

1086 2315 1213 2359 periret,
1231 2325 1282 2347 eas
1302 2314 1387 2346 iuxta
1412 2313 1577 2346 canonicas
1603 2313 1779 2345 sanctiones
1797 2318 1824 2346 et

1087 2367 1245 2410 regularia
1264 2367 1443 2410 primodicti
1469 2366 1593 2399 Ordinis
1618 2366 1758 2399 instituta
1773 2378 1827 2410 pu-

1086 2421 1164 2461 nire,
1182 2420 1354 2463 corrigere,
1372 2425 1402 2452 et
1421 2419 1586 2461 castigare,
1607 2429 1827 2463 quaecumque

1086 2484 1160 2506 vero
1191 2473 1338 2515 graviora
1366 2472 1542 2516 reperiret,
1567 2482 1603 2504 ea
1635 2472 1666 2504 in
1702 2473 1826 2516 scriptis

1086 2527 1211 2561 redacta
1228 2526 1267 2559 ad
1281 2526 1457 2559 Romanum
1475 2525 1655 2559 Pontificem
1672 2537 1732 2569 pro
1752 2531 1827 2559 tem-

1123 2600 1133 2625 1
1153 2599 1228 2630 Quae
1244 2597 1397 2633 parenthesi
1412 2597 1518 2628 inclusi.
1535 2605 1587 2624 non
1602 2596 1722 2632 intelligo
1736 2600 1824 2632 (ἥκω.

1120 2642 1136 2672 3
1151 2642 1223 2671 Edit.
1239 2641 1319 2671 Maia.
1336 2641 1418 2670 hahet
1432 2641 1577 2671 concedere
1591 2644 1628 2677 (a.
1645 2643 1692 2677 τ.).

1727 229 1791 263 505
1838 239 1884 263 An.
1899 238 1927 264 c.
1953 238 2014 265 laet
