2293 3231
97 251 147 280 Αυ.
165 251 195 278 C.
214 250 276 279 162¹

170 791 282 818 Gregorius

99 818 195 841 Pontifex
215 818 284 848 *ei-igit

99 847 282 872 congregationem

98 873 168 895 sancti
181 872 259 898 Mauri,

136 2447 178 2468 Per
191 2448 292 2470 vicarium

110 2474 294 2500 generalemtrien-

109 2500 180 2548 galam
215 2507 293 2529 rogen-

905 247 1081 274 GREGORIUS
1104 248 1145 273 XV
1169 249 1217 273 PP-

295 297 366 331 lecti
386 295 442 329 filii
460 297 558 330 nostri
577 296 704 330 Ilenrici
718 296 746 330 S.
761 297 797 330 R.
810 296 843 330 E.
860 297 1035 341 presbyteri

296 349 462 384 cardinalis
479 350 517 383 de
531 350 604 383 Retz
618 350 799 394 nuncupati,
817 350 967 383 ecclesiae
986 350 1037 383 ra-

294 403 434 436 risiensis
459 413 496 437 ex
521 404 723 437 concessione
752 408 779 437 et
806 403 1037 448 dispensatione

297 456 468 501 apostolica
479 457 643 501 praesulis,
654 457 714 490 iam
725 457 807 490 ultro
818 458 1036 501 susceperunt)

296 510 473 554 aggregari:
491 510 583 544 nobis
602 516 769 554 propterea
786 515 849 543 tam
863 510 1038 544 Ludoricus

296 575 361 606 rex,
378 575 471 610 quam
488 564 621 608 priores,
639 575 673 596 ae
692 569 873 604 conventus,
887 568 916 597 et
935 573 1039 597 mona-

298 619 348 652 chi
361 618 513 664 praedicti
526 618 688 652 humiliter
706 618 873 661 supplicari
888 618 1038 658 secet-uni,

300 676 454 717 quatenus
479 672 509 704 in
534 671 716 716 praemissis
735 675 913 715 opportune
938 670 1039 715 prori-

298 725 372 759 dere
389 725 427 758 de
440 724 631 768 benignitate
643 725 813 769 apostolica
824 725 1037 768 dignaremur.

343 780 358 823 ἓ
382 778 412 813 3.
433 779 496 812 Nos
520 778 627 822 igitur,
644 778 704 822 piis
727 778 875 811 Ludovici
892 778 986 821 regis,
1004 788 1039 810 ac

298 833 415 877 prioris
442 837 471 865 et
499 837 720 874 conventuum,
746 842 782 865 ae
811 831 1037 864 monachorum

299 886 484 920 eorumdem
509 885 589 919 votis
617 885 647 918 in
680 884 862 929 praemissis
886 894 1038 925 annuere,

298 939 446 983 ipsosque
470 939 604 983 priores,
629 943 659 970 et
682 942 863 979 coni-entus,
880 948 916 971 ae
935 948 1040 971 mona-

300 993 376 1027 chos
389 992 575 1037 specialibus
592 992 751 1025 favoribus
765 997 795 1025 et
808 992 917 1034 gratiis
934 1003 1040 1036 prose-

300 1046 353 1091 qui
368 1046 516 1087 volentes,
531 1050 684 1078 eteorum
698 1046 875 1089 singulares
888 1057 1040 1090 personas

299 1111 317 1133 a
330 1099 491 1143 quibusvis
505 1099 850 1141 excommunicationis,
864 1100 1041 1144 suspensio-

298 1153 347 1187 nis
362 1158 392 1186 et
407 1153 575 1194 interdicti,
596 1153 726 1197 aliisque
740 1153 958 1187 ecelesiasticis
976 1165 1042 1187 sen-

298 1208 412 1249 tentiiS,
438 1207 579 1241 censuris
603 1213 633 1240 et
657 1208 778 1252 poenis,
799 1218 816 1240 a
835 1209 903 1241 iure
928 1209 977 1241 rel
1001 1210 1040 1241 ab

298 1262 437 1304 homine,
458 1262 566 1305 quavis
584 1262 748 1295 occasione
773 1262 821 1294 rel
846 1264 939 1295 causa
959 1262 1039 1303 latis,

300 1317 325 1350 si
340 1315 454 1360 quibus
465 1316 702 1360 quomodolibet
716 1316 881 1349 innodatae
894 1316 1040 1357 existunt,

301 1369 339 1403 ad
363 1369 507 1404 effectum
527 1369 740 1414 praesentium
757 1370 917 1403 dumtaxat
937 1381 1041 1404 conse-

302 1424 473 1469 quendum,
487 1424 599 1457 harum
619 1423 699 1456 serie
719 1424 926 1466 absolventes,
944 1430 974 1458 et
990 1425 1042 1458 ab·

301 1478 419 1512 solutas
447 1479 515 1511 fore
545 1483 726 1519 censentes,
750 1478 931 1511 huiusmodi
961 1490 1038 1523 sup-

300 1530 521 1576 plicationibus
556 1531 713 1572 inclinati,
746 1531 783 1564 de
814 1532 1040 1565 venerabilium

298 1584 432 1618 fratrum
457 1590 639 1618 nostrorum
665 1589 789 1617 sanetae
809 1585 968 1618 Romanae
985 1586 1041 1618 Ec-

301 1637 414 1671 etesiae
434 1637 639 1671 cardinalium
665 1637 745 1670 sacri
765 1638 893 1671 Coneilii
917 1639 1043 1672 Triden-

301 1691 358 1724 tini
378 1691 587 1736 interpretum
604 1691 745 1732 eonsilio,
762 1702 856 1724 unam
874 1692 1041 1736 prioratus,

302 1755 357 1778 seu
381 1745 505 1788 collegii
519 1745 536 1786 ¹,
562 1755 596 1778 ae
621 1746 719 1778 saneti
743 1746 926 1789 Augustini,
951 1751 979 1778 et
1005 1746 1043 1779 de

302 1799 489 1840 Nohaliaco,
514 1804 544 1832 et
568 1800 665 1833 saneti
691 1799 873 1842 Pharaonis,
899 1811 956 1833 nee
980 1810 1043 1834 non

303 1853 400 1886 sancti
424 1853 508 1886 Petri
536 1858 567 1886 et
589 1853 698 1886 beatae
722 1853 836 1887 Mariae
860 1854 1044 1887 reformato-

303 1917 373 1940 rum
386 1907 630 1952 praedietorum‚
647 1912 740 1952 atque
753 1908 846 1941 etiam
860 1908 1044 1951 quorumvis

304 1961 437 1994 aliorum
461 1961 727 1995 monasteriorum
747 1961 898 2005 praedicti
920 1961 1044 1995 Ordinis

303 2014 335 2047 in
359 2012 458 2047 Gallia
475 2019 504 2047 et
528 2015 674 2048 omnibus
691 2015 861 2059 provinciis
883 2016 1044 2060 praedicto

304 2066 460 2113 Ludqvieo
478 2068 545 2111 regi
567 2064 700 2102 subditis
721 2069 957 2102 consistentium
974 2081 1045 2103 eon-

304 2126 455 2155 ventuum
486 2127 516 2155 et
548 2123 793 2164 monachorum,
819 2124 873 2166 qui
897 2123 1044 2168 deinceps

305 2175 561 2209 reformationem
586 2176 766 2209 huiusmodi
780 2177 932 2220 recipere,
949 2188 1045 2221 seque

305 2228 350 2261 illi
367 2229 553 2263 submittere
574 2229 741 2271 voluerint,
762 2230 1044 2274 Congregationem

306 2282 402 2315 sancti
420 2283 518 2316 Mauri
538 2283 727 2316 Gallicanam
746 2283 953 2317 Parisiensem
970 2295 1046 2316 nun-

306 2336 491 2379 cupandam,
511 2336 549 2369 ad
570 2337 668 2369 instar
685 2336 944 2380 Congregutionis
960 2348 1046 2370 mon-

305 2387 344 2422 tis
367 2389 494 2431 Cassini,
520 2400 574 2423 seu
599 2396 777 2423 sanctorum
804 2390 922 2423 t‘itonis
942 2395 972 2423 et
997 2391 1047 2423 Hi-

307 2442 438 2487 dulphi,
466 2454 524 2487 per
553 2454 649 2476 unum
680 2443 831 2476 ricarium
866 2444 1063 2486 generalenr

306 2496 431 2529 natione
456 2497 600 2539 Gallum,
626 2507 678 2529 seu
712 2508 748 2530 ex
780 2498 849 2530 loeo
880 2485 1064 2541 temporali*t

309 2548 447 2583 dominio
455 2549 529 2583 dieti
538 2550 685 2584 Ludovici
695 2551 779 2594 regis
792 2551 934 2584 subiecto
944 2550 1048 2584 oriun-
1063 2545 1065 2586 ἒ

345 2619 356 2645 1
379 2618 478 2647 Forsan
492 2618 536 2648 hic
550 2620 648 2648 desunt
666 2620 748 2648 verba
766 2622 962 2650 conventualis
979 2620 1047 2649 Clu-

308 2662 453 2693 nicaeensis
466 2667 638 2702 nuncupati,
654 2670 681 2695 ut
695 2666 708 2702 §
725 2668 736 2694 1
755 2666 792 2703 (a.
808 2665 857 2702 τ.).

1072 296 1158 338 dum,
1175 307 1193 329 a
1209 295 1347 341 capitulo
1365 295 1503 339 generali
1521 295 1659 329 eiusdem
1677 296 1811 339 Congre—

1071 349 1257 393 gationis,ut
1273 348 1351 381 infra
1365 348 1542 391 erigendae,
1553 347 1677 390 singulo
1686 358 1810 392 quoque

1071 413 1163 443 anno,
1180 402 1228 435 rel
1246 401 1383 441 biennio,
1400 406 1453 434 aut
1468 401 1604 434 triennio
1621 400 1810 444 eligendum,

1072 456 1241 499 regendam
1261 460 1290 488 et
1307 454 1543 498 gubernandam
1569 454 1623 498 (ita
1648 457 1762 495 tamen,
1778 459 1809 487 ut

1072 519 1108 542 ex
1139 508 1320 542 huiusmodi
1349 508 1506 542 erectione
1530 507 1651 542 nullum
1679 517 1811 551 prorsus

1072 561 1300 606 praeiudicium
1316 566 1480 595 censeatur
1491 561 1609 594 illatum
1627 561 1743 594 mensis
1762 561 1812 593 ab·

1072 615 1249 656 latialibus,
1267 615 1319 647 sed
1338 614 1479 648 abbatiae
1501 615 1586 659 ipsae
1610 614 1641 647 in
1666 614 1812 648 omnibus

1072 668 1264 713 primaevam
1279 673 1424 701 naturam
1439 673 1468 701 et
1488 668 1612 701 titulum
1632 667 1812 701 collatimm

1072 723 1230 765 dignitatis
1255 722 1418 755 abbatialis
1447 722 1589 766 ipsorum
1610 722 1814 757 monasterio-

1073 785 1144 808 rum
1169 775 1333 816 retineant,
1358 775 1489 819 perinde
1513 786 1548 809 ac
1573 776 1598 808 si
1619 774 1735 808 erectio
1759 775 1813 808 liu-

1073 829 1208 863 iusniodi
1233 830 1313 862 sacta
1344 839 1408 863 non
1436 834 1533 869 esset;
1559 829 1706 873 quodque
1730 828 1814 862 dein-

1073 893 1157 927 ceps,
1174 888 1359 916 oecurrente
1372 893 1646 927 quorumcumque
1663 887 1815 916 monaste-

1074 936 1216 977 riorum,
1240 941 1304 969 tam
1337 946 1449 970 eorum
1477 946 1613 980 quorum
1643 941 1814 970 conventus

1074 990 1189 1022 dictam
1210 990 1467 1023 reformationem
1492 990 1554 1023 iam
1579 989 1716 1034 amplexi
1733 995 1814 1031 sunt,

1074 1055 1166 1088 quam
1192 1055 1302 1077 eorum
1327 1044 1381 1088 qui
1406 1055 1439 1077 se
1457 1044 1605 1088 deinceps
1622 1044 1667 1077 illi
1687 1044 1817 1077 submit-

1076 1103 1149 1138 tent,
1174 1098 1355 1134 vacatione,
1380 1097 1508 1130 illorum
1538 1098 1735 1139 collationes,
1760 1108 1816 1131 seu

1073 1151 1288 1194 provisiones,
1314 1157 1367 1184 aut
1396 1151 1601 1184 continendae
1634 1151 1671 1184 ad
1703 1151 1815 1184 Sedem

1074 1205 1285 1249 Apostolicam
1295 1205 1333 1238 ad
1347 1206 1593 1238 nominationem
1606 1216 1666 1249 pro
1674 1210 1816 1249 tempore

1075 1259 1235 1292 existentis
1266 1259 1450 1292 eorumdem
1482 1260 1677 1292 Francorum
1709 1259 1815 1302 regis,

1075 1319 1168 1357 prout
1188 1314 1286 1358 prius,
1303 1313 1433 1358 perinde
1454 1324 1489 1346 ac
1510 1315 1536 1346 si
1556 1313 1587 1346 in
1602 1313 1729 1347 illorum
1747 1324 1818 1347 con-

1076 1368 1218 1401 ventibus
1242 1368 1425 1401 reformatio
1450 1366 1645 1407 introducta,
1663 1377 1716 1400 seu
1741 1367 1819 1401 Con-

1075 1422 1217 1465 greg-aiio
1234 1422 1301 1466 ipsa
1321 1421 1471 1465 erigenda
1491 1425 1596 1454 erecta
1615 1431 1678 1455 non
1698 1421 1817 1462 suisset,

1075 1475 1267 1519 pertineant;
1289 1476 1420 1520 ipsaque
1446 1475 1666 1518 Congregatio,
1686 1479 1721 1508 ut
1737 1474 1817 1508 infra

1076 1530 1235 1572 erigenda,
1260 1529 1291 1562 in
1316 1529 1523 1563 conventibus
1547 1534 1577 1562 et
1601 1528 1718 1562 mensis
1742 1539 1818 1562 con·

1078 1584 1290 1624 x'eiitualibus,
1315 1594 1350 1616 ae
1374 1584 1452 1617 locis
1476 1588 1506 1616 et
1530 1583 1731 1627 portionibus
1754 1593 1819 1617 mo·

1077 1637 1271 1678 nachalibus‚
1292 1648 1350 1671 nee
1374 1647 1437 1670 non
1462 1636 1572 1670 officiis
1596 1636 1817 1670 claustralibus

1076 1691 1227 1735 ipsorum,
1245 1695 1275 1724 et
1291 1701 1350 1735 pro
1370 1695 1513 1735 tempore
1530 1689 1817 1734 aggregandorum,

1077 1744 1238 1777 dumtaxat
1262 1746 1367 1778 locum
1392 1744 1514 1785 habeat,
1531 1754 1567 1777 ae
1592 1743 1684 1777 salvis
1703 1743 1818 1777 illaesis

1077 1799 1313 1831 remanentibus
1339 1798 1436 1832 titulis
1460 1798 1658 1842 prioratuum
1686 1801 1716 1831 et
1739 1807 1817 1842 quo-

1077 1863 1286 1896 rumcumque
1303 1852 1438 1885 aliorum
1455 1851 1682 1885 beneficiorum
1703 1850 1819 1884 collati-

1078 1917 1189 1939 rorum
1207 1917 1223 1939 a
1240 1906 1407 1951 praedictis
1429 1905 1627 1939 monasteriis
1655 1910 1685 1938 et
1709 1915 1818 1939 corum

1060 1961 1214 2004 yquolibet
1242 1960 1470 2005 dependentia,
1496 1960 1538 1993 ita
1555 1964 1588 1992 ut
1604 1959 1655 1992 illa
1673 1959 1819 2004 deinceps

1078 2018 1172 2059 prout
1188 2020 1277 2048 antea
1298 2014 1434 2048 conferri
1459 2025 1514 2047 seu
1539 2013 1754 2047 commendari
1771 2013 1821 2047 de-

1061 2070 1190 2109 ,beant,
1221 2069 1341 2112 absque
1373 2068 1438 2101 ulla
1465 2077 1597 2112 prorsus
1627 2066 1820 2111 differentia)

1078 2122 1250 2166 apostolica
1283 2121 1467 2156 auctoritate
1495 2120 1655 2166 praedicta
1674 2149 1681 2162 ,
1712 2126 1820 2154 tenore

1079 2176 1302 2219 praesentium,
1327 2179 1481 2221 perpetuo
1506 2174 1658 2218 erigimus
1683 2179 1711 2207 et
1736 2174 1821 2207 insti-

1079 2230 1206 2262 tuimus.

1124 2283 1138 2326 ξ
1162 2282 1192 2315 4.
1217 2282 1361 2316 Ceteriun
1380 2282 1467 2326 (quia
1491 2281 1658 2325 dignitates
1684 2281 1821 2314 abbatia-

1080 2336 1124 2369 les
1156 2335 1444 2376 monasteriorum,
1475 2345 1612 2379 quorum
1648 2340 1821 2368 conventus

1080 2395 1152 2423 sunt
1183 2394 1210 2421 et
1242 2393 1335 2421 erunt
1359 2388 1534 2428 reformati,
1560 2387 1617 2421 sub
1642 2388 1821 2431 Congrega-

1079 2443 1163 2476 tione
1188 2453 1244 2487 per
1267 2447 1449 2486 praesentes
1474 2444 1577 2475 erecta
1601 2452 1664 2475 non
1681 2453 1822 2486 compre-

1080 2496 1267 2536 hendentia,
1289 2495 1343 2528 sed
1363 2496 1401 2529 ab
1426 2495 1479 2528 illa
1496 2499 1668 2540 exemptae,
1688 2500 1719 2529 et
1735 2501 1822 2529 extra

1081 2550 1166 2583 illam
1191 2549 1411 2594 remanebunt)
1429 2548 1531 2594 quod¹
1550 2550 1693 2594 ipsorum
1718 2561 1823 2584 mona-

1081 2603 1250 2637 steriorum
1278 2602 1406 2636 abbates
1429 2603 1571 2636 titulares
1591 2613 1647 2637 seu
1666 2614 1823 2638 commen-

1117 2668 1128 2694 1
1143 2665 1209 2694 Puto
1220 2674 1310 2694 erron.
1322 2665 1349 2694 in
1365 2665 1409 2694 ed.
1420 2665 1503 2695 Maiu.
1516 2665 1568 2703 legi
1579 2667 1709 2703 quodque
1722 2668 1758 2704 (n.
1772 2663 1830 2700 τ.),’

1715 237 1781 272 535
1825 248 1878 275 An.
1893 246 1922 276 c.
1941 247 2004 277 ἐπι

1892 2290 2020 2312 Μοηιεῑεῐῑα

1835 2317 1954 2338 abbatialia
1982 2323 2021 2343 per

1837 2344 1917 2370 priores
1946 2344 2022 2370 guber·

1836 2371 1913 2392 nauita.
