2293 3231
229 257 278 283 An.
300 255 330 283 C.
348 256 411 285 1611

257 478 398 500 emmunim.

307 1554 419 1574 l’roiineia

237 1581 263 1601 de
275 1581 419 1601 Pernzimtvucn

237 1608 342 1627 ccclesia.»
354 1606 419 1627 sain-ti

237 1634 356 1655 Satiatur-,3
372 1634 419 1655 „lim

237 1661 345 1682 attribui...

280 1873 360 1893 cmm
376 1879 422 1893 eam

240 1907 311 1920 ιυιιιιο,
329 1902 362 1919 ndi
375 1917 379 1923 ,
402 1902 420 1919 el

239 1934 258 1947 in
270 1928 368 1947 rit-afram
379 1933 423 1952 {cr-

240 1957 324 1979 putnam
382 1960 422 1974 urt-

240 1982 309 2004 getnlt.

464 247 507 281 10

666 304 776 332 Paulus
801 303 879 337 Papa
903 303 935 335 V,

549 367 584 393 ad
605 368 779 400 perpetuam
799 364 843 392 rei
863 362 1042 390 memoriam.

476 465 507 497 ln
540 462 784 508 supereminenti
823 460 985 493 militantis
1013 460 1170 493 Ecclesiae

431 518 577 560 specula,
603 515 723 548 meritis
749 515 818 546 licet
850 513 1042 557 imparibus,
1066 512 1170 546 dix-ina

430 570 633 614 dispositione
659 567 882 612 praesidentes,
899 566 938 599 ad
961 566 1108 599 universa
1124 578 1173 600 or—

431 624 478 656 bis
504 624 570 656 loca
587 622 784 666 potissimum
803 621 1030 665 omnipotentis
1045 621 1100 654 Dei
1118 621 1173 653 mi-

431 676 601 710 sericordia
616 675 852 719 pei-catholicos
867 685 958 717 reges
969 679 997 707 et
1013 674 1172 718 principes

429 730 502 763 tidci
533 728 704 762 catholicae
728 727 954 771 praedicationi
982 732 1009 760 ct
1034 727 1172 761 introdu-

430 784 524 816 ctioni
543 784 695 827 patefacta
707 782 807 814 aciem
822 786 947 814 nostrae
961 780 1173 814 meditationis

429 837 632 877 retlectinms,
649 841 696 875 et,
720 840 754 868 ut
777 835 808 868 in
833 834 911 868 locis
936 834 1116 868 huiusmodi
1142 834 1172 867 in

430 891 497 924 dies
523 890 623 934 magis
656 890 814 933 plantetur
846 894 877 922 et
900 889 1037 932 plantata
1061 888 1174 922 contir-

430 949 533 978 metur
557 943 671 977 Christi
704 943 827 985 religio,
853 952 1027 985 eorumque
1053 942 1173 976 incolae

431 1003 462 1032 et
478 997 670 1031 habitatores
694 996 898 1040 propriorum
923 1000 1087 1039 pastorum
1101 995 1175 1029 assi-

432 1051 543 1084 stentia
560 1055 589 1082 et
599 1049 754 1093 regimine
771 1048 890 1081 suffulti
905 1048 1072 1092 proficiant
1097 1059 1175 1081 sem-

431 1114 487 1148 per
505 1104 536 1136 in
560 1103 620 1136 tide
646 1108 676 1135 et
699 1102 849 1145 operibus
873 1101 1064 1142 christianis,
1081 1111 1173 1145 opem

432 1163 462 1191 et
479 1167 608 1201 operam
635 1156 768 1188 libenter
785 1155 998 1199 impendimus
1022 1155 1174 1195 efficaces

432 1214 526 1254 prout
548 1208 734 1242 eorumdem
752 1218 864 1251 regum
882 1207 1023 1251 exposcit
1039 1207 1174 1248 devotio,

432 1273 562 1306 nosque,
581 1263 724 1296 locorum
745 1267 775 1295 ct
799 1272 908 1295 rerum
929 1261 1175 1295 circumstantiis

433 1322 557 1351 mature
582 1316 729 1361 pensatis,
747 1316 785 1348 ad
803 1315 876 1349 fidei
893 1315 1088 1349 orthodoxae
1105 1326 1176 1349 eon-

433 1371 642 1404 serx‘ationem
660 1375 689 1403 et
706 1369 1177 1413 propagationem,animarum-

433 1434 493 1468 que
517 1424 650 1457 salutem
674 1427 703 1456 ct
720 1422 897 1467 profectum
915 1422 1128 1466 conspicimus
1144 1423 1175 1455 in

433 1478 566 1513 Domino
591 1477 760 1511 salubriter
784 1476 942 1521 expedire.

478 1533 493 1576 ξ,
518 1532 547 1565 ’1.
573 1531 656 1566 Alias
681 1530 838 1575 siquidem
862 1530 893 1562 in
917 1529 1060 1574 partibus
1081 1530 1177 1562 India-

435 1596 505 1619 rum
541 1584 783 1619 occidentalium
820 1583 1008 1617 cathedralis
1045 1583 1177 1616 ecelesia

435 1639 539 1674 Sancti
549 1639 720 1673 Sati-aroris
733 1638 904 1682 apostolica
915 1637 1102 1670 auctoritate
1113 1648 1179 1670 ere-

436 1699 495 1733 cta,
512 1698 540 1726 ct
567 1693 610 1726 illi
635 1703 693 1737 pro
718 1697 807 1736 parte
823 1691 978 1725 dioecesis
995 1696 1023 1724 et
1049 1690 1126 1724 cleri
1143 1701 1177 1724 ac

436 1747 544 1792 populi
576 1746 737 1791 provincia
766 1746 805 1779 de
836 1745 1054 1778 Pernambuco
1083 1745 1178 1788 vulgo

436 1806 613 1845 nuncupata
639 1810 786 1834 concessa
811 1804 841 1832 ct
864 1799 1021 1842 assignata
1045 1797 1112 1831 suit.

482 1856 496 1897 ξ
520 1854 549 1888 Q.
575 1855 651 1889 Cum
677 1859 781 1887 autem
802 1853 894 1897 (sicut
921 1852 1126 1886 charissimus
1148 1852 1179 1884 in

437 1908 561 1941 Christo
586 1908 667 1941 tilius
699 1912 806 1940 noster
830 1906 992 1950 Philippus
1020 1905 1181 1947 Portugal—

438 1961 497 1994 liae
521 1967 548 1994 et
575 1961 797 2005 Algarbiorum
821 1971 875 1994 rex
900 1960 1073 1993 catholicus
1089 1959 1180 1993 nobis

439 2026 538 2060 nuper
563 2016 674 2060 exponi
699 2015 784 2058 fecit)
809 2025 867 2058 pro
885 2020 1026 2058 tempore
1044 2013 1180 2047 existens

440 2071 605 2115 episcopus
619 2070 722 2104 Sancti
741 2069 921 2110 Salvatoris,
935 2069 976 2103 ob
993 2069 1093 2102 dictae
1110 2079 1182 2112 pro-

440 2125 557 2157 vinciae
575 2125 612 2157 dc
630 2124 846 2157 Pernam-muco
863 2123 1054 2163 distantiam,
1072 2123 1181 2155 maris-

439 2188 499 2221 que
518 2177 764 2217 incommodum,
782 2175 996 2223 zio-difficilem
1014 2180 1043 2208 et
1059 2175 1180 2219 dispen-

440 2231 559 2264 diosam
586 2230 828 2273 navigationem,
854 2230 1091 2274 piratarumque
1117 2229 1180 2263 illic

441 2284 684 2318 discurrentium
709 2284 896 2327 periculum,
911 2294 1016 2323 curae,
1034 2283 1179 2325 regimini

442 2344 468 2371 et
487 2338 749 2371 administrationi
767 2338 814 2370 sui
832 2337 938 2380 gregis
963 2337 992 2369 in
1013 2337 1095 2370 dicta
1112 2348 1182 2381 pro-

444 2392 542 2423 xim-ia
567 2391 786 2431 «confluentis,
814 2395 905 2434 prout
936 2390 1003 2423 eius
1032 2390 1180 2434 pastorali

443 2444 546 2477 otlicio
565 2445 725 2485 incumbit,
743 2455 804 2477 non
819 2444 885 2477 sinc
904 2443 986 2476 illius
1000 2443 1107 2477 'salutis
1124 2444 1183 2477 dis-

444 2498 568 2542 pcndio,
580 2498 738 2530 intende-re
753 2503 896 2542 nequeat;
911 2498 1045 2541 hincque
1063 2498 1183 2531 incolae

445 2555 475 2583 et
491 2551 682 2583 habitatores
707 2551 806 2583 din-tae
832 2551 1011 2595 provinciae
1029 2562 1085 2583 nec
1111 2552 1182 2585 fidei

445 2604 598 2644 doctrina,
612 2615 667 2637 ne(-
678 2604 726 2647 pic
738 2605 858 2638 vivendi
869 2605 1044 2650 praeceptis
1060 2605 1184 2646 instrui,

446 2668 513 2698 nec,
530 2657 555 2690 si
578 2656 651 2702 quid
677 2656 875 2702 deliquerint,
901 2659 1019 2703 corrigi
1044 2658 1082 2692 ab
1108 2658 1186 2703 cpis-

1014 252 1191 278 ficu-,ammi
1216 252 1370 278 nonnul

1203 310 1284 344 copo
1308 310 1365 334 suo
1389 300 1528 345 possint3
1557 305 1588 334 et
1610 306 1790 346 propterea,
1812 302 1838 337 si
1863 302 1945 337 dicta

1203 353 1365 398 provincia
1389 353 1427 387 de.
1445 354 1662 388 Pernambueo
1677 365 1695 388 a
1716 355 1877 400 praedicta
1899 367 1946 390 ee—

1203 407 1298 440 clesia
1315 406 1343 440 S.
1355 407 1526 440 Salvatoris
1543 413 1744 451 separaretur
1757 414 1788 441 et
1800 408 1947 442 dismem—

1203 460 1361 501 braietur,
1379 461 1493 505 illaque
1511 461 1555 494 sic
1572 461 1798 495 dismembrata
1815 466 1846 494 et
1862 473 1947 506 sepa-

1206 520 1271 547 rata
1301 515 1332 547 in
1364 515 1513 547 vicariam
1549 525 1604 547 seu
1639 514 1945 549 administrationem

1205 567 1401 611 spiritualem
1439 567 1620 612 provinciae
1655 567 1694 601 de
1730 568 1946 603 Pernambuco

1206 622 1448 666 nuncupandam
1475 633 1532 666 pro
1558 632 1621 656 uno
1639 622 1756 656 vicario
1773 633 1828 656 seu
1852 623 1948 656 admi-

1206 675 1375 708 nistratore
1400 676 1430 708 in
1457 675 1674 719 spiritualibus
1703 676 1884 720 provinciae
1908 675 1946 709 de

1207 728 1423 762 Pernambuco
1449 728 1658 773 nuncupando
1683 729 1754 773 (qui
1785 729 1860 762 inibi
1885 740 1950 763 om-

1207 781 1366 814 nimodam
1393 782 1587 826 spiritualem
1606 787 1632 815 et
1653 783 1896 816 ecclesiasticam
1913 793 1949 816 ac

1206 835 1399 869 ordinariam
1423 841 1451 868 et
1477 836 1566 879 quasi
1592 836 1803 880 episcopalem
1829 835 1951 870 iurisdi-

1207 887 1374 929 ctionem¹,
1392 895 1454 922 tam
1477 889 1508 922 in
1533 890 1602 922 t'oro
1627 889 1770 923 interiori
1790 900 1884 933 quam
1902 900 1951 922 ex-

1209 943 1328 984 teriori,
1346 942 1475 976 haberet
1492 948 1521 976 et
1535 943 1709 987 exerceret)
1727 943 1905 987 erigeretur
1921 949 1951 977 et

1208 996 1436 1038 institueretur,
1449 1007 1486 1030 ex
1500 997 1559 1030 hoc
1575 996 1717 1041 profecto
1733 996 1896 1041 provincia
1911 997 1951 1031 de

1209 1049 1426 1083 Pcrnambuco
1443 1049 1625 1083 huiusmodi
1647 1049 1841 1083 felicioribus
1857 1049 1952 1094 profi—

1209 1107 1293 1136 ceret
1310 1103 1524 1143 incrementis,
1540 1103 1686 1146 illiusque
1703 1103 1779 1136 cleri
1797 1108 1827 1136 et
1842 1103 1950 1147 populi

1209 1156 1445 1200 praedictorum
1467 1156 1570 1197 saluti,
1587 1161 1615 1189 et
1639 1156 1741 1189 dietae
1762 1155 1835 1189 fidei
1851 1155 1953 1200 prose-

1209 1210 1272 1244 ctui
1290 1216 1320 1243 et
1337 1211 1529 1252 exaltationi,
1545 1210 1706 1255 divinique
1730 1210 1833 1243 cultus
1854 1210 1952 1243 incre.—

1209 1269 1333 1303 mento‚
1358 1269 1388 1297 et
1412 1269 1457 1297 tot.
1482 1263 1692 1297 incommodis
1720 1268 1751 1296 ct.
1774 1263 1951 1296 :mimarum

1209 1318 1360 1363 periculis
1388 1323 1565 1362 opportuno
1593 1317 1828 1356 consuleretur;
1854 1326 1953 1361 quare

1210 1371 1293 1405 idem
1319 1372 1481 1416 Philippus
1505 1382 1559 1404 rex
1583 1371 1675 1404 nobis
1699 1370 1862 1403 humiliter
1884 1381 1954 1414 sup-

1210 1425 1321 1470 plicari
1335 1425 1417 1465 fecit,
1430 1430 1585 1469 quatenus
1601 1423 1745 1457 eamdem
1758 1423 1953 1468 provinciam

1210 1480 1248 1512 ab
1280 1479 1412 1512 ecclesia
1439 1483 1469 1511 et
1500 1477 1638 1512 dioecesi
1654 1477 1758 1511 Sancti
1783 1477 1954 1511 Salvatoris

1210 1532 1392 1566 huiusmodi
1416 1536 1569 1576 perpetuo
1593 1541 1741 1575 separare
1762 1535 1793 1564 et
1809 1530 1954 1565 dismem-

1210 1587 1313 1627 brare,
1329 1596 1365 1619 ae
1381 1585 1458 1619 inibi
1476 1584 1624 1619 vicariam
1641 1595 1697 1618 seu
1713 1584 1955 1619 administratio-

1212 1651 1282 1674 nem
1316 1640 1510 1684 praedictam
1549 1639 1674 1682 erigere
1708 1643 1739 1672 et
1770 1639 1953 1681 instituere,

1211 1695 1350 1738 aliasque
1381 1694 1413 1726 in
1441 1693 1625 1738 praemissis
1649 1698 1825 1737 opportune
1853 1693 1955 1737 provi-

1212 1748 1287 1781 dere
1315 1747 1355 1781 de
1383 1747 1577 1790 benignitate
1608 1746 1781 1790 apostolica
1813 1746 1955 1790 dignare-

1213 1811 1301 1834 mur:

1257 1856 1272 1898 ᾗ
1295 1853 1324 1887 3.
1350 1854 1412 1887 Nos
1438 1853 1544 1896 igitur,
1563 1853 1616 1896 qui
1634 1853 1706 1886 fidei
1723 1853 1843 1886 cultum
1865 1859 1896 1887 et
1912 1853 1956 1887 in-

1213 1912 1421 1947 crementum,
1446 1918 1482 1940 ac
1506 1907 1650 1940 locorum
1675 1906 1890 1950 quorumlibet
1912 1917 1957 1940 sa-

1213 1962 1347 1995 lutarem
1364 1960 1570 1993 directionem
1587 1970 1660 1993 eum
1679 1960 1858 1993 animarum
1875 1960 1956 1994 chri-

1213 2015 1393 2049 stifidelium
1409 2015 1508 2048 salute
1521 2019 1551 2047 et
1565 2014 1719 2058 spirituali
1740 2014 1956 2048 consolatione

1213 2070 1340 2104 intentis
1357 2069 1574 2102 desideramus
1590 2068 1771 2110 affectibus,
1792 2079 1957 2112 quascum-

1213 2134 1274 2168 que
1301 2123 1377 2156 alias
1401 2122 1698 2156 dismembrationes
1729 2121 1863 2155 aliarum
1886 2132 1956 2166 pro-

1214 2177 1387 2211 vinciarmn
1407 2182 1437 2210 et
1461 2177 1605 2210 locorum
1622 2175 1661 2208 ab
1679 2175 1811 2209 ecclesia
1827 2180 1858 2209 et
1873 2175 1957 2209 dioe-

1215 2231 1277 2265 cesi
1294 2230 1463 2275 praedictis
1488 2230 1639 2263 hactenus
1663 2228 1834 2273 apostolica
1855 2233 1958 2262 aueto—

1215 2285 1306 2318 ritate
1338 2285 1433 2317 saetas
1465 2283 1684 2327 praesentibus
1714 2291 1772 2326 pro
1801 2282 1958 2326 expressis

1216 2339 1380 2378 habentes,
1405 2336 1585 2370 huiusmodi
1611 2334 1891 2379 supplicationibus
1916 2335 1959 2368 in-

1216 2392 1339 2432 clinati,
1364 2391 1400 2424 ad
1435 2389 1659 2434 omnipotentis
1691 2388 1746 2421 Dei
1779 2388 1904 2422 laudem
1928 2393 1956 2422 et

1216 2446 1362 2489 gloriam,
1387 2456 1422 2478 ac
1444 2442 1690 2487 gloriosissimae
1707 2441 1775 2475 eius
1797 2441 1958 2484 genitricis

1217 2499 1341 2535 Mariae.
1350 2498 1509 2540 totiusque
1520 2495 1625 2530 curiae
1637 2494 1779 2528 caelestis
1793 2494 1958 2535 honorem,

1256 2626 1265 2650 1
1290 2622 1362 2650 Infra
1382 2630 1443 2658 pag.
1464 2620 1494 2648 21
1519 2620 1534 2647 b
1554 2619 1581 2647 in
1601 2619 1660 2647 loco
1681 2619 1810 2655 parallelo
1830 2619 1956 2647 additur:

1218 2676 1275 2696 non
1296 2670 1392 2696 lamen
1412 2667 1443 2696 in
1463 2666 1508 2695 his
1528 2672 1600 2701 quae
1617 2667 1685 2692 sunt
1706 2664 1822 2693 Ordinis
1841 2664 1881 2700 (n.
1898 2665 1948 2700 m).

1959 255 2009 283 An.
2023 254 2052 283 C.
2075 255 2140 284 ¹6¹1

2009 1862 2062 1884 Eam
2081 1862 2111 1883 ita
2127 1867 2154 1884 uo

1970 1891 2058 1916 separat
2068 1888 2114 1910 Pau
2123 1895 2155 1913 un.

1971 1918 1990 1936 et
1998 1921 2011 1937 a
2020 1920 2154 1945 (lineumque¹

1971 1942 2156 1990 §ttiz‘ttts‘ttti

1971 1996 2095 2022 pei-tornato
2129 1994 2156 2017 ti-

1972 2023 2039 2044 beret.
