2293 3231
251 275 342 302 Λη.1’,.
367 275 427 301 162¹

275 660 349 679 Paulus
362 659 376 676 V
389 660 421 678 mli

248 686 276 704 1¹1(
294 689 307 705 1,
325 689 396 705 ,μΗᾸΙΙΙ

402 693 431 704 ,μ-

247 719 265 731 111
276 719 292 730 ιιι
309 716 395 732 *tilulum
412 719 430 733 Ιιι

247 740 338 759 [ultrum.

280 1526 318 1547 Ηιη
334 1524 427 1546 Pontifex

244 1558 290 1573 nam
299 1554 414 1579 afflPllnvll.

481 267 544 299 5⁶20

494 329 560 356 tum
572 323 755 356 conceditur
764 321 949 355 celebrandi
957 323 1073 365 festum
1087 323 1194 355 sancti

496 377 636 410 Thomae
660 376 698 408 <Ie
732 374 900 408 t'itlanova
927 385 1000 408 cum
1031 374 1133 418 officio
1164 378 1193 407 et

493 430 591 462 missa
609 429 627 461 ⁴.

650 509 808 543 Gregorius
830 509 910 543 Papa
929 510 985 541 XV.

571 563 606 590 ad
626 565 801 596 perpetuam
821 563 865 590 rei
886 563 1068 590 memoriam.

490 644 573 676 Alias
591 654 606 675 a
624 643 705 675 felici
723 643 943 676 recordatione
961 644 1058 677 Paulo
1073 644 1155 688 Papa
1169 645 1191 677 V

447 697 690 741 praedecessore
722 703 831 730 nostro
857 702 1044 730 emanarunt
1069 697 1191 731 litterae

448 751 564 784 tenoris
585 750 814 794 subsequentis,
832 750 994 784 videlicet:
1014 751 1054 784 In
1072 762 1188 796 supre-

446 815 508 845 mo,
533 810 589 836 etc.

489 858 505 898 ξ
534 857 556 889 l.
584 857 660 889 Cum
678 861 793 897 autem,
815 858 892 890 sicut
913 868 972 901 pro
986 863 1075 901 parte
1088 858 1190 891 clarae

446 909 617 943 memoriae
638 909 712 942 dicti
730 910 868 954 Philippi
887 910 971 953 regis
997 916 1069 943 tune
1087 911 1117 943 in
1135 911 1191 944 liu-

446 963 545 996 manis
562 963 683 1005 agentis
700 973 734 995 ac
751 963 868 1007 prioris
886 964 1054 1006 generalis,
1067 974 1189 998 necnon

445 1016 646 1060 superiorum
665 1022 694 1049 ct
712 1017 860 1056 l'ratrum,
886 1027 920 1049 ac
946 1016 1189 1061 deputatorum,

446 1069 619 1102 electorum
649 1075 677 1102 et
714 1069 916 1113 syndicorum
954 1069 1188 1114 praedictorum

446 1122 535 1155 nobis
551 1133 654 1167 nuper
674 1123 851 1167 expositum
878 1123 945 1163 suit,
972 1123 1042 1167 ipsi,
1068 1134 1128 1167 pro
1151 1134 1189 1157 eo

444 1186 538 1220 quem
567 1186 642 1219 erga
668 1175 785 1210 dictum
811 1176 938 1209 beatum
962 1177 1114 1209 Thomam
1140 1188 1190 1220 ge-

446 1232 516 1262 runt
540 1229 714 1273 respective
740 1229 914 1263 devotionis
940 1229 1071 1270 affectu,
1093 1230 1190 1274 pluri-

445 1293 532 1316 mum
551 1283 676 1327 cupiant
692 1284 911 1317 eoncessiones
928 1290 956 1316 et
975 1284 1094 1316 indulta
1103 1294 1190 1328 prae-

444 1336 526 1371 dicta
543 1337 581 1370 ad
598 1347 709 1370 omnes
726 1337 890 1381 utriusque
912 1348 1003 1370 sexus
1021 1338 1188 1380 religiosos

444 1390 584 1424 eiusdem
602 1390 726 1424 Ordinis
748 1391 863 1435 ubique
881 1396 1039 1424 terrarum
1058 1391 1190 1424 existen-

445 1450 489 1478 tes
511 1456 568 1490 per
585 1455 652 1485 nos,
669 1450 699 1477 ut
731 1445 822 1485 infra,
844 1444 985 1477 extendi:

488 1500 504 1543 ξ
520 1499 548 1531 ἵὶ.
572 1500 644 1539 Nos,
662 1498 721 1542 piis
739 1508 850 1531 eorum
868 1498 948 1531 votis
962 1499 991 1531 in
1006 1498 1188 1542 praemissis

444 1563 595 1591 annuere,
609 1552 741 1595 illosque
755 1552 965 1596 amplioribus
982 1551 1142 1584 favoribus
1158 1557 1189 1584 et

443 1606 552 1650 gratiis
573 1605 723 1651 prosequi
740 1606 889 1645 volentes,
908 1610 936 1638 et
955 1616 1065 1638 eorum
1085 1605 1189 1649 singu—

443 1662 524 1694 lares
541 1670 693 1704 personas
715 1671 732 1692 a
749 1660 912 1703 quibusvis
932 1660 1187 1693 excommunica-

443 1716 548 1756 tionis,
567 1714 781 1758 suspensionis
805 1719 833 1747 et
860 1714 1028 1756 interdicti,
1055 1714 1187 1758 aliisque

443 1769 662 1802 ecclesiasticis
679 1768 850 1806 sententiis,
865 1769 1008 1801 censuris
1022 1773 1052 1800 et
1067 1768 1187 1812 poenis,

443 1835 458 1856 a
477 1823 545 1856 iure
562 1823 609 1856 vel
627 1823 665 1855 ab
684 1822 821 1862 homine,
835 1823 944 1867 quavis
959 1822 1125 1856 occasione
1139 1823 1187 1855 vel

443 1879 537 1911 causa
571 1877 661 1917 latis,
686 1877 711 1909 si
736 1877 852 1921 quibus
877 1876 1115 1921 quomodolibet
1146 1877 1189 1909 in-

442 1931 575 1965 nodatae
594 1931 738 1969 existunt,
757 1931 794 1963 ad
813 1930 960 1963 ellectum
974 1930 1187 1974 praesentium

443 1984 603 2018 dumtaxat
621 1983 889 2026 consequendum,
907 1983 1021 2015 harum
1035 1983 1115 2016 serie
1136 1983 1189 2016 ab·

444 2038 608 2078 solventes,
626 2042 657 2070 et
670 2037 831 2069 absolutos
845 2037 911 2069 fore
926 2041 1101 2077 censentes,
1119 2046 1189 2080 sup-

443 2090 667 2135 plicationibus
691 2100 801 2122 eorum
823 2089 950 2122 nomine
975 2089 1066 2122 nobis
1091 2100 1189 2133 super

445 2146 504 2178 hoc
525 2143 685 2177 humiliter
710 2143 866 2187 porrectis
891 2143 1051 2183 inclinati,
1078 2142 1115 2175 de
1141 2153 1190 2175 co-

443 2198 588 2231 rumdem
611 2197 817 2230 cardinalium
850 2196 981 2229 consilio
996 2223 1003 2237 ,
1035 2196 1119 2241 quod
1150 2197 1189 2229 ab

445 2252 591 2285 omnibus
619 2251 784 2294 utriusque
809 2260 900 2283 sexus
926 2250 1081 2293 religiosis
1108 2250 1188 2283 eius-

444 2306 515 2339 dem
526 2304 661 2345 Ordinis,
672 2304 787 2347 ubique
801 2309 959 2336 terrarum
973 2303 1187 2343 existentibus,

445 2359 582 2392 officium
600 2363 630 2391 ct
644 2358 738 2390 missa
763 2357 801 2389 de
824 2357 934 2390 eodem
953 2356 1044 2389 beato
1069 2357 1189 2390 Thoma

445 2425 461 2445 a
486 2412 656 2451 Villanova,
682 2412 804 2444 servata
829 2411 905 2444 alias
932 2411 961 2443 in
986 2411 1134 2444 omnibus
1159 2417 1188 2444 et

445 2476 500 2509 per
518 2465 621 2498 onmia
641 2465 817 2497 litterarum
835 2464 1067 2508 praedictarum
1087 2465 1189 2497 forma

446 2524 473 2551 et
499 2524 618 2559 tenore,
644 2518 770 2551 recitari
796 2523 824 2551 et
843 2518 997 2551 celebrari
1013 2518 1188 2562 respective

446 2571 543 2604 libere
571 2571 716 2606 similiter
741 2578 769 2604 et
794 2571 877 2604 licite
898 2571 994 2616 possit
1015 2577 1045 2604 et
1066 2572 1187 2613 valeat,

482 2644 492 2669 1
511 2643 589 2669 llunc
604 2643 734 2670 'rhomam
751 2643 801 2670 131).
819 2642 884 2670 Albo
899 2642 1041 2678 adscripsit
1057 2642 1155 2670 Paulus
1166 2644 1187 2669 V

445 2688 472 2715 in
487 2687 597 2716 Constit,
614 2694 718 2723 cccxxi,
735 2688 769 2716 In
789 2695 933 2723 supremo,
951 2691 979 2716 ut
994 2696 1076 2725 supra
1085 2697 1112 2724 p.
1124 2687 1185 2716 453.

1032 274 1211 298 BULLARIUM
1236 274 1392 298 ROMANUM

1984 274 2075 302 Aac.
2101 276 2164 304 1621

1227 321 1338 355 eadem
1355 321 1540 355 auctoritate
1557 322 1739 365 apostolica,
1757 327 1866 356 tenore
1882 332 1970 367 prae-

1227 374 1373 414 sentium,
1387 374 1481 407 etiam
1498 374 1703 408 concedimus
1714 381 1744 408 et
1757 375 1967 419 indulgemus.

1272 428 1296 471 §-
1310 427 1339 461 3.
1354 428 1421 461 Non
1435 427 1634 460 obstantibus
1646 427 1792 460 omnibus
1804 428 1876 469 iltis,
1889 439 1969 473 quae
2005 443 2122 464 contram·
2133 443 2168 464 ‹10-

1227 480 1330 513 dictus
1347 480 1460 513 Paulus
1478 479 1704 524 praedecessor
1721 480 1752 513 in
1770 480 1834 513 suis
1857 481 1970 514 litteris
1985 473 2054 496 ‘⁶⁸³¹'

1226 533 1396 578 praedictis
1419 534 1517 567 votuit
1536 543 1599 566 non
1624 534 1769 574 obstare,
1795 533 1970 577 ceterisque

1227 587 1395 620 contrariis
1412 586 1675 631 quibuscumque.
1838 623 1841 625 ,

1271 642 1285 684 ἕ
1310 641 1338 673 4.
1365 641 1517 674 Volumus
1537 640 1691 681 similiter,
1716 640 1800 684 quod
1826 650 1971 684 praesen·
2024 655 2169 686 rrsnsumpn.

1227 694 1304 727 tium
1320 694 1542 738 transumptis,
1561 693 1654 728 etiam
1672 693 1850 738 impressis,
1875 704 1970 727 manu
1985 681 2043 704 “⁰⁶¹
2055 682 2121 705 ''¹¹²⁰“

1225 748 1340 782 notarii
1358 747 1477 792 publici
1494 747 1690 792 subscriptis,
1707 753 1737 780 et
1757 748 1860 791 sigillo
1876 747 1971 781 alicu-

1226 802 1274 834 ius
1290 811 1444 846 personae
1461 802 1493 834 in
1507 801 1659 844 dignitate
1676 801 1885 835 ecclesiastica
1900 811 1971 834 con-

1226 855 1351 888 stitutae
1369 854 1508 896 munitis,
1522 854 1631 888 eadem
1644 864 1776 898 prorsus
1793 853 1872 887 fides
1884 853 1972 887 adhi-

1225 908 1346 949 beatur,
1364 919 1445 952 quae
1462 907 1681 952 praesentibus
1703 907 1918 948 adhiberetur,
1943 907 1969 940 si

1225 962 1326 995 forent
1348 962 1505 995 exhibitae
1523 962 1570 994 vel
1588 965 1741 995 ostensae.

1268 1016 1380 1048 Datum
1399 1015 1527 1055 Romae,
1540 1014 1624 1059 apud
1641 1014 1670 1047 S.
1689 1014 1828 1055 Petrum,
1845 1014 1903 1048 sub
1920 1024 1971 1048 an-

1224 1069 1299 1102 nulo
1316 1068 1499 1108 Piscatoris,
1517 1067 1567 1100 die
1579 1076 1634 1101 xw
1648 1067 1722 1100 maii
1739 1076 1870 1108 uncxxr,
1895 1077 1971 1112 pon—

1225 1122 1360 1156 tificatus
1377 1121 1477 1155 nostri
1495 1131 1577 1155 anno
1593 1131 1612 1154 ι.

1260 1184 1317 1211 Dat.
1335 1183 1378 1211 die
1398 1184 1429 1211 14
1444 1183 1507 1211 maii
1524 1183 1602 1218 162¹,
1619 1183 1712 1219 pontif.
1730 1191 1773 1211 an.
1791 1190 1809 1210 1.

1572 1343 1618 1376 lx.

1270 1425 1310 1456 De
1334 1421 1547 1466 facultatibus
1573 1422 1604 1456 S.
1626 1422 1664 1457 R.
1680 1423 1718 1456 E.
1739 1422 1924 1456 cardinalis

1489 1476 1667 1509 camerarii
1680 1474 1697 1508 ¹.

1418 1556 1577 1591 Gregorius
1593 1556 1768 1591 Episcopus,

1403 1609 1510 1629 servus
1539 1608 1696 1629 servorum
1724 1601 1787 1634 Dei,

1348 1647 1383 1674 ad
1404 1650 1582 1681 perpetuam
1602 1646 1647 1673 rei
1666 1646 1846 1673 memoriam.

1266 1717 1444 1750 Romanum
1465 1716 1553 1749 decet
1574 1715 1758 1749 Pontificem
1778 1716 1810 1749 in
1831 1716 1880 1750 his
1900 1727 1967 1760 par·
2008 1733 2149 1756 Prooemium.

1222 1776 1268 1804 tes
1292 1769 1458 1815 pastoralis
1483 1769 1577 1803 officii
1602 1769 1649 1803 sui
1674 1770 1886 1813 interponere,
1910 1780 1967 1814 per

1221 1835 1302 1868 quac
1327 1823 1557 1858 ecclesiasticae
1581 1833 1753 1867 personae,
1779 1824 1966 1867 praesertim

1222 1883 1345 1911 sanctae
1355 1878 1515 1911 Romanae
1526 1877 1683 1910 Ecclesiae
1692 1876 1877 1917 cardinales,
1889 1887 1968 1921 quos

1222 1937 1328 1965 sancta
1352 1930 1448 1964 Sedes
1473 1930 1647 1975 apostolica
1671 1940 1778 1963 sacrae
1803 1941 1968 1974 purpurae

1222 1985 1336 2018 decore
1367 1984 1445 2017 alios
1476 1984 1663 2017 antecellere
1689 1983 1796 2024 voluit,
1821 1984 1962 2027 quoties-

1223 2048 1359 2081 cumque
1378 2037 1418 2070 ad
1441 2037 1567 2081 aliquod
1594 2037 1733 2070 officium
1758 2036 1967 2070 exercendum

1222 2090 1414 2134 deliguntur,
1440 2090 1566 2134 speciali
1592 2089 1778 2133 gratiarum,
1803 2094 1896 2133 atque
1921 2089 1967 2122 in-

1223 2143 1383 2177 dultorum
1409 2143 1631 2187 praerogativa
1645 2170 1652 2184 ‚
1672 2146 1707 2177 ut
1730 2153 1768 2176 eo
1792 2142 1914 2176 facilius
1939 2147 1970 2176 et

1223 2197 1344 2230 felicius
1367 2197 1514 2241 perfungi
1539 2196 1671 2240 possint,
1697 2196 1833 2240 benigna
1857 2196 1970 2230 libera-

1223 2250 1307 2284 litate
1324 2261 1400 2294 prae
1417 2250 1486 2283 aliis
1503 2250 1701 2283 decorentur.

1268 2305 1283 2347 §
1313 2304 1336 2337 l.
1362 2304 1438 2338 Cum
1465 2304 1568 2348 itaque
1593 2314 1664 2344 nos,
1688 2314 1791 2348 nuper
1813 2303 1913 2336 nostri
1939 2306 1968 2336 ct
1997 2319 2167 2342 Cardinanssffl.

1223 2357 1364 2391 eiusdem
1380 2362 1505 2391 sanctae
1522 2358 1681 2391 Romanae
1698 2356 1855 2390 Ecclesiae
1868 2365 1968 2389 came—
1982 2347 2167 2395 ξέξᾞοωξζξξ

1223 2411 1357 2444 rariatus
1382 2411 1531 2452 officium,
1553 2416 1626 2444 tunc
1643 2420 1701 2454 per
1721 2409 1841 2443 obitum
1866 2409 1967 2443 bonae
1982 2400 2093 2449 ξξῖζζῗῖῗξ
2102 2405 2168 2454 ᾱοξζῖ

1223 2465 1395 2499 memoriae
1419 2465 1503 2498 Petri
1533 2463 1671 2508 episcopi
1697 2463 1878 2497 Sabinensis
1903 2473 1968 2496 car·
1983 2456 2046 2475 ²³¹⁰*

1259 2556 1268 2580 1
1290 2554 1326 2582 De
1342 2553 1493 2582 camerario
1510 2552 1568 2580 vide
1579 2552 1670 2580 Const.
1685 2559 1730 2580 ιιιι
1741 2556 1767 2580 et
1779 2559 1822 2579 Ltv
1835 2553 1908 2581 Pauli
1921 2553 1968 2581 Pa-

1221 2606 1272 2634 pae
1292 2599 1327 2626 Ill
1343 2599 1370 2626 in
1386 2602 1450 2626 tom.
1467 2604 1502 2631 rt,
1519 2605 1578 2633 pag.
1594 2597 1657 2630 37¹,
1674 2605 1731 2633 seq.
1754 2598 1817 2626 item
1837 2598 1898 2626 lulii
1921 2598 1966 2632 ΙΙΙ,

1221 2643 1311 2671 Const.
1328 2650 1358 2670 m
1374 2643 1451 2678 ibid„
1467 2650 1528 2678 pag.
1544 2642 1608 2676 406,
1622 2646 1649 2670 et
1664 2643 1755 2670 Gonst.
1777 2650 1838 2671 xxiv
1859 2643 1899 2671 Pii
1914 2644 1968 2671 Pa-

1221 2696 1272 2724 pae
1286 2687 1359 2716 lVin
1370 2691 1435 2716 tom.
1452 2694 1499 2722 vu,
1520 2694 1581 2723 pag.
1598 2686 1632 2715 82
1652 2691 1690 2722 (a.
1705 2688 1754 2722 r.).

2243 876 2268 929 'm-
2250 522 2273 866 ᾏ-ᾳεειαεῃᾳᾼνωμε.
2262 439 2273 506 20
2269 416 2271 419 .
2266 392 2268 394 ⁴

2244 2368 2253 2403 nu<
2244 2320 2253 2361 >22
2244 2249 2255 2313 »ὥσ
2236 2210 2254 2232 ζ’,

2252 1971 2258 1991 Α
2247 1903 2258 1962 4,»,
2248 1829 2259 1896 m
2244 1717 2260 1820 Q:
2256 1694 2258 1699 -
2245 1167 2266 1686 2-1,0a.fflet.s’„a—rsts-—ht''-m-.s-=-hass
2252 1082 2267 1156 ..z-a.

2245 2108 2250 2118 ⁵
2243 1997 2257 2089 Αἷμα-ξε
