2293 3231
960 301 1080 326 PAULUS
1104 301 1123 324 v
1147 301 1194 324 rr.
1659 330 1663 333 ι
1733 281 1796 317 9-87
1844 291 1893 317 An.
1914 290 1941 316 c,
1960 289 2027 316 1614

322 352 348 386 si
373 357 476 384 tamen
500 352 560 384 tale
585 351 725 384 debitum
757 351 796 382 sit
823 349 862 382 dc
885 349 1060 389 fructibus,
1094 347 1260 381 concordia
1287 344 1615 380 contentarunretiam
1631 347 1701 375 ante
1729 340 1832 373 huius-

318 405 371 437 >vel
383 403 567 445 redditibus,
581 414 675 447 super
688 403 802 447 quibus
817 408 862 436 est
880 402 1061 446 impositum
1096 401 1179 434 modi
1205 405 1342 432 nostram
1368 397 1647 436 confirmationem,
1671 396 1701 428 in
1733 399 1831 428 totum

124 305 174 335 An.
196 306 225 334 C.
244 304 312 333 16ss

181 1312 256 1334 Partes
270 1316 317 1333 eam

133 1341 208 1369 potunt.
242 1338 317 1360 contir-

133 1371 194 1388 mari.

207 1801 322 1823 Confirmat

137 1828 240 1856 pontifex.

323 462 354 490 et
383 461 547 491 oneratum
577 457 772 500 praedictum
805 461 1007 494 excusatum3
1033 460 1059 486 et

324 510 517 552 subdelegati
541 510 601 543 sint
624 510 662 543 de
685 509 840 552 capitulis,
859 507 1063 551 dignitatibus

325 567 355 595 et
379 562 535 595 canonicis
552 567 581 595 et
598 572 660 596 non
684 562 752 602 alii,
776 566 809 595 ut
832 561 930 594 moris
954 563 1016 599 est;
1034 564 1061 592 et

325 615 447 659 quoties
471 615 508 647 ad
529 615 629 648 dictos
659 614 894 648 commissarios
923 612 1065 645 subdele-

326 672 414 711 gatos
437 668 531 700 suerit
555 668 743 711 appellatum
767 678 824 710 per
848 666 929 698 viam
954 675 1064 707 grava-

326 720 436 760 minis,
461 731 523 764 quo
548 721 659 763 aliquis
684 731 716 753 se
742 721 858 753 laesum
883 718 1062 762 praetendat

320 783 363 806 ex
388 772 470 805 dicta
486 772 638 806 divisione
655 777 685 805 et
701 771 914 816 repat-titione,
931 771 955 803 si
974 771 1064 803 iudex

327 825 462 868 desuper
485 825 603 869 aliquid
631 825 838 864 ordinaverit,
863 823 1066 856 nihilominus

328 878 454 911 interim
473 888 536 911 non
560 878 728 921 suspendet
751 876 948 916 solutionem,
965 886 1066 918 neque

328 930 478 974 impediet
501 930 710 973 subdelegatis
735 929 975 973 exequutionem
995 938 1067 960 exa-

329 983 451 1024 ctionis,
468 989 499 1016 et
518 994 613 1027 super
637 983 787 1017 omnibus
804 982 953 1015 iustitiam
969 980 1065 1013 adini-

329 1037 472 1077 nistrent,
489 1041 520 1069 et
531 1037 617 1076 alias,
634 1041 727 1080 prout
744 1036 777 1068 in
794 1035 920 1079 publico
934 1034 1068 1077 desuper

329 1099 347 1122 a
370 1089 484 1122 dilecto
506 1089 572 1123 lilio
596 1090 709 1122 Ioanne
734 1088 772 1121 de
795 1088 943 1121 Talarera
967 1087 1069 1120 scriba

330 1141 420 1184 regio
444 1146 474 1174 et
497 1141 626 1185 publico
650 1141 773 1175 notario
795 1141 852 1174 sub
877 1140 927 1173 die
947 1149 1013 1172 xvn
1028 1139 1070 1171 iu—

330 1195 364 1228 lii
386 1204 507 1229 mncxnt
531 1196 672 1228 consecto
707 1195 915 1228 instrumento
946 1193 1069 1237 plenius

330 1248 445 1283 dicitur
472 1248 635 1282 contineri.

376 1306 390 1349 ᾗ
413 1303 443 1337 3.
475 1305 551 1338 Cum
579 1309 683 1336 autem
712 1308 775 1335 tam
807 1302 970 1345 Philippus
994 1312 1067 1340 rex,

331 1369 426 1403 quam
450 1358 584 1401 capitula
604 1362 635 1390 et
658 1361 755 1389 status
774 1354 1004 1388 ecclesiasticus
1026 1365 1071 1386 re-

332 1422 469 1456 gnorum
493 1411 641 1445 castellae
665 1415 695 1443 et
718 1409 864 1451 Legionis
888 1407 1068 1441 huiusmodi

333 1466 472 1509 cupiant,
485 1463 686 1498 concordiam
700 1462 903 1506 praedictam,
916 1472 974 1505 pro
988 1461 1071 1493 illius

334 1519 447 1553 maiori
470 1517 638 1557 validitate,
655 1515 844 1559 apostolicae
861 1515 1072 1548 confirmatio-

333 1572 382 1605 nis
413 1570 529 1604 robore
553 1568 743 1603 communiri
752 1579 760 1608 ;
788 1568 880 1601 nobis
904 1573 1072 1612 propterea

333 1623 495 1657 humiliter
520 1621 689 1666 supplicari
714 1623 865 1661 fecerunt,
890 1626 923 1653 ut
939 1621 971 1653 in
987 1631 1073 1664 prae-

334 1677 439 1710 missis
456 1680 634 1721 opportune
652 1675 817 1719 providere
831 1675 868 1708 de
882 1674 1072 1717 benignitate

335 1731 509 1776 apostolica
532 1730 745 1773 dignaremur.

380 1786 395 1829 ἓ
417 1785 447 1818 4.
472 1785 545 1825 Nos,
569 1783 622 1827 qui
646 1782 785 1816 honestis
810 1783 893 1825 regis
911 1787 941 1815 et
960 1782 1075 1826 capitu-

335 1839 441 1873 lorum
465 1838 545 1872 votis
568 1837 702 1871 libenter
725 1837 903 1876 annuimus,
921 1846 1019 1879 eaque
1036 1833 1082 1868 l'a-‘

336 1892 464 1926 voribus
480 1891 701 1935 prosequimur
718 1890 914 1935 opportunis,
929 1890 1074 1922 eumdem

336 1945 516 1988 Philippum
539 1954 659 1987 regem,
676 1955 711 1977 ac
731 1944 905 1986 singulares
925 1954 1075 1986 personas

337 1998 548 2041 capitulorum
561 1997 740 2030 huiusmodi
753 2008 769 2029 a
783 1996 944 2040 quibusvis
955 2008 1076 2030 excom-

337 2049 575 2087 municationis,
600 2051 813 2093 suspensionis
837 2055 867 2082 et
899 2049 1075 2089 interdicti,

338 2102 468 2145 aliisque
492 2102 710 2135 ecclesiasticis
734 2102 911 2141 sententiis,
936 2103 1076 2135 censuris

338 2159 368 2190 et
391 2156 510 2199 poenis,
535 2166 552 2188 a
576 2156 643 2189 iure
669 2156 714 2189 rel
739 2156 777 2188 ab
802 2156 943 2195 homine,
969 2156 1077 2199 quavis

339 2209 503 2242 occasione
528 2209 575 2242 vel
600 2211 694 2241 causa
719 2209 797 2248 latis,
823 2209 847 2241 si
872 2208 987 2252 quibus
1004 2220 1079 2251 quo-

339 2262 513 2296 modolibet
532 2262 698 2295 innodatae
715 2262 860 2302 existunt,
875 2261 913 2293 ad
931 2261 1077 2294 effectum

338 2315 550 2359 praesentium
568 2315 726 2347 dumtaxat
744 2314 1010 2357 consespiendum,
1027 2315 1078 2346 ha-

340 2379 411 2401 rum
442 2368 523 2401 serie
553 2368 747 2401 absolventes
772 2373 801 2399 et
825 2367 983 2400 absolutos
1014 2368 1079 2399 sore

341 2427 512 2463 censentes,
536 2432 592 2455 nec
616 2431 679 2455 non
704 2421 892 2454 concordiae
916 2425 945 2454 et
969 2421 1081 2453 instru-

341 2475 438 2508 menti
454 2475 687 2518 praedictorum
704 2475 842 2507 veriores
856 2478 979 2508 tenores
995 2485 1082 2517 prae-

342 2527 481 2560 sentibus
493 2538 551 2571 pro
561 2527 717 2571 expressis
729 2527 891 2568 hahentes,
902 2527 1080 2560 huiusmodi

343 2580 625 2624 supplicationibus
644 2580 793 2621 inclinati,
810 2581 1012 2614 concordiam
1029 2581 1082 2613 hu-

344 2634 480 2668 iusmodi
496 2638 526 2668 et
548 2634 621 2668 inde
645 2639 776 2678 sequuta
800 2644 1017 2678 quaecumque
1041 2634 1083 2673 (e-

344 2687 447 2721 tiamsi
456 2687 495 2720 ad
508 2688 702 2722 exactionem
714 2687 918 2732 pecuniarum
929 2687 960 2720 in
973 2686 1083 2720 eadem

1097 455 1142 486 rel
1169 453 1197 485 in
1223 458 1354 496 partem,
1373 452 1411 484 sit
1431 455 1627 495 processum)
1647 447 1832 482 auctoritate

1096 505 1279 549 apostolica,
1298 509 1404 538 tenore
1430 503 1652 547 praesentium,
1669 500 1834 534 confirma-

1098 569 1166 590 mus
1181 561 1209 591 et
1226 558 1450 600 appi-ohannis,
1473 556 1595 600 illisque
1620 559 1787 597 perpetuae
1805 555 1835 595 et

1098 610 1284 643 inviolabilis
1308 609 1495 653 apostolicae
1521 607 1676 640 firmitatis
1693 606 1790 639 robur
1806 615 1835 637 a·

1098 663 1259 701 diicimus3
1292 663 1470 706 supplentes
1501 672 1609 693 ouines
1637 665 1663 692 ct
1695 658 1835 701 singulos

1100 722 1161 749 tam
1186 716 1263 748 iuris
1288 726 1382 759 quam
1409 715 1478 747 sacti
1500 715 1647 751 delei-tus,
1664 712 1688 744 si
1706 712 1759 755 qui
1777 712 1837 744 sor-

1099 779 1153 801 san
1178 769 1401 801 intervenerint
1426 768 1457 800 in
1482 767 1620 805 eisdenrz
1653 775 1751 808 eaqioe
1776 766 1836 806 (ac

1101 826 1161 855 tani
1193 822 1296 864 quoad
1327 821 1483 864 capitula,
1515 831 1593 864 quae
1626 819 1711 851 nullo
1742 817 1836 850 modo

1100 875 1268 918 praedietis
1291 874 1477 907 concordiae
1502 878 1531 907 et
1559 871 1770 905 distributioni
1796 871 1838 903 in-

1101 928 1277 961 terfuerunt.
1302 938 1359 960 nec
1377 927 1436 959 illis
1454 931 1690 965 ‹JOttStss¹tiset¹ttttl,
1715 923 1838 956 etiamsi

1101 985 1224 1014 sanctae
1242 981 1398 1013 Romanae
1414 980 1571 1012 Ecclesiae
1587 978 1760 1011 cardinales
1776 978 1840 1010 sue-

1102 1035 1163 1067 rint
1178 1034 1325 1066 ecclcsias
1339 1038 1368 1066 et
1388 1034 1447 1065 alia
1464 1032 1616 1065 beneficia
1633 1031 1838 1075 possidentes,

1102 1098 1158 1120 nec
1183 1098 1245 1119 non
1269 1087 1416 1127 decii‘uas,
1441 1086 1596 1130 primitias
1621 1089 1653 1118 et,
1673 1084 1750 1117 alios
1774 1084 1839 1116 sru-

1103 1145 1169 1174 ctus
1194 1140 1224 1172 in
1248 1140 1330 1172 dicta
1346 1139 1514 1173 concordia
1533 1148 1697 1181 expressos
1714 1137 1840 1179 exigen-

1103 1196 1161 1231 tes)
1195 1194 1295 1227 valida
1319 1199 1349 1227 et
1374 1193 1511 1226 efficacia
1539 1203 1628 1232 esse,
1654 1196 1683 1224 et
1708 1201 1764 1234 per
1788 1200 1841 1222 eos

1104 1258 1213 1281 onmes·
1237 1247 1458 1280 inviolabiliter
1484 1245 1645 1279 observari
1665 1245 1792 1283 debere,
1809 1243 1862 1280 il-,

1105 1303 1214 1345 losque
1231 1302 1269 1334 ad
1287 1301 1413 1333 illorum
1431 1300 1572 1333 omnium
1590 1298 1843 1332 observationem

1105 1361 1134 1387 et
1158 1355 1346 1387 solutionem
1362 1381 1369 1394 ,
1398 1354 1545 1386 omnibus
1574 1352 1631 1384 viis
1655 1362 1690 1384 ac
1713 1351 1790 1383 iuris
1815 1356 1843 1382 et

1106 1409 1176 1442 t'acti
1201 1408 1348 1441 remediis
1375 1408 1445 1449 cogi
1471 1412 1498 1439 et
1525 1405 1671 1449 compelli
1700 1414 1790 1448 posse
1815 1409 1845 1436 et

1105 1463 1220 1495 debere
1245 1462 1460 1513 decernimus,
1485 1460 1680 1493 absolventes
1697 1458 1801 1497 etiam,
1819 1457 1844 1489 si

1105 1526 1184 1559 opus
1204 1515 1307 1554 suerit,
1325 1520 1387 1547 tam
1403 1514 1508 1557 ipsum
1527 1513 1706 1556 Philippum
1724 1521 1843 1554 regem,

1105 1580 1199 1613 quam
1231 1578 1446 1612 ‹ptoscumque
1477 1567 1543 1599 eius
1575 1566 1756 1605 ministros,
1788 1575 1845 1597 nec

1106 1633 1168 1656 non
1181 1632 1395 1666 quascumque
1416 1620 1642 1653 ecclesiasticas
1656 1624 1717 1651 tam
1731 1619 1846 1651 secula—

1108 1688 1167 1713 νος,
1192 1686 1285 1719 quam
1304 1675 1464 1715 regulares
1481 1684 1633 1717 personas
1650 1683 1666 1705 a
1684 1672 1845 1717 quibusvis

1107 1730 1248 1764 censuris
1266 1735 1295 1761 et
1319 1729 1437 1772 poenis,
1463 1728 1487 1759 si
1512 1737 1588 1770 quas
1610 1731 1741 1770 propter
1758 1735 1848 1769 prae—

1109 1784 1201 1816 missa
1225 1781 1459 1826 quomodolibet
1492 1780 1700 1819 incurrerint,
1726 1778 1847 1812 etiamsi

1110 1837 1139 1869 in
1164 1835 1429 1878 irregularitatem
1454 1833 1589 1876 aliquam
1611 1832 1786 1871 inciderint,
1812 1841 1846 1863 ac

1110 1890 1219 1923 missas
1244 1895 1273 1921 et
1296 1889 1356 1920 alia
1381 1888 1484 1920 divina
1510 1887 1610 1919 otlicia
1636 1886 1848 1922 intei·im,non

1110 1949 1213 1975 tamen
1239 1943 1266 1974 in
1293 1944 1504 1983 contemptum
1537 1939 1688 1978 riarium,
1714 1937 1849 1970 celebra-

1112 1996 1220 2035 verint,
1231 2006 1324 2038 super
1338 2004 1399 2038 qua
1414 1993 1643 2035 irregularitate
1658 1990 1848 2030 huiusmodi,

1110 2049 1152 2081 sie
1178 2060 1234 2093 per
1258 2060 1311 2081 eos
1337 2050 1440 2079 t'orsan
1458 2045 1693 2089 ‹piomodolibet
1713 2045 1848 2079 incursa,

1111 2105 1221 2136 harum
1247 2102 1326 2134 serie
1351 2102 1578 2144 dispensaimis.
1603 2110 1658 2131 nec
1684 2102 1849 2141 propterea

1112 2158 1231 2188 fructus
1256 2155 1460 2187 ecclesiarum
1486 2158 1512 2186 et
1539 2152 1765 2185 luein-liciorum
1794 2151 1849 2183 ol]-

1113 2213 1268 2242 tentorum
1287 2218 1359 2240 suos
1376 2218 1437 2239 non
1457 2207 1564 2239 livisse
1582 2206 1642 2238 dici
1660 2210 1711 2237 aut
1724 2205 1848 2237 censeri

1112 2272 1202 2305 posse
1227 2261 1433 2299 declaramus,
1450 2272 1483 2291 ac
1502 2259 1540 2291 ab
1561 2259 1605 2290 eis
1622 2268 1747 2290 omnem
1766 2257 1851 2289 inha-

1112 2315 1239 2347 bilitatis
1265 2314 1440 2351 maculam,
1465 2313 1528 2344 sire
1554 2317 1681 2347 initam,
1707 2311 1731 2342 si
1757 2320 1849 2353 quam

1113 2372 1241 2411 propter
1266 2366 1436 2410 praemissa
1461 2364 1695 2408 quomodolibet
1715 2363 1851 2395 incurre-

1113 2421 1190 2460 rint,
1215 2420 1394 2458 abolemus,
1420 2429 1536 2461 eosque
1563 2417 1593 2448 in
1623 2416 1790 2459 pristinum
1822 2419 1852 2449 ct

1114 2484 1204 2513 eum,
1229 2474 1259 2505 in
1284 2483 1346 2515 quo
1367 2477 1436 2504 ante
1461 2470 1631 2514 praemissa
1655 2469 1853 2513 quomodoli-

1115 2527 1166 2559 bet
1179 2531 1276 2564 erant,
1290 2530 1403 2556 statum
1417 2524 1448 2555 in
1468 2522 1614 2556 omnibus
1631 2527 1659 2554 et
1674 2532 1731 2565 per
1748 2521 1852 2555 onmia

1115 2578 1318 2617 restituimus,
1339 2576 1521 2620 reponimus
1538 2581 1567 2608 et
1587 2575 1725 2619 plenarie
1742 2575 1853 2607 reinte-

1116 2640 1254 2673 gramus,
1268 2640 1302 2662 ac
1317 2630 1487 2669 restitutos,
1502 2629 1658 2672 repositos
1671 2634 1698 2661 et
1713 2628 1852 2672 plenarie

1118 2684 1324 2726 reintegratus
1347 2693 1403 2726 per
1420 2687 1600 2727 praesentes
1616 2683 1817 2716 nunciamus?
