2293 3231
540 283 604 316 808

583 345 739 378 remouias
763 342 802 375 ab
828 341 989 385 episcopis
1015 344 1043 373 et
1069 339 1154 372 clero
1173 339 1236 373 ltu-

585 398 687 432 tbenis
712 395 946 430 observandas,
973 394 1046 427 att.

497 450 681 484 cctxxvt.
717 450 870 482 §inunum
903 457 1001 491 super
1032 448 1236 490 susceptione
1263 458 1265 465 ¹

585 503 724 536 muneris
741 502 990 535 consecrationis
1006 510 1062 544 pro
1080 499 1239 543 episcopis

586 555 751 594 Ruthenis,
777 554 850 588 2342.

499 607 697 643 CCLxxt'u.
712 608 914 641 Confirmatio
928 611 957 640 ct
972 606 1144 640 declaratio
1158 614 1236 638 con-
1265 637 1267 647 ,

586 662 756 695 stitutionis
789 661 868 694 Sixti
896 660 920 693 t·
945 670 1042 704 super
1074 660 1186 703 poenis
1211 662 1239 692 el

586 714 875 756 contiscationibus,
901 723 983 760 quae
1009 715 1087 748 fiunt
1104 715 1135 747 in
1153 713 1241 747 Statu

587 768 826 804 ecclesiastico.
861 767 1051 812 illarumque
1084 767 1240 801 solutione

586 831 729 855 camerae
756 821 947 866 apostolicae
968 820 1075 855 debita
1094 825 1122 854 ct
1144 821 1241 853 t'orma

588 875 627 908 de
645 879 771 908 caetero
789 880 943 920 perpetuo
961 874 1136 915 servanda,
1155 873 1228 907 34⁴2.

501 926 713 961 CCLxxvttt.
730 928 930 966 Decernitur,
953 929 1143 962 monasteria
1169 937 1243 960 con-

587 983 781 1025 gregationis
800 984 1026 1016 monaclmrum
1051 981 1243 1015 Caelestino-

590 1046 658 1069 rum
675 1035 802 1069 Ordinis
823 1038 923 1070 sancti
941 1036 1114 1077 Benedicti,
1134 1034 1244 1069 obser-

590 1093 660 1122 vata
676 1089 857 1123 reddituum
875 1091 1060 1135 ‹piantitate,
1076 1098 1131 1133 per
1147 1087 1244 1123 abba-

591 1146 646 1179 tes,
668 1147 719 1176 aut
737 1145 858 1186 priores
875 1142 1057 1187 gubernari,
1076 1145 1107 1176 in
1133 1144 1244 1187 eisque

590 1200 618 1229 et
642 1206 703 1229 non
729 1198 759 1230 in
785 1198 843 1230 alis
869 1196 993 1231 illorum
1019 1195 1174 1230 membris
1199 1197 1244 1229 i'a-

590 1249 706 1283 miliam
732 1252 909 1286 constituit.
936 1250 1009 1284 345.

503 1301 689 1336 chxxtx.
715 1303 872 1338 Institutio
897 1304 1155 1347 congregationis
1180 1312 1246 1336 mo-

591 1357 763 1391 nachorum
789 1358 920 1392 Ordinis
950 1357 1188 1393 Cisterciensis.
1214 1358 1244 1390 in

592 1413 700 1455 regnis
725 1411 921 1455 „xi-agoniae,
947 1411 1128 1454 Valentiae,
1153 1410 1246 1444 Maio-

594 1466 731 1498 ricarum
750 1469 777 1499 et
797 1467 974 1509 principatu
992 1465 1195 1500 cathaloniae
1216 1468 1246 1498 ct

595 1529 692 1562 regno
708 1519 877 1562 Naxarrae,
894 1519 953 1554 sub
968 1524 1121 1564 perpetua
1139 1523 1244 1553 tamen

595 1572 776 1608 obedientia
801 1574 925 1608 abbatis
942 1579 970 1608 et
994 1573 1124 1619 capituli
1149 1584 1246 1617 genc-

594 1626 667 1659 ralis
684 1627 841 1663 Cistercii.
861 1629 933 1662 347.

507 1678 678 1713 CCLxxx.
694 1680 771 1715 [nio
784 1683 1043 1726 congregationis
1059 1682 1246 1716 clericorum

595 1733 756 1768 doctrinae
781 1735 970 1770 christianae
995 1738 1026 1769 iu
1052 1738 1179 1770 civitate
1206 1736 1247 1769 A·

597 1790 739 1821 venionis
755 1791 914 1823 institutae
928 1791 1167 1833 congregationi
1185 1790 1247 1823 cle-

596 1842 731 1875 ricorum
757 1844 956 1886 Sontascbae,
973 1846 1042 1878 sire
1067 1845 1166 1878 sancti
1184 1843 1247 1877 Ma-

596 1895 647 1928 ioli
666 1895 838 1939 Papiensis,
861 1907 922 1931 una
943 1908 1015 1932 cum
1037 1898 1247 1943 capitulorum

597 1949 813 1984 intereasdem
823 1954 1247 1997 congregationesinitorum

598 2003 836 2047 approbatione,
862 2006 935 2038 2353.

511 2053 695 2089 CCLxxxt.
732 2057 896 2092 tunm-auo
935 2061 1194 2094 constitutionum
1231 2069 1248 2094 a

599 2108 686 2142 Sixto
710 2109 749 2142 lv
776 2115 803 2145 et
830 2111 884 2146 Pio
916 2112 939 2145 V
965 2112 1005 2147 de
1029 2112 1248 2157 Conceptione

599 2163 713 2199 Beatae
752 2165 868 2200 Mariae
907 2167 1045 2211 Virginis
1081 2169 1276 2203 editarum.-

600 2216 822 2264 lmpositioque
840 2222 996 2255 maiorum
1015 2232 1190 2265 poenarum
1217 2224 1247 2257 in

600 2275 837 2315 trasgressores,
856 2279 884 2308 et
903 2274 1043 2310 locorum
1069 2275 1249 2311 Ordiuariis

600 2329 631 2359 et
654 2327 833 2360 baereticae
861 2331 1027 2372 pravitatis
1057 2331 1250 2374 inquisitori-

600 2377 659 2411 bus
683 2381 875 2424 puniendos,
902 2382 976 2415 356.

513 2429 712 2466 CCLXXXll.
724 2433 924 2469 Contirmatio
938 2436 1059 2470 decreti
1073 2435 1251 2471 collectoris

599 2486 757 2529 generalis
781 2488 954 2532 spoliorum
977 2491 1007 2523 in
1025 2499 1123 2534 regno
1141 2490 1252 2524 Portu-

601 2539 724 2582 galliae,
750 2552 812 2586 quo
835 2547 974 2586 cavetur,
1000 2545 1169 2589 quominus
1187 2554 1252 2578 mo-

603 2593 702 2626 niales
726 2597 874 2639 propinas
898 2596 1118 2641 superioribus
1142 2607 1251 2632 mona-

603 2648 766 2680 steriorum
792 2648 913 2684 solvant
933 2651 963 2685 in
989 2652 1160 2685 emissione
1179 2662 1252 2695 pro-

605 2698 767 2743 fessionis,
785 2702 858 2735 359.

1086 285 1161 310 nrm
1170 284 1261 309 ΠΠῘἹῙ
1284 283 1437 309 nomxt‘u

1287 337 1502 373 CCLXXXIII.
1512 337 1672 380 Intubitio,
1686 347 1727 372 ne
1739 338 1887 373 monachi
1895 338 2030 375 Ordinis

1378 392 1408 425 S.
1436 391 1616 433 Benedicti,
1642 394 1900 436 congregationis
1923 392 2034 428 Caeli-

1378 447 1541 487 stinorum,
1551 445 1733 489 dignitates,
1747 446 1867 490 gradus
1878 450 1909 481 ct
1917 447 2032 490 officia,

1378 498 1535 532 saeculari
1561 500 1669 534 favore
1694 504 1726 534 et
1749 499 1867 534 illicitis
1884 501 1944 534 viis
1960 510 2034 544 pro-

1379 556 1499 595 curent,
1526 552 1672 597 pluribus
1696 555 1729 587 in
1754 563 1829 596 eos,
1861 562 2036 599 eorumque

1380 605 1519 640 fautores
1544 608 1656 650 poenis
1680 606 1820 650 indictis,
1846 606 1921 640 360.

1291 657 1502 693 CCLxxxtv.
1527 659 1710 702 Rex-oemio,
1727 659 1903 703 abrogatio,
1923 659 2036 694 annul-

1381 712 1465 756 latio,
1491 723 1639 759 novaque
1664 715 1826 748 concessio
1851 713 2037 758 privilegio-

1381 777 1451 800 rum
1470 767 1655 801 nominandi
1673 767 1712 802 ad
1728 767 1885 801 beneficia
1901 768 1934 802 in
1958 768 2036 801 civi-

1382 823 1444 852 tate
1457 824 1486 853 et
1501 819 1642 854 dioecesi
1657 820 1826 854 Leodiensi
1842 830 1899 865 pro
1914 821 2040 854 univer-

1382 873 1473 906 sitate
1496 874 1592 908 studii
1618 874 1780 918 generalis
1805 874 1914 918 oppidi
1932 874 2039 908 hova-

1383 927 1513 969 niensis⁷
1527 927 1766 961 Mechliniensis
1781 927 1949 971 dioecesiS,
1963 927 2038 961 362.

1295 979 1496 1014 CCLxxxv.
1509 980 1711 1016 Confirmatio
1724 981 1949 1016 nonnullarum
1965 990 2039 1015 con-

1383 1036 1591 1078 stitutionum,
1606 1046 1663 1070 seu
1680 1035 1917 1070 ordinationum
1935 1035 2040 1069 fratri-

1385 1086 1445 1122 bus
1469 1088 1619 1124 Eremitis
1643 1090 1751 1124 Sancti
1774 1089 1944 1133 Augustini
1968 1098 2042 1123 con-

1383 1145 1579 1187 gregationis
1619 1144 1770 1186 Siciliae,
1812 1154 1869 1189 pro
1906 1143 2040 1178 feliciori

1384 1196 1527 1230 eiusdem
1544 1197 1703 1241 gubernio
1718 1198 1884 1232 editarum.
1898 1197 2039 1231 Necnon

1383 1249 1570 1294 approbatio
1595 1253 1721 1286 unionis
1745 1253 1846 1296 ipsius
1863 1260 2040 1294 congrega-

1386 1305 1478 1338 tionis
1503 1305 1667 1349 praedicto
1689 1305 1805 1340 Ordini
1828 1309 1922 1339 antea
1939 1305 2041 1339 sactae

1387 1357 1462 1390 377.

1297 1409 1514 1444 CCLxxxvl.
1533 1411 1743 1456 (longi-egum
1767 1412 1899 1446 fratrum
1914 1411 2042 1446 Ioannis

1385 1463 1443 1497 Dei
1458 1465 1489 1498 in
1504 1464 1592 1499 ltalia
1607 1465 1729 1510 pridem
1744 1467 1885 1500 instituta
1897 1469 1928 1499 et
1941 1464 2043 1508 hospi-

1386 1519 1460 1552 talia
1477 1518 1688 1561 Germaniae,
1707 1519 1828 1554 Galliae
1846 1524 1875 1554 et
1893 1519 2044 1554 Poloniae

1386 1574 1417 1606 in
1446 1583 1554 1607 veram
1575 1574 1764 1618 religionem
1792 1575 1960 1618 eriguntur
1982 1571 2042 1606 sub

1387 1626 1488 1661 tribus
1505 1630 1586 1662 votis
1602 1626 1865 1662 substantialibus
1881 1631 1913 1661 et
1929 1629 2042 1672 quarto

1387 1680 1427 1714 dc
1445 1681 1594 1716 iuvandis
1611 1683 1754 1724 infirmis,
1773 1681 1833 1716 sub
1846 1680 1956 1724 regula
1970 1689 2043 1714 san-

1387 1737 1428 1770 cti
1453 1735 1632 1779 Augustini,
1657 1736 1733 1770 379.

1300 1788 1527 1823 CCLXXXVH.
1544 1789 1668 1824 Erectio
1692 1788 1956 1833 Congregationis
1980 1786 2044 1821 cle-

1389 1846 1527 1878 ricorum
1542 1853 1718 1888 pauperum
1732 1843 1839 1878 Matris
1852 1843 1911 1877 Dei
1923 1841 2044 1877 schola·

1388 1909 1459 1932 rum
1483 1900 1608 1942 piarum
1631 1898 1669 1932 ad
1696 1907 1855 1943 pauperes
1883 1896 2044 1931 scholares

1388 1953 1440 1997 pie
1459 1955 1489 1986 et
1505 1951 1626 1997 absque
1647 1951 1711 1985 ullo
1736 1952 1857 1996 premio
1885 1949 2046 1984 docendos

1389 2009 1419 2039 et
1437 2005 1640 2048 erudiendos,
1659 2005 1733 2038 38⁶2.

1300 2059 1544 2094 CCLXXXVHI.
1570 2058 1662 2101 Quod
1677 2059 1790 2093 fratres
1807 2057 1946 2092 Minores
1969 2066 2045 2091 con-

1389 2112 1555 2148 ventuales
1579 2112 1711 2148 Ordinis
1725 2112 1755 2146 S.
1770 2112 1929 2146 Francisci
1945 2109 2046 2145 semel

1391 2169 1422 2201 in
1446 2177 1573 2209 mense,
1600 2168 1702 2211 prima
1726 2166 1778 2200 die
1803 2175 1868 2200 non
1892 2164 2046 2209 impedita

1389 2221 1451 2255 alio
1469 2222 1547 2255 festo
1564 2230 1681 2255 novem
1697 2220 1882 2262 lectionum,
1903 2219 2046 2253 officium

1390 2275 1431 2308 de
1448 2276 1516 2319 ipso
1537 2275 1568 2308 S.
1587 2274 1766 2309 Francisco.
1788 2277 1881 2318 prout
1896 2273 2047 2307 recitatur

1392 2330 1424 2363 in
1438 2329 1490 2363 die
1509 2330 1587 2363 sesto
1603 2329 1759 2372 eiusdem,
1774 2330 1909 2363 recitare
1926 2327 2049 2372 possint

1393 2390 1425 2418 et
1445 2383 1580 2426 valeant,
1607 2383 1682 2417 385.

1303 2436 1523 2471 CCLxxxtx.
1553 2436 1758 2471 Consu-matio
1789 2436 2050 2471 constitutionum

1396 2492 1562 2534 religionis
1574 2490 1706 2525 fratrum
1716 2490 1789 2525 loan
1795 2491 1843 2524 nis
1850 2487 2048 2524 DeiOrdinis

1393 2545 1492 2580 sancti
1511 2544 1700 2588 Augustini,
1718 2544 1793 2578 385.

1304 2596 1415 2631 CCXC.
1441 2597 1644 2632 Confirmatio
1669 2595 1878 2642 quorumdam
1908 2597 2043 2629 statuto-

1395 2661 1463 2685 rum
1499 2652 1714 2685 uuiversitatis
1751 2649 1848 2684 studii
1888 2647 2050 2697 generalis

1395 2704 1602 2749 viennensis,
1628 2705 1702 2740 386.
