2293 3231
0 1569 14 1664 t

186 222 235 248 An.
257 221 371 248 &1614

1024 219 1141 242 rxttt's·
1169 219 1184 240 Υ
1211 220 1257 241 Μ’.

385 267 559 301 sistentium
586 267 712 302 babere,
737 271 764 299 et
792 267 866 298 inibi
893 266 1069 310 praedictos
1086 265 1122 297 ad

385 319 578 353 orthodoxae
596 319 665 351 fidei
682 320 798 351 cultum
815 323 997 352 convertere
1015 329 1125 362 procu-

384 383 465 412 rare,
481 377 511 404 et
527 382 695 405 conversos
712 373 741 404 in
763 373 872 405 eadem
891 372 951 404 side
969 372 1124 403 instruere

384 428 414 458 et
438 424 643 463 confirmare,
669 425 775 467 eisque
800 424 946 467 baptismi
972 424 1124 465 gratiam,

384 481 414 509 et
427 477 675 510 confirmationis
689 482 920 509 sacramentum
935 476 1125 519 impendere,

384 534 414 562 ct
438 533 500 563 tam
524 529 585 562 illis
610 530 653 562 sic
671 530 840 569 conversis,
862 539 956 573 quam
973 529 1041 561 aliis
1058 539 1125 561 om-

383 582 475 615 nibus
499 582 643 615 fidelibus
669 583 699 614 in
723 582 885 626 provincia
919 582 956 614 (le
983 582 1127 614 Pernam-

384 635 476 675 hueo,
503 646 538 668 ac
556 636 639 668 illius
657 635 791 679 oppidis,
810 635 913 674 terris,
930 634 1021 675 villis,
1039 633 1125 673 locis,

384 687 562 727 territoriis,
580 687 742 728 limitibus,
759 692 787 720 et
807 693 869 720 tam
885 687 1052 731 praedietis
1069 696 1126 730 pro

384 746 525 785 tempore
550 740 749 783 degentibus,
776 751 870 784 quam
902 740 939 772 ad
965 750 999 771 ea
1024 739 1123 771 decli-

384 793 540 834 nantibus,
554 798 749 829 saeramenta
767 792 986 832 ecclesiastica,
1004 797 1032 824 et
1051 790 1124 824 alia¹

385 846 560 890 spiritualia
584 856 726 886 munera,
751 856 814 879 non
839 849 941 879 tamen
966 855 1021 883 ea,
1047 855 1126 887 quae

385 903 456 932 sunt
480 898 610 939 ordinis,
635 903 668 933 ut
691 899 879 942 praefertur,
897 897 1078 929 ministrare
1097 902 1123 929 et

385 951 596 985 administrari
626 952 719 984 etiam
748 952 850 983 faeere
875 955 905 983 et
929 960 1124 994 procurare,

385 1016 420 1038 ac
437 1015 655 1049 quaecumque
672 1004 823 1038 beneficia
841 1003 1051 1037 ecclesiastica
1067 1004 1125 1036 sub

385 1058 582 1102 separatione
598 1063 628 1091 et
643 1057 922 1091 dismembratione
942 1056 1125 1090 huiusmodi

384 1111 623 1155 comprehensa,
644 1115 674 1145 et
686 1121 765 1154 quae
779 1114 869 1144 antea
882 1109 920 1142 ad
937 1109 1035 1153 ipsius
1048 1110 1126 1154 epis-

384 1163 455 1208 copi
472 1163 575 1197 Sancti
601 1163 770 1196 Salvatoris
794 1162 1004 1203 collationem,
1022 1163 1125 1206 provi-

383 1217 513 1258 sionem,
540 1217 777 1257 institutionem,
795 1228 850 1250 seu
869 1216 1013 1260 quamxis
1030 1216 1124 1249 aliam

383 1270 621 1314 dispositionem
646 1272 855 1315 pertinebant,
869 1272 1022 1307 conferre,
1039 1276 1067 1303 et
1086 1271 1123 1304 de

382 1324 444 1357 illis
469 1324 646 1368 disponere,
671 1336 706 1357 ac
731 1325 763 1356 in
787 1324 831 1357 eis
856 1324 1028 1365 instituere,
1054 1325 1124 1358 eali-

383 1389 444 1419 ees,
470 1388 649 1422 campanas,
674 1379 868 1419 vestimenta,
893 1378 1071 1421 corporalia
1095 1385 1123 1411 et

383 1431 443 1464 alia
467 1437 649 1476 paramenta
674 1436 702 1466 et
727 1437 911 1465 ornamenta
937 1442 1123 1464 consecrare

384 1489 413 1519 et
428 1485 625 1526 benedicere,
639 1485 796 1526 ecclesias,
811 1485 999 1518 coemeteria
1012 1491 1040 1518 et
1055 1486 1124 1519 loca

383 1539 604 1580 ecclesiastica,
616 1539 777 1582 sanguinis
790 1543 818 1573 et
832 1539 959 1572 seminis
972 1539 1123 1573 effusione

383 1592 447 1625 sive
472 1593 547 1625 alias
567 1592 805 1636 quomodolibet
821 1593 940 1636 polluta
955 1594 1002 1625 vel
1021 1593 1125 1637 profa-

382 1651 464 1687 nata,
489 1649 571 1691 aqua
598 1657 656 1690 per
682 1657 713 1679 sc
742 1647 845 1690 ipsum
873 1646 1038 1680 benedicta
1066 1658 1120 1679 re-

383 1699 562 1740 conciliare,
587 1700 732 1743 ipsasque
752 1700 900 1732 ecclesias
925 1703 953 1733 et
977 1699 1045 1732 loca
1066 1700 1123 1732 sub

381 1753 545 1796 provincia
568 1753 606 1785 de
631 1753 847 1785 Pernambuco
867 1752 1027 1796 praedicta
1041 1763 1124 1786 com-

381 1807 538 1851 prehensa
554 1812 583 1839 et
607 1806 733 1839 illorum
758 1816 909 1850 personas
926 1806 1062 1846 visitare,
1087 1817 1121 1839 ae

381 1860 414 1892 in
438 1860 565 1893 illorum
589 1865 716 1900 statum,-
732 1860 884 1903 regimen,
913 1865 1036 1900 statuta,
1054 1872 1124 1894 con-

382 1913 572 1955 suetudines,
596 1914 702 1954 vitam,
723 1923 838 1954 inoreS,
855 1913 944 1954 ritus,
965 1914 1077 1947 delicta
1095 1919 1122 1948 et

382 1967 591 2011 disciplinam,
607 1973 670 2000 tam
691 1967 722 2000 in
744 1967 844 2011 capite
863 1978 958 2012 quam
976 1968 1007 2000 in
1029 1979 1124 2002 mein-

382 2021 458 2061 bris,
472 2021 644 2064 inquirere,
657 2030 779 2053 necnon
793 2021 990 2064 evangelicae
1004 2026 1032 2055 et
1053 2032 1124 2066 apo-

383 2073 510 2107 stolicae
534 2074 705 2114 doctrinae,
723 2084 950 2118 sacrorumque
966 2085 1122 2108 canonum

385 2132 414 2160 ct
426 2127 622 2170 generalium
632 2127 838 2160 conciliorum
851 2127 985 2160 decretis
999 2133 1027 2162 et
1040 2129 1124 2161 insti-

384 2180 459 2213 tutis
479 2180 682 2220 inhaerendo,
703 2190 920 2225 quaecumque
939 2182 1122 2223 mutatione,

384 2233 590 2274 correctione,
605 2232 833 2273 emendatione,
848 2234 1020 2277 punitione,
1038 2246 1124 2269 revo—

384 2287 515 2328 catione,
539 2297 575 2319 ac
599 2287 692 2319 etiam
718 2297 754 2319 ex
780 2287 902 2329 integro
927 2288 1061 2321 editione
1079 2289 1123 2321 in-

384 2340 492 2383 digere
502 2340 710 2383 cognovisset,
721 2340 904 2381 reformare,
915 2346 1047 2382 mutare,
1058 2352 1124 2375 cor-

383 2394 500 2437 rigere,
522 2394 635 2438 punire
660 2400 688 2426 et
713 2394 807 2426 etiam
824 2394 861 2426 de
878 2404 959 2427 novo
977 2395 1122 2436 condere,

383 2457 441 2481 nec
464 2457 527 2480 non
543 2447 752 2487 beneficiales,
770 2447 1080 2492 matrimonialesque
1095 2454 1121 2481 et

384 2511 599 2545 quascumque
624 2501 700 2533 alias
725 2510 834 2533 causas
851 2500 1078 2534 ecclesiasticas
1094 2507 1122 2534 et

384 2554 502 2594 civiles,
526 2559 556 2587 et
581 2554 619 2586 ad
643 2554 747 2587 sorum
772 2554 1018 2587 ecclesiasticum
1044 2566 1122 2598 quo-

422 2618 432 2643 1
451 2616 521 2644 Edit.
538 2616 617 2644 Μαίη.
634 2617 699 2653 legit
713 2617 782 2644 aliis
797 2618 834 2651 (R.
853 2617 902 2651 r).

469 2670 548 2698 Bun.
568 2671 649 2699 Rom.
669 2686 703 2692 —-
721 2671 779 2698 Vol.
800 2670 866 2698 XII.
1027 2670 1061 2699 35

1804 207 1867 240 273

1158 264 1325 297 niodolibet
1349 265 1549 308 pertinentes,
1564 268 1663 297 molas
1682 268 1708 294 et
1729 264 1898 303 inchoatas,

1158 328 1192 350 ac
1219 317 1343 350 interim
1372 317 1558 352 movendas,
1584 327 1655 348 eum
1688 326 1796 347 earum
1822 315 1899 348 inci-

1159 371 1313 411 dentibus,
1328 371 1584 415 dependentibus,
1595 369 1840 412 emergentibus,
1850 379 1901 401 an-

1159 424 1246 456 nexis
1270 430 1299 456 et
1324 424 1472 456 connexis
1490 423 1608 463 andire,
1627 422 1771 455 decidere
1789 428 1816 453 et
1838 422 1900 454 tine

1159 477 1263 510 debito
1289 478 1468 517 terminare,
1493 481 1585 520 prout
1610 476 1686 509 iuris
1710 475 1828 515 suisset,
1846 486 1900 508 seu

1160 542 1268 563 causas
1294 532 1376 575 ipsas
1401 531 1463 568 alii,
1482 532 1528 564 vel
1543 531 1621 571 aliis,
1641 530 1734 563 inodo
1751 535 1780 562 et
1796 529 1900 563 forma

1160 584 1329 627 praedictis
1353 596 1425 616 cuin
1454 584 1547 616 simili
1576 585 1622 616 vel
1655 583 1786 616 limitata
1811 586 1900 626 pote-

1160 642 1237 669 state.
1257 638 1376 680 pariter
1394 637 1572 677 audiendas,
1591 637 1779 670 decidendas
1797 642 1825 668 et
1841 641 1901 669 ter-

1160 689 1323 721 minandas
1348 689 1505 731 delegare,
1524 700 1559 722 ac
1576 689 1712 733 denique
1729 689 1853 732 plenam
1871 692 1901 722 et

1160 752 1281 775 meram
1307 748 1334 775 et
1360 742 1573 775 omnimodam
1595 742 1789 786 spiritualem
1807 746 1837 774 et
1853 752 1901 773 ec—

1160 795 1365 828 elesiasticam
1381 806 1416 828 ac
1441 794 1632 828 ordinariam
1650 794 1900 827 iurisdictionem

1160 851 1222 881 tam
1248 848 1279 880 in
1299 849 1367 881 soro
1392 848 1535 881 interiori
1561 859 1655 891 quam
1680 847 1830 881 exteriori
1850 847 1901 879 ha-

1160 900 1254 941 bere,
1280 912 1313 933 ac
1339 911 1408 933 eam
1434 904 1463 934 et
1487 901 1593 933 onmia
1617 900 1676 933 alia
1700 905 1729 932 et
1755 900 1878 943 singula
1893 927 1900 939 ,

1159 964 1239 997 quae
1255 965 1313 997 pro
1330 959 1473 998 tempore
1494 954 1628 987 existens
1643 954 1810 997 episcopus
1827 953 1900 986 San-

1160 1006 1200 1039 cti
1225 1007 1394 1040 Salvatoris
1408 1007 1440 1039 in
1457 1006 1519 1039 illis
1536 1007 1679 1051 partibus
1703 1012 1830 1039 eatenus
1848 1006 1901 1038 ha-

1159 1060 1244 1101 bere,
1269 1071 1381 1103 gerere
1399 1065 1426 1093 et
1444 1070 1590 1093 exercere
1611 1060 1772 1099 debuerat,
1793 1064 1901 1103 potue-

1158 1118 1206 1146 rat
1224 1118 1254 1145 et
1270 1118 1469 1153 convenerat,
1487 1113 1631 1146 similiter
1644 1116 1673 1146 et
1686 1112 1900 1156 parisormiter

1159 1167 1243 1199 nulla
1268 1177 1400 1211 prorsus
1425 1166 1601 1200 differentia
1626 1166 1778 1210 (exeeptis
1795 1171 1899 1199 tamen

1158 1220 1214 1260 iis,
1241 1231 1338 1264 quae,
1364 1225 1396 1252 ut
1420 1220 1538 1253 dietum
1563 1225 1624 1260 est,
1649 1226 1721 1253 sunt
1745 1219 1898 1263 ordinis),

1158 1279 1251 1317 prout
1275 1274 1372 1306 divini
1389 1274 1490 1307 cultus
1509 1277 1689 1316 augmento,
1705 1284 1741 1306 ac
1757 1273 1900 1317 ipsorum

1158 1329 1234 1361 cleri
1259 1334 1289 1361 et
1313 1328 1421 1372 populi
1446 1328 1622 1360 animarum
1644 1327 1736 1360 saluti
1753 1327 1899 1370 expedire

1158 1381 1376 1424 cognovisset,
1402 1391 1529 1424 gerere,
1557 1391 1718 1420 exercere,
1743 1380 1845 1413 facere
1871 1386 1899 1413 et

1157 1435 1269 1478 exequi
1295 1445 1367 1467 cum
1388 1434 1535 1467 omnibus
1557 1438 1586 1466 et
1603 1433 1735 1476 singulis
1753 1433 1821 1466 aliis
1838 1434 1900 1478 pri-

1158 1488 1289 1530 vilegiis,
1303 1487 1510 1527 facultatibus,
1524 1486 1788 1530 exemptionibus,
1806 1487 1899 1520 liber-

1158 1541 1280 1580 tatibus,
1293 1540 1572 1580 iurisdictionibus,
1583 1540 1899 1583 p1·aeen1inentiis,fa-

1158 1594 1296 1635 voribus,
1307 1594 1415 1637 gratiis
1428 1600 1457 1627 et
1472 1594 1609 1634 indultis,
1623 1594 1676 1637 qui
1691 1594 1722 1626 in
1735 1593 1773 1626 de
1783 1593 1898 1627 Ormuz

1158 1652 1187 1681 et
1203 1647 1418 1691 Mozambique
1435 1653 1464 1680 et
1480 1648 1593 1687 Cofala,
1605 1657 1661 1680 nec
1679 1657 1741 1680 non
1755 1647 1897 1687 Maluco¹,

1157 1701 1287 1744 aliisque
1313 1701 1483 1744 provinciis
1507 1706 1536 1733 et
1561 1701 1639 1733 locis
1662 1706 1784 1733 erectae
1801 1700 1899 1733 admi-

1157 1754 1369 1791 nistrationes,
1385 1758 1414 1787 et
1428 1754 1553 1786 illarum
1570 1764 1629 1798 pro
1642 1759 1784 1797 tempore
1803 1754 1898 1798 depu-

1157 1807 1211 1839 tati
1228 1807 1498 1840 administratores
1525 1807 1669 1839 similiter
1692 1806 1896 1847 ordinariam,

1157 1866 1190 1893 ut
1215 1861 1402 1904 praefertur,
1420 1860 1670 1893 iurisdietionem
1691 1860 1767 1892 inibi
1784 1860 1898 1893 haben-

1158 1919 1212 1955 tes,
1235 1920 1375 1954 utuntur,
1394 1915 1557 1958 potiuntur
1574 1919 1602 1946 et
1621 1913 1767 1956 gaudent,
1786 1924 1820 1946 ac
1840 1915 1896 1955 uti,

1157 1967 1266 2015 potiri*
1277 1973 1306 1999 et
1331 1967 1468 2010 gaudere
1493 1972 1632 2010 possunt,
1657 1966 1740 2000 dicta
1764 1967 1898 2000 auetori-

1158 2026 1218 2053 tate
1243 2021 1386 2053 similiter
1407 2026 1561 2064 perpetuo
1586 2019 1745 2053 ereximus
1768 2025 1797 2053 et
1814 2020 1898 2053 insti-

1157 2074 1282 2113 tuimus,
1300 2079 1329 2106 et
1353 2074 1438 2113 alias,
1462 2077 1555 2117 prout
1576 2073 1607 2105 in
1623 2073 1692 2105 aliis
1716 2073 1831 2106 nostris
1848 2073 1898 2106 de-

1157 2138 1251 2171 super
1276 2128 1306 2160 in
1332 2127 1426 2160 simili
1451 2128 1551 2160 forma
1575 2126 1682 2159 Brevis
1703 2126 1760 2159 sub
1785 2126 1835 2159 die
1853 2137 1896 2159 xu

1157 2182 1281 2224 augusti
1306 2191 1403 2214 §inem
1428 2181 1579 2225 expeditis
1603 2180 1736 2220 litteris,
1761 2190 1896 2223 quarum

1158 2239 1282 2269 tenores
1298 2235 1517 2278 praesentibus
1534 2245 1593 2278 pro
1611 2234 1769 2277 expressis
1787 2234 1895 2266 baberi

1157 2289 1313 2328 volumus,
1331 2288 1453 2332 plenius
1472 2286 1675 2320 continett11·².

1201 2343 1216 2385 ξ
1247 2342 1275 2375 ⁶2.
1309 2342 1383 2375 Cum
1415 2346 1535 2381 autem,
1561 2341 1639 2373 sieut
1663 2339 1737 2373 dicti
1762 2339 1895 2384 Philippi

1157 2396 1241 2439 regis
1264 2395 1390 2429 nomine
1410 2395 1500 2427 nobis
1514 2394 1617 2427 denuo
1634 2393 1811 2437 expositum
1828 2394 1895 2435 fuit,

1157 2448 1359 2492 postmodum
1377 2448 1415 2480 ad
1433 2447 1573 2479 eiusdem
1596 2446 1730 2490 Philippi
1747 2446 1831 2490 regis
1843 2458 1896 2480 no-

1158 2501 1254 2535 titiam
1280 2500 1450 2541 devenerit,
1475 2500 1558 2544 quod
1584 2500 1765 2544 provinciae
1785 2500 1898 2544 capita-

1196 2574 1203 2599 t
1223 2572 1308 2608 Supra
1323 2572 1463 2608 legebatur
1482 2572 1591 2600 Malaca
1611 2575 1649 2606 (a.
1661 2573 1709 2604 τ.).

1192 2617 1207 2644 Q
1223 2618 1294 2649 Quas
1311 2616 1368 2644 vide
1385 2616 1453 2652 pres.
1468 2624 1530 2652 pag.
1546 2616 1563 2644 9
1578 2616 1658 2644 huius
1672 2619 1736 2644 tom.
1754 2617 1794 2652 (R.
1811 2617 1859 2650 τ.).

1914 217 1961 242 Au.
1984 216 2012 242 [2.
2034 214 2099 241 1614

1924 2353 2001 2374 lisdem
2011 2359 2098 2375 coneur-

1912 2381 2006 2402 rentibus
2025 2382 2097 2402 causis

1912 2407 1976 2427 etiam
2026 2408 2097 2434 quoad

1911 2434 2032 2458 provincias
2070 2434 2096 2455 de

1911 2460 2008 2484 Pei-atha,
2022 2461 2072 2482 ttam
2088 2470 2097 2477 -

1912 2486 2096 2512 tammum-ande

1912 2513 2073 2535 etMarauham.
