2293 3231
278 282 324 310 an.
344 281 371 309 c.
397 281 462 310 ιδῃ
508 273 573 308 744

330 451 397 477 lst‘am
413 457 462 471 iera

279 479 390 498 ecelesiam
403 484 431 497 -ir
441 479 462 498 li-

279 505 352 525 herun.
368 512 377 523 r
443 519 445 522 .

278 538 341 550 muru
357 538 384 550 rv-
394 533 462 550 turati-

278 558 409 583 l==i‹,.·t·.·que
418 565 462 581 -ιηι-

279 586 391 609 ι’·ΙΙι-ιῚιῐω
412 585 462 604 avi>

279 614 328 634 suat
339 613 365 629 :tiu
375 615 408 630 tar
416 618 463 630 coi·-

280 637 413 657 'fatetur-stu

478 331 622 363 similiter
638 335 789 374 perpetuo
810 328 1035 372 supprimimus
1067 335 1095 361 et
1120 329 1220 361 extin-

480 385 624 427 guimus:

523 441 537 480 g
556 437 582 469 7.
603 437 704 479 lpsam
724 444 797 466 vero
813 434 978 467 ecclesiam
995 434 1024 467 S.
1045 433 1163 467 Nicolai
1182 433 1221 467 ab

429 511 452 523 s,
479 489 562 522 omui
582 491 666 526 citra,
681 487 802 527 ollii-iis,
816 487 965 520 oneribus
986 487 1222 532 parochialibus

480 543 609 574 liberam
636 547 663 573 et
689 547 880 584 exemptam,
905 546 935 574 et
959 541 997 574 dc
1022 546 1128 575 cetero
1159 551 1221 575 non

479 595 654 627 collativam
670 594 824 634 ell'ectam,
839 594 986 638 illiusque
1004 605 1144 628 cameras
1158 605 1223 627 rec·

480 648 594 680 torales
615 658 710 691 super
735 650 769 679 ea
796 653 992 680 constructas
1017 648 1073 690 (ex
1097 647 1221 691 quihus,

479 701 504 733 si
523 702 710 739 locarentur,
724 700 832 733 decem
847 701 950 733 ducati
966 701 1034 734 auri
1047 701 1085 733 de
1097 703 1221 734 camera

480 753 608 790 similes,
625 754 671 786 vel
690 753 783 794 cirea,
801 759 833 786 ut
851 754 943 787 etiam
962 754 1153 797 accepimus,
1171 763 1223 786 an-

479 809 596 841 nuatim
614 808 878 852 perciperentur),
896 819 967 841 cum
985 808 1171 842 Sanctorum
1191 814 1222 842 et

479 862 639 906 quibusvis
671 862 739 894 aliis
771 862 930 905 reliquiis,
955 872 991 894 ac
1020 861 1168 895 omnibus
1192 867 1221 895 et

1052 281 1231 305 BULLARIUM
1255 281 1411 305 Romnum

1254 334 1398 372 tempore
1410 328 1571 361 existentis
1583 328 1676 362 Urbis
1694 329 1874 373 praedictae
1888 329 1996 363 vicarii

1255 386 1307 414 aut
1324 381 1551 425 cuiuscumque
1569 381 1698 415 alterius
1722 382 1847 416 licentia
1862 383 1998 427 desuper

1256 435 1384 468 minime
1404 434 1569 478 requisita]
1586 434 1726 468 eiusdem
1753 435 1920 469 Alexandri
1937 436 1998 480 epi-

1256 488 1341 532 scopi
1366 493 1396 521 et
1422 487 1589 521 cardinalis
1613 498 1772 532 expresso,
1797 488 1901 521 dilecti
1923 499 1998 522 vero

1255 541 1311 574 filii
1337 541 1480 575 moderni
1505 541 1639 575 rectoris
1663 551 1718 574 seu
1741 541 1929 575 dilectorum
1954 541 1995 574 fi-

1257 595 1372 628 liorum
1402 594 1629 628 modernorum
1663 598 1823 629 rectorum
1847 594 1997 628 ecclesiae

1256 659 1313 681 seu
1327 647 1544 689 ecclesiarum,
1561 647 1600 680 ad
1617 658 1711 691 quam
1727 658 1782 680 seu
1798 647 1837 680 ad
1854 657 1932 691 quas
1948 657 1999 680 cu-

1256 712 1324 734 ram
1338 701 1515 734 animarum
1531 701 1710 734 huiusmodi
1726 701 1889 734 transferri
1903 700 1999 734 conti-

1256 755 1348 798 gerit,
1372 755 1410 788 ad
1435 755 1496 789 hoc
1521 755 1689 788 accedente
1713 764 1879 794 consensu,
1895 759 1998 788 aucto-

1255 808 1346 841 ritate
1363 811 1393 842 et
1412 812 1522 841 tenore
1544 807 1747 851 praemissis,
1772 806 1898 839 itidem¹
1924 817 1997 851 per-

1255 867 1350 905 petuo
1376 861 1578 895 concedimus
1602 866 1632 894 et
1655 861 1862 904 assignamus.

2004 282 2054 309 An.
2073 280 2104 309 G.
2126 279 2195 310 ten

479 915 611 957 singuiis
642 915 832 958 paramentis
857 919 886 948 et
910 915 1121 955 ornamentis,
1147 915 1221 948 cali·
1300 916 1315 959 ἓ
1339 914 1390 947 121.
1417 915 1580 948 Postremo
1604 914 1696 948 dictis
1719 914 1843 948 duobus
1867 913 1996 948 canoni·
2053 925 2083 948 Ex
2101 927 2199 953 provenit

304 1782 392 1812 Eique:
405 1788 462 1809 pre<-

277 1808 290 1830 b
307 1812 356 1830 teti-1
374 1810 462 1832 idone-z,

278 1841 305 1857 a»
322 1837 326 1856 i
344 1842 366 1856 <a
383 1842 461 1862 punen-

278 1842 424 1886 ‹in-deserviri
434 1864 463 1884 fa-

276 1889 356 1911 facere.

305 2101 346 2123 Nec
357 2107 397 2122 non
411 2102 462 2122 dila-

279 2130 323 2149 tare
335 2132 354 2148 et
367 2135 385 2148 iu
399 2130 462 2149 altam

279 2154 364 2175 {ormam
376 2156 462 2175 rvduve-

478 968 585 1009 cibus,
611 968 776 1008 crucibus,
802 968 1018 1009 candelabris,
1043 969 1220 1012 campanis,
1255 968 1376 1001 catibus
1400 972 1430 1001 et
1454 968 1576 1001 duabus
1600 967 1799 1013 praebendis,
1823 967 1946 1001 noviter
1965 967 1997 1000 in
2011 953 2198 1011 ἷὲῗιὶῗὲῗὲἶῖρεὲἶ

478 1022 576 1060 libris,
594 1022 684 1062 vasis,
706 1021 914 1065 universaque
939 1021 999 1068 alia
1024 1022 1220 1066 supellectili,
1255 1021 1337 1054 dicta
1369 1021 1501 1054 ecclesia
1525 1022 1554 1056 S.
1580 1021 1739 1055 Laurentii
1763 1031 1801 1054 ex
1825 1020 1996 1062 fructibus,
2012 1009 2198 1064 gffigatgffifflg:
2248 1059 2250 1061 ,

478 1082 540 1109 tam
566 1079 654 1109 sacra
675 1086 768 1119 quam
794 1076 936 1120 prolana,
961 1075 1056 1109 etiam
1081 1087 1118 1109 ex
1143 1087 1221 1109 auro
1256 1075 1431 1108 redditibus
1447 1080 1477 1108 et
1493 1075 1700 1119 proventibus
1715 1074 1790 1107 olim
1808 1060 2198 1118 parochialis{3¹¹ss'r'1g'ltssttlssl

478 1135 505 1163 et
531 1135 673 1172 argento,
698 1140 734 1162 ac
756 1129 824 1162 aliis
848 1129 944 1162 rebus
968 1129 1221 1174 quibuscumque
1255 1129 1406 1163 ecclesiae
1435 1129 1464 1163 S.
1489 1129 1641 1163 Caeciliae
1665 1129 1697 1162 in
1728 1128 1830 1162 Monte
1863 1128 1997 1162 lordano
2012 1115 2049 1134 ω’

479 1184 509 1216 in
534 1183 615 1216 dicta
646 1183 778 1216 ecelesia
802 1184 830 1216 S.
857 1183 976 1217 Nicolai
1007 1183 1046 1216 ad
1070 1193 1221 1228 praesens

479 1237 682 1270 existentibus
699 1242 729 1270 ct
746 1237 783 1269 ad
803 1237 886 1269 illius
905 1247 998 1269 usum
1019 1237 1220 1280 comparatis,

477 1290 656 1335 praedictae
680 1290 927 1323 consi-aternitati
955 1291 1009 1333 [ita
1026 1290 1110 1334 quod
1130 1290 1221 1324 liceat

478 1345 575 1389 ipsius
601 1345 775 1378 rectoribus
800 1350 829 1376 et
847 1344 1068 1385 confratribus,
1088 1354 1171 1378 nunc
1192 1349 1221 1379 et

476 1409 536 1443 pro
561 1404 702 1442 tempore
727 1398 941 1439 existentibus,
967 1399 1165 1442 corporalem
1191 1403 1221 1431 et

477 1452 630 1485 actualem
656 1452 805 1484 ccclesiae
830 1454 858 1485 S.
885 1452 1004 1485 Nicolai
1024 1462 1060 1485 ac
1085 1463 1222 1485 eamera-

478 1516 548 1538 rum
575 1505 806 1549 praedictarum
835 1505 1065 1549 possessionem
1090 1516 1147 1549 per
1172 1516 1220 1546 se,

478 1560 525 1592 vel
543 1559 649 1598 alium,
668 1570 721 1591 seu
739 1559 827 1599 alios,
845 1570 955 1593 eorum
972 1570 1008 1592 ac
1025 1559 1124 1593 dictae
1145 1569 1220 1592 con-

478 1613 681 1646 fraternitatis
706 1613 849 1653 nomine,
874 1613 1004 1656 propria
1035 1613 1219 1647 auctoritate

477 1667 715 1711 apprehendere
741 1672 770 1699 et
794 1667 1041 1711 appraebensam
1067 1672 1220 1711 perpetuo

479 1720 630 1760 retinere;

522 1775 537 1817 ξ
561 1773 590 1806 8.
616 1774 785 1817 Dictaeque
813 1773 964 1806 ecclesiae
989 1773 1018 1806 S.
1044 1772 1163 1806 Nicolai
1189 1773 1220 1806 in

478 1827 590 1859 divinis
611 1838 667 1870 per
688 1827 887 1871 presbyteros
905 1826 1045 1867 idoneos,
1059 1837 1076 1859 a
1093 1826 1222 1860 rectori-

478 1881 536 1914 bus
552 1886 581 1913 et
599 1882 810 1914 confratribus
826 1881 995 1925 praedictis
1013 1892 1098 1915 nunc
1115 1886 1145 1914 et
1161 1892 1220 1925 pro

480 1940 620 1978 tempore
641 1934 846 1967 existentibus
870 1935 1043 1979 ponendos,
1062 1940 1092 1967 et
1107 1945 1166 1979 pro
1186 1934 1221 1967 li-

477 1988 554 2021 bero
575 1993 602 2020 et
621 1988 766 2021 absoluto
783 1998 893 2021 corum
915 1988 1048 2022 arbitrio
1071 1998 1220 2022 amoven-

477 2041 544 2081 dos,
561 2041 710 2073 deserviri
737 2042 839 2074 l'acere
854 2052 861 2081 ;

523 2094 537 2137 g
561 2094 590 2127 9.
618 2095 777 2138 lllamque,
799 2095 1061 2139 quotiescumque
1077 2100 1107 2127 et
1124 2105 1221 2138 quan-

478 2147 655 2190 documque
674 2148 734 2180 illis
759 2148 941 2181 benevisum
966 2148 1071 2188 suerit,
1089 2148 1220 2181 dilatare

1254 1182 1292 1216 de
1316 1183 1426 1215 eadem
1452 1182 1550 1223 Urbe,
1575 1182 1722 1226 dictaque
1746 1181 1918 1226 apostolica
1941 1191 1997 1214 au-

1255 1236 1399 1270 ctoritate
1429 1236 1540 1270 erectis
1565 1237 1638 1280 (pro
1662 1246 1723 1268 usu
1746 1240 1777 1268 et
1804 1238 1997 1278 augumento

1254 1289 1511 1323 distributionum
1528 1289 1783 1334 quotidianarum
1801 1288 1883 1321 inter
1897 1287 1997 1322 dictos

1254 1341 1332 1375 duos
1363 1342 1564 1376 canonicatus
1594 1345 1624 1376 et
1649 1341 1844 1385 praebendas
1874 1341 1998 1374 noviter

1254 1399 1374 1429 erectas
1405 1406 1463 1429 suo
1492 1400 1634 1439 tempore
1658 1395 1852 1435 obtinentes,
1879 1404 1916 1427 ac
1944 1394 1998 1428 ho-

1254 1449 1298 1482 ris
1321 1449 1498 1491 canonicis,
1528 1450 1660 1493 aliisque
1693 1448 1807 1482 divinis
1831 1448 1942 1482 officiis
1965 1448 1998 1481 in

1254 1503 1336 1536 dicta
1368 1504 1501 1537 ecclesia
1534 1504 1563 1538 S.
1589 1503 1748 1537 Laurentii
1777 1503 1842 1536 suis
1872 1503 1942 1537 loco
1966 1507 1998 1536 et

1254 1562 1396 1600 tempore
1421 1557 1654 1598 interessentes,
1671 1557 1779 1601 aequis
1794 1556 1994 1601 portionibus

1254 1615 1284 1642 et
1301 1610 1377 1643 ratis
1390 1610 1641 1652 dividendarum,
1656 1611 1697 1643 ita
1711 1610 1795 1654 quod
1809 1620 1872 1644 uno
1885 1620 1997 1643 eorum

1254 1664 1393 1705 absente,
1413 1670 1444 1698 et
1467 1675 1530 1698 non
1555 1665 1770 1705 interessente,
1790 1664 1858 1697 eius
1881 1663 1996 1708 portio,

1254 1722 1284 1750 et
1299 1723 1366 1750 rata
1383 1718 1472 1752 alteri
1494 1718 1651 1762 praesenti
1669 1723 1699 1751 et
1716 1717 1913 1751 interessenti
1933 1722 1998 1750 tan-

1255 1777 1321 1804 tum
1346 1778 1504 1805 accrescat
1523 1776 1554 1806 et
1577 1782 1758 1806 accrescere
1783 1781 1820 1804 eo
1844 1771 1912 1815 ipso
1929 1780 1998 1804 cen-

1255 1826 1379 1869 seatur)
1396 1825 1502 1859 omnia
1531 1831 1561 1859 et
1577 1826 1701 1869 singula
1721 1825 1820 1859 dictae
1846 1824 1997 1858 ecclesiae

1255 1878 1284 1912 S.
1301 1879 1430 1919 Nicolai‚
1445 1884 1475 1912 et
1492 1879 1536 1912 illi
1559 1889 1754 1912 annexorum
1774 1888 1998 1922 quorumcum-

1255 1943 1325 1976 que,
1339 1932 1558 1976 proprietates,
1575 1931 1714 1976 praedia,
1731 1931 1852 1970 domos,
1870 1931 1998 1975 apothe-

1255 1995 1316 2025 cas,
1330 1995 1475 2025 canones,
1485 1995 1607 2025 census,
1622 1985 1768 2024 rationes,
1778 1984 1902 2028 aliaque
1914 1984 1997 2017 bona

1255 2044 1285 2072 et
1305 2038 1374 2071 iura
1394 2039 1550 2078 universa,
1568 2039 1599 2071 in
1619 2038 1781 2082 quibusvis
1804 2037 1900 2070 rebus
1924 2047 1998 2070 con-

1254 2092 1394 2125 sistentia
1414 2098 1444 2125 et
1468 2092 1689 2135 undecumque
1713 2091 1940 2136 provenientia,
1960 2101 1996 2124 ac

1254 2146 1492 2190 quomodolibet
1505 2151 1534 2179 et
1547 2146 1658 2190 quovis
1674 2145 1801 2179 nomine
1817 2148 1998 2189 nuncupata

279 2188 308 2204 rr.
323 2184 351 2202 uti
368 2184 463 2206 possint.

280 2209 381 2233 indulget.

1255 2199 1402 2243 (cameris
1427 2203 1530 2233 tamen
1550 2204 1580 2232 et
1603 2199 1694 2232 bonis
1719 2197 1897 2239 mobilibus,
1915 2197 1997 2230 aliis-

1254 2264 1314 2297 que
1339 2253 1399 2293 sic,
1423 2258 1458 2285 ut
1481 2252 1711 2297 praemittitur,
1736 2251 1838 2284 dictae
1865 2251 1992 2284 confra-

1256 2306 1390 2340 ternitati
1413 2306 1580 2347 concessis,
1598 2304 1816 2339 tantummodo
1840 2304 1996 2349 exceptis,

1253 2371 1333 2404 quae
1357 2360 1415 2393 sub
1444 2359 1625 2393 huiusmodi
1654 2359 1863 2403 applicatione
1887 2363 1917 2391 et
1940 2368 1995 2401 ap-

1253 2413 1469 2457 propriatione
1487 2412 1724 2457 comprehendi,
1741 2417 1794 2444 aut
1810 2410 1916 2444 venire
1931 2420 1995 2444 non

1253 2467 1398 2508 debeant,
1423 2477 1525 2510 neque
1549 2466 1642 2499 etiam
1668 2465 1882 2506 censeantur),
1903 2473 1994 2506 prae-

479 2206 508 2233 et
524 2201 684 2244 ampliare,
710 2201 888 2242 immutare,
906 2212 942 2234 ac
967 2201 1060 2234 etiam
1077 2201 1110 2234 in
1126 2202 1219 2234 aliam

479 2254 611 2287 sormam
638 2255 790 2288 reducere

522 2308 537 2350 g
556 2307 601 2340 lt).
617 2308 693 2351 (lpsi
712 2314 815 2341 tamen
833 2314 973 2341 rectores
989 2312 1019 2342 et
1035 2309 1219 2349 confratres,

478 2360 609 2403 singulis
633 2362 721 2393 annis
743 2362 772 2394 in
791 2367 991 2405 perpetuum,
1009 2372 1137 2394 cereum
1154 2362 1221 2394 uni-

478 2424 548 2446 cum
569 2425 658 2447 cerac
683 2415 770 2448 albae
796 2415 944 2458 ponderis
968 2421 1104 2458 quatuor
1128 2415 1221 2448 libra-

479 2478 548 2499 rum
563 2467 612 2500 die
628 2470 706 2501 l'esto
720 2469 748 2501 S.
764 2469 923 2502 Laurentii
937 2469 1020 2502 dicto
1042 2469 1219 2502 Alexandro

306 2313 421 2337 numan-us
430 2319 462 2334 re-

279 2345 461 2367 '‘uirtutium-qut!-

279 2368 326 2387 tntu·
334 2367 432 2387 librarum
443 2369 462 2387 in

279 2392 331 2413 sesto
339 2395 403 2413 «ΛΜΗ
411 2393 463 2414 Lau-

279 2423 341 2439 rentii
352 2421 408 2440 ‹lu-to
418 2427 461 2439 rar-

279 2445 343 2465 dnmln
376 2446 395 2467 in
432 2453 448 2465 ει

279 2478 340 2497 «ηιμ-ιι
367 2479 462 2497 recount-

279 2501 285 2517 1
289 2505 329 2517 ιιιιι
333 2505 342 2519 s
380 2501 462 2521 sinbert-

278 2524 366 2550 obligat.

478 2526 504 2552 et
524 2532 580 2563 pro
598 2526 739 2564 tempore
754 2522 896 2555 existenti
914 2523 1054 2555 eiusdem
1068 2523 1218 2556 ecclcsiae

477 2572 506 2605 S.
532 2574 687 2606 Laurentii
712 2575 844 2608 diat-ono
869 2586 923 2608 scu
948 2576 1132 2620 presbytero
1154 2586 1219 2609 car-

477 2625 570 2658 dinali
589 2626 619 2658 in
635 2628 758 2669 signum
785 2629 1009 2671 recognitionis
1033 2629 1157 2662 tradere
1175 2635 1218 2662 te-

477 2682 633 2724 neantur),
647 2680 751 2715 dilecti
764 2682 819 2715 filii
836 2682 936 2715 nostri
954 2682 1097 2716 moderni
1111 2686 1140 2717 et
1155 2693 1215 2728 pro

1253 2519 1301 2552 via
1326 2519 1463 2559 illorum,
1488 2524 1643 2562 quatenus
1663 2528 1742 2561 opus
1758 2517 1806 2555 sit,
1824 2517 1863 2549 ab
1883 2516 1993 2549 eadem

1251 2573 1385 2606 ecclesia
1402 2573 1431 2607 S.
1449 2572 1568 2606 Nicolai
1588 2573 1766 2615 opportuna
1791 2569 1995 2602 dismembra-

1251 2626 1335 2659 tione
1351 2631 1382 2659 et
1398 2625 1595 2670 separatione
1609 2625 1664 2667 <ita
1681 2623 1765 2667 quod
1783 2623 1875 2656 liceat
1892 2623 1994 2656 dictos

1288 2691 1298 2718 1
1318 2689 1368 2717 Pro
1383 2690 1484 2718 itidem
1499 2688 1563 2717 edit.
1580 2688 1658 2716 Maia.
1676 2688 1742 2723 legit
1755 2690 1786 2716 ut
1800 2687 1874 2715 idem
1889 2693 1927 2723 (n.
1944 2687 1993 2724 T.).
