2293 3231
558 271 620 304 8⁶3
1105 267 1283 295 antuman

601 330 700 378 gendt
726 325 967 368 ecctestasticis,
984 327 1018 359 ut
1035 325 1172 358 alterum
1188 324 1258 367 regi
1281 325 1286 376 2

604 383 785 420 subsidium
802 381 947 415 conterre
965 379 1094 423 possint,
1115 376 1187 410 356.
1283 414 1285 426 γ

517 438 669 477 cchvt.
694 436 921 471 Concessiones
953 436 983 466 et
1007 431 1136 465 decreta
1163 437 1260 473 super

603 492 721 528 fabrica
746 498 847 523 novae
870 487 1018 530 Ripcttae
1043 494 1060 518 e
1085 487 1260 527 conspectu

605 545 759 582 ecclesiae
785 544 884 577 sancti
910 540 1097 583 Hieronymi
1122 538 1261 581 Illyrico-

606 608 714 634 eorum
740 597 780 631 de
805 595 889 630 [rbe
916 603 972 638 pro
996 592 1079 627 bono
1111 590 1260 636 publico,

605 651 698 688 Urbis
723 654 844 690 ornatu,
870 657 929 682 nec
954 656 1015 681 non
1041 647 1148 691 quiete
1169 648 1200 678 et
1217 653 1263 677 se·
1287 633 1289 645 ⁸

606 708 740 742 euritate
754 707 984 743 mercatorum,
999 699 1198 744 aliorumque
1213 707 1264 732 ne-

606 760 816 804 gotiantium,
843 755 916 790 257.

518 812 687 850 CCXLVII.
700 811 868 856 Deputatio
883 808 992 843 nuncii
1006 804 1169 851 apostolici
1179 803 1264 849 apud

607 865 786 902 Sabaudiae
800 865 913 898 ducem
925 864 955 895 in
971 861 1110 895 iudicem
1123 860 1266 893 omnium

608 929 777 956 causarum
811 919 841 951 in
871 914 1012 950 secunda
1038 914 1188 947 instantia
1212 912 1267 946 du-

606 977 695 1010 rante
721 971 943 1018 quinquennio
968 968 1203 1013 prorogationis
1234 967 1265 999 in

610 1026 686 1062 iocis
710 1025 916 1066 Montanarii‚
934 1022 1059 1063 Filetri‚
1078 1018 1266 1054 Lombardo-

1286 577 1289 587 r

610 1082 658 1118 nis
675 1084 705 1115 et
729 1081 830 1114 sancti
855 1078 1000 1121 Benigni‚
1023 1074 1172 1110 abbatiae
1190 1083 1268 1108 nun-
1291 1117 1293 1122 .

609 1139 743 1180 cupatae
765 1134 867 1168 sancti
884 1131 1034 1174 Benigni,
1049 1128 1182 1165 Ordinis
1199 1137 1268 1163 san·
1292 1129 1293 1143 ¹

613 1191 654 1226 eti
677 1188 859 1230 Benedicti,
886 1186 1072 1232 provinciae
1096 1184 1267 1219 Taurinen·

613 1244 672 1286 sis,
699 1243 772 1278 262.
1292 1242 1295 1266 t

523 1295 706 1333 CCXLVIII.
731 1294 910 1330 Declaratio
927 1302 1024 1338 super
1041 1292 1266 1328 reformatione
1292 1271 1295 1315 1

611 1352 755 1386 scrutinii
775 1350 806 1383 in
825 1349 1028 1392 superiorum
1045 1344 1266 1387 electionibus,

613 1404 738 1441 Ordinis
752 1404 966 1439 Eremitarum
978 1402 1010 1436 S.
1028 1400 1267 1445 Agustini‚263.

525 1459 674 1496 ccxtlx.
699 1458 879 1494 Declaratio
900 1456 1004 1491 dictae
1022 1455 1267 1495 constitutionis,

664 1513 691 1548 l.

529 1565 606 1603 CCL.
619 1513 802 1602 2golncessio
829 1575 904 1600 usus
929 1563 1078 1609 perpetui
1111 1561 1269 1597 ecclesiae

617 1622 717 1656 sancti
734 1619 936 1655 Pantaleonis
950 1617 990 1652 de
1003 1616 1088 1652 Urbe
1102 1616 1183 1650 facta
1196 1615 1272 1650 Con-

621 1675 800 1719 gregationi
845 1672 1038 1708 clericorum
1078 1669 1272 1705 secularium

619 1728 653 1763 B.
678 1725 824 1770 Mariae¹,
851 1726 923 1761 265.
1298 1748 1299 1752 ,

530 1781 627 1818 CCLI.
659 1780 835 1816 Publicatio
859 1778 982 1814 ritualis
1006 1777 1141 1813 Romani
1165 1778 1197 1812 in
1220 1774 1273 1810 ad·
1297 1759 1301 1833 Ι

619 1837 850 1872 ministratione
883 1836 1166 1874 sacramentorum,
1189 1830 1274 1865 aliis·
1299 1834 1301 1858 i

619 1899 682 1937 que
713 1889 941 1923 ecclesiasticis
966 1885 1202 1929 sunctiombuS,
1227 1886 1275 1920 in-
1299 1894 1303 1944 ἰ

620 1943 735 1979 violate
760 1941 927 1983 servandi,
954 1941 1027 1975 266.
1301 1945 1303 1978 ᾖ

534 1997 644 2033 CCLll.
678 1997 822 2032 Monetur
862 1998 1034 2040 episcopus
1071 1980 1304 2064 Genetensts‚‡

623 2060 662 2086 ne
687 2051 762 2095 quid
789 2049 828 2085 ab
853 2050 934 2092 ullo,
960 2051 992 2083 in
1018 2058 1095 2083 suae
1121 2047 1276 2082 ecclesiae
1302 2066 1304 2078 2

626 2108 656 2139 et
687 2104 777 2138 Sedis
805 2102 1006 2147 Apostolicae
1032 2101 1277 2146 praeiudicium,
1302 2085 1305 2117 ¹

626 2159 771 2193 attentari
804 2159 959 2202 patiatur,
998 2160 1051 2190 aut
1087 2164 1277 2189 consensum
1304 2174 1305 2179 =

627 2215 776 2257 praestet,
803 2211 876 2246 267.

539 2266 664 2301 CCLlll.
694 2265 828 2299 Vicariis
852 2264 997 2308 generali
1019 2268 1049 2298 et
1067 2265 1205 2305 ioranco,
1225 2272 1280 2297 au-

626 2319 798 2360 (litoribus,
827 2318 961 2362 aliisque
991 2317 1183 2351 officialibus
1214 2318 1278 2360 epi·

627 2375 714 2417 scopi
757 2374 944 2406 cenetensis
985 2372 1206 2415 praecipitur,
1244 2379 1309 2404 ne*

627 2426 744 2471 aliquid
762 2428 792 2460 In
813 2425 966 2459 ecclesiae
983 2425 1176 2466 Cenctensis,
1194 2425 1284 2458 Sedis
1308 2416 1311 2428 '

628 2479 840 2524 Apostolicae,
859 2482 889 2513 et
914 2478 1149 2512 ecclesiasticae
1175 2482 1283 2512 aucto-

629 2534 729 2567 ritatis
760 2532 992 2577 praeiudicium
1024 2534 1195 2574 innovent,
1221 2533 1285 2564 nii-

631 2595 753 2630 nusque
771 2585 809 2619 ab
827 2586 897 2619 aliis
915 2587 1059 2619 innovari
1076 2587 1284 2627 consentiant,

631 2648 688 2672 seu
713 2641 906 2682 permittant,
934 2641 1005 2673 270.

584 2702 591 2727 l
616 2700 758 2736 nesumpta
778 2709 808 2728 ex
828 2701 918 2729 Const.
941 2708 955 2729 e
974 2701 1053 2737 (ctu)
1075 2702 1143 2738 Greg
1178 2702 1234 2730 XV.

1305 263 1458 294 nomm(

1309 319 1436 357 (ΞΕ-[Ν.
1466 318 1546 354 Unio
1579 318 1816 364 provinciarum
1842 318 1882 354 de
1908 318 2055 362 Peraiba,

1399 374 1571 408 ltamaraca
1589 376 1619 407 et
1634 373 1693 407 Rio
1717 372 1846 408 Grande
1870 374 2056 418 provinciae

1400 427 1438 461 de
1464 426 1684 461 Pernambuco
1717 428 1748 461 in
1773 426 1873 461 Indiis
1897 425 2056 462 Occiden-

1403 481 1532 523 talibus,
1562 481 1633 515 271.

1313 535 1425 572 CCLV.
1441 534 1688 570 Dismembratio
1706 534 1932 569 nonnullorum
1949 533 2058 570 reddi-

1404 593 1493 624 tuum
1527 598 1566 622 ex
1592 588 1738 633 collegiis
1761 588 1944 624 Maurorum
1968 591 2060 633 regni

1404 643 1582 683 Valentiae,
1615 645 1670 688 qui
1701 643 1806 677 officio
1840 642 2059 688 Inquisitionis

1405 698 1551 731 eiusdem
1575 698 1667 740 regni
1694 695 1936 738 adscribuntur,
1962 696 2036 731 277.

1316 749 1440 786 CCLVI.
1466 750 1612 784 Facultas
1637 752 1755 784 nuncio
1780 752 1812 784 in
1840 748 1986 794 partibus
2017 751 2061 785 in-

1407 805 1531 838 ferioris
1556 803 1750 838 Germaniae
1776 802 1926 837 visitandi
1950 804 2063 838 civita-

1407 862 1470 892 tem
1495 861 1526 892 et
1551 858 1727 891 dioecesim
1744 856 1971 901 Maguntinam,
1987 855 2060 891 278.

1319 910 1460 948 CCLVII.
1479 910 1684 946 Confirmatio
1697 910 1889 945 concordiae
1906 913 1990 944 inter
2005 919 2062 944 re-

1408 976 1482 1011 gem
1498 965 1692 1000 catholicum
1709 968 1740 999 et
1751 964 1874 999 clerum
1891 973 2064 1008 regnorum

1408 1019 1565 1055 Castellae
1584 1023 1614 1054 et
1630 1019 1777 1064 Legionis
1793 1028 1890 1063 super
1906 1017 2064 1053 solutione

1408 1074 1543 1109 subsidii
1558 1074 1768 1108 ducentorum
1783 1076 1814 1107 et
1831 1073 2065 1118 quinquaginta

1409 1129 1544 1164 millium
1561 1129 1749 1162 ducatorum
1767 1127 1872 1161 eidem
1890 1128 1959 1171 regi
1976 1135 2064 1172 prae-

1409 1183 1524 1224 standi,
1544 1182 1616 1216 280.

1320 1236 1476 1274 CCLVIII.
1508 1236 1685 1271 Renovati0
1725 1235 1958 1270 constitutionis
1994 1232 2065 1269 Cle-

1410 1292 1524 1326 mentis
1560 1290 1665 1334 Papae
1703 1288 1772 1323 VIII
1807 1291 1892 1322 circa
1927 1287 2068 1322 officium

1409 1345 1545 1380 duorum
1556 1344 1771 1378 assistentium
1780 1343 1895 1387 prioris
1910 1341 2068 1384 generalis

1409 1399 1541 1436 Ordinis
1552 1398 1761 1433 Eremitarum
1772 1397 1802 1431 S.
1816 1397 1997 1440 Augustini,
2006 1405 2069 1431 una

1410 1464 1482 1489 cum
1500 1462 1610 1488 earum
1631 1449 1912 1493 declarationibus,
1939 1449 2012 1484 289.

1455 1507 1519 1543 Sub
1541 1506 1655 1541 eadem
1672 1507 1725 1541 die
1751 1507 1912 1540 innovatio
1938 1504 2069 1539 alterius

1412 1562 1648 1598 constitutionis
1673 1560 1846 1595 Clementis
1865 1558 1953 1602 VIII,
1971 1558 2044 1593 292.

1455 1615 1638 1651 Declaratio
1659 1616 1744 1648 circa
1762 1612 1959 1658 praedictam
1984 1613 2068 1657 prio-

1414 1679 1481 1705 rem
1509 1668 1682 1704 Clementis
1710 1667 1781 1701 Vlll
1807 1667 2070 1701 constitutionem

1413 1722 1585 1758 cardinalis
1617 1721 1745 1756 Ordinis
1773 1721 1962 1765 protectoris
1993 1728 2070 1754 con-

1414 1777 1496 1812 sulto
1515 1776 1629 1810 eodem
1647 1775 1812 1815 Pennana,
1830 1773 1903 1807 293.

1459 1831 1632 1865 Decretum
1655 1828 1794 1873 Capituli
1819 1825 1981 1872 generalis
2005 1824 2070 1863 Or-

1415 1884 1499 1920 dinis
1524 1884 1735 1918 Eremitarum
1752 1882 1783 1916 S.
1809 1881 2000 1925 Augustini,
2016 1879 2075 1915 Re·

1416 1939 1513 1973 cincti
1525 1947 1609 1971 anno
1622 1936 1748 1970 Domini
1767 1933 2075 1979 uocu,praesidente

1418 1992 1629 2027 illustrissimo
1643 1999 1679 2024 ac
1691 1988 1960 2024 reverendissimo
1976 1987 2014 2022 D.
2038 1987 2075 2023 D.

1417 2045 1552 2082 Octavio
1576 2048 1705 2079 sanctae
1730 2043 1892 2078 Romanae
1912 2041 2076 2076 Ecclesiae

1419 2098 1573 2134 cardinali
1612 2097 1756 2132 Bandino
1794 2095 1967 2138 celebrati,
1993 2096 2077 2130 circa

1420 2153 1559 2187 officium
1577 2151 1711 2185 duorum
1729 2151 1954 2191 assistentium,
1969 2149 2043 2183 294.

1304 2222 1307 2238 1
1332 2207 1459 2244 CCLlX.
1477 2206 1568 2240 Clero
1581 2205 1717 2240 seculari
1732 2205 1868 2238 civitatis
1881 2203 2076 2245 Mexicanae,

1423 2263 1584 2306 tonusque
1608 2260 1699 2303 regni
1714 2257 1823 2292 Novae
1849 2257 2021 2301 Hispaniae
2046 2257 2078 2291 in

1423 2315 1521 2349 Indiis
1543 2314 1662 2358 ubique
1683 2313 1831 2356 competit
1855 2310 2080 2355 praecedentia

1423 2378 1519 2412 super
1551 2367 1670 2401 clerum
1701 2365 1892 2410 regularem,
1923 2365 2017 2399 etiam
2047 2364 2079 2398 in

1426 2423 1561 2467 propriis
1578 2420 1722 2455 ecclesiis
1738 2423 1767 2453 et
1781 2417 1991 2453 conventibus
2007 2426 2083 2462 quo·

1426 2485 1634 2519 rumcumque
1658 2473 1870 2518 regularium,
1897 2471 1970 2506 294.

1337 2530 1447 2566 CCLX.
1473 2530 1675 2563 Confirmatio
1700 2528 1818 2561 decreti
1843 2524 1974 2559 Concilii
2000 2523 2080 2559 Con-

1426 2584 1609 2618 stantiensis
1630 2586 1738 2616 contra
1762 2582 1956 2621 asserentes,
1984 2578 2081 2612 licere

1427 2638 1544 2671 inferre
1559 2645 1671 2669 manus
1689 2634 1848 2679 tyrannm,
1868 2632 1941 2666 296.

1311 2724 1313 2733 ,
1337 2690 1464 2726 CCLXI.
1489 2690 1661 2724 Prohibitio
1690 2688 1730 2722 de
1760 2687 1904 2732 pecuniis
1929 2684 2081 2720 MontIum
