2293 3231
285 296 332 320 An.
350 294 377 319 C.
404 296 466 321 tuti
517 286 578 318 280

288 2317 400 2342 unwan..
409 2325 457 2340 eon-

273 2346 392 2366 trarmrum.

482 344 659 387 prolesque,
677 343 786 374 exinde
808 349 966 385 suscepta<
991 348 1018 374 et
1048 343 1218 386 suscipien-

482 396 545 434 das,
571 396 724 437 legitimas
748 395 919 427 decernere
944 401 1035 438 atque
1060 395 1219 433 nunciare,

482 460 516 480 ac
541 449 633 480 etiam
662 448 707 482 iis,
733 448 785 490 qui
812 459 867 491 per
888 448 1063 480 lias-reticos
1095 448 1218 480 illarum

483 501 630 544 partium,
655 506 683 532 et
710 500 778 532 aliis
804 500 959 541 similiter,
977 501 1028 544 qui
1055 507 1124 534 ante
1146 502 1220 544 legi-

482 554 590 586 timam
617 559 749 586 aetatem
767 553 804 585 de
821 554 984 586 benefieiis
1001 554 1219 587 ecclesiasticis

481 607 607 639 nulliter
633 611 661 640 et
685 606 722 638 de
749 607 827 640 sacto
852 607 968 650 provisi
987 607 1111 647 suerint,
1129 608 1221 640 bene-

481 660 550 691 ticia
577 660 641 703 ipsa
667 659 737 699 illis,
763 660 935 692 dummodo
960 666 1063 693 tamen
1096 661 1218 694 haeresi

479 723 540 745 non
565 712 853 755 adhaeserintsj'ae
888 714 963 746 alias
996 714 1098 747 idonei
1130 721 1157 746 et
1189 715 1219 746 in

479 771 578 798 aetate
592 766 730 808 legitima
745 767 904 799 constituti
918 767 1059 807 existant,
1073 767 1110 799 de
1128 778 1218 807 novo,

479 818 561 851 dieta
593 819 800 859 auctoritate,
831 819 993 859 conferre,
1026 825 1054 852 et
1087 820 1125 852 de
1159 820 1218 853 illis

479 872 571 905 etiam
591 873 768 915 providere,
787 873 908 916 illisque
925 883 1141 917 quoscumque
1159 874 1220 907 sru-

478 929 555 966 ctus,
581 925 732 966 redditus,
749 931 778 958 et
804 932 985 969 proventus,
1005 926 1082 965 iura,
1107 927 1220 959 obven-

479 979 587 1019 tiones,
607 983 637 1013 et
661 979 882 1019 emolumenta,
901 990 935 1011 ac
960 980 1053 1012 etiam
1075 979 1220 1013 distribu-

477 1032 579 1066 tiones
597 1044 654 1076 per
671 1044 725 1066 eos
750 1045 785 1065 ex
813 1034 857 1066 eis
882 1033 1018 1066 indebite
1043 1039 1218 1077 perceptas,

478 1086 614 1128 gratiose
640 1086 801 1119 remittere
827 1092 855 1119 et
880 1087 1073 1126 condonare:
1099 1091 1219 1131 praete-

478 1148 530 1171 rea
564 1150 635 1172 cum
666 1139 828 1183 quibusvis
853 1139 996 1180 clericis,
1021 1146 1051 1173 et
1075 1140 1218 1184 personis

478 1191 699 1224 ecclesiasticis
731 1192 925 1224 secularibus
956 1197 984 1225 et
1018 1193 1217 1235 regularibus

478 1244 611 1277 civitatis
635 1250 662 1277 ct
689 1245 841 1278 dioecesis
865 1246 1096 1289 praedictarum
1123 1256 1218 1290 super

478 1297 762 1340 irregularitatibus
787 1298 836 1332 ex'
862 1299 983 1332 delictis
1008 1301 1138 1333 occultis
1161 1312 1218 1344 per

478 1361 550 1391 eos,
576 1357 797 1396 praeterquam
823 1364 858 1386 ex
884 1354 1056 1387 homicidio
1081 1355 1217 1388 volunta-

478 1404 536 1444 rio,
561 1405 739 1442 contractis,
765 1411 792 1437 et
819 1406 957 1450 exceptis
981 1407 1050 1439 aliis
1076 1407 1217 1441 deductis

478 1457 516 1490 ad
536 1458 638 1491 sorum
657 1458 896 1497 contentiosum,
917 1459 957 1491 ita
974 1459 1057 1502 quod
1078 1460 1215 1493 nondum

477 1511 614 1555 promoti
639 1522 747 1544 omnes
771 1512 864 1544 etiam
897 1523 1002 1545 sacros
1027 1519 1054 1546 et
1088 1514 1217 1559 presby-

477 1569 595 1597 teratus
626 1564 774 1601 ordines,
800 1566 824 1597 si
856 1566 931 1598 alias
964 1566 1066 1600 idonei
1100 1569 1215 1612 reperti

478 1618 602 1655 suerint,
628 1629 684 1651 nec
709 1619 792 1651 aliud
819 1619 878 1651 illis
903 1620 1088 1653 canonicum
1114 1621 1213 1654 obstet

477 1671 747 1715 impedimentum,
773 1678 800 1705 et
827 1674 956 1706 servatis
981 1674 1151 1715 servandis,
1170 1686 1216 1708 su-

476 1725 608 1769 scipere,
629 1731 656 1758 et
683 1732 744 1758 tam
771 1726 829 1770 ipsi
859 1738 951 1770 quani
969 1727 1021 1760 alii
1046 1728 1077 1760 in
1094 1739 1216 1773 suseep-

476 1778 514 1810 tis
531 1783 635 1811 tamen
653 1779 711 1812 rite
729 1780 894 1812 ordinibus
913 1781 1103 1822 huiusmodi,
1121 1783 1212 1816 etiam

475 1832 506 1865 in
531 1833 637 1866 altaris
662 1833 835 1867 ministerio
861 1834 1050 1875 ministrare,
1067 1846 1102 1868 ac
1123 1847 1214 1880 quae-

475 1897 609 1930 cumque
625 1891 656 1918 et
684 1887 925 1931 qualiacumque
947 1888 1097 1922 beneficia
1119 1891 1214 1924 eccle-

475 1940 607 1979 siastica,
632 1951 702 1972 eum
728 1943 802 1973 cura
828 1946 854 1973 et
881 1941 946 1973 sine
970 1944 1057 1983 eura,
1082 1953 1113 1975 se
1138 1943 1213 1976 invi-

475 2003 542 2025 cem
559 1993 793 2036 compatientia,
814 1993 965 2037 recipere,
983 1999 1012 2028 ct
1028 1995 1089 2036 illa,
1103 2007 1137 2028 ac
1155 2008 1212 2040 per

474 2056 527 2079 eos
552 2046 627 2079 alias
651 2047 799 2079 canonice
824 2047 950 2080 obtenta
965 2075 972 2087 ‚
997 2049 1100 2092 quoad
1128 2050 1211 2082 vixe-

473 2099 545 2139 rint,
570 2100 706 2133 retinerc
731 2100 828 2133 libere
854 2106 881 2133 et
908 2101 990 2134 licite
1010 2102 1141 2143 valcant,
1162 2114 1212 2146 pa-

472 2152 550 2185 riter
574 2153 755 2197 dispensare
781 2154 882 2197 possis
910 2160 938 2187 et
965 2155 1082 2191 valeas.
1107 2162 1211 2189 aucto-

472 2206 561 2239 ritate
586 2212 616 2239 et
641 2212 751 2240 tenore
776 2206 944 2250 praedietis
961 2208 1138 2242 facultatem
1158 2211 1212 2243 im-

473 2259 637 2303 pertimuit

517 2313 531 2355 g
556 2312 584 2344 6.
610 2313 677 2346 Non
702 2313 898 2347 obstantibus
921 2315 1111 2357 apostolicis,
1127 2327 1162 2348 ac
1180 2317 1209 2349 iu

472 2365 710 2407 universalibus,
735 2367 1055 2413 provincialibusque,
1072 2375 1098 2401 et
1118 2380 1209 2414 syno—

471 2418 593 2451 dalibus
624 2419 764 2452 conciliis
793 2420 904 2460 editis,
930 2421 1130 2463 generalibus
1163 2423 1208 2455 vel

471 2471 659 2514 specialibus
684 2473 957 2507 constitutionilnis
982 2479 1010 2506 et
1043 2475 1210 2509 ordinatio-

470 2523 571 2563 nibus,
589 2535 623 2557 ac
648 2526 864 2568 ecclesiarum,
890 2528 1163 2569 monasteriorum,
1180 2535 1207 2562 et

471 2576 604 2610 aliorum
631 2579 772 2612 locorum
799 2581 1009 2623 regula-rium,
1034 2594 1068 2614 ac
1093 2583 1208 2616 Cister—

472 2629 584 2661 riensis
597 2635 625 2662 et
651 2631 969 2667 praemonstratensis
990 2645 1045 2668 nec
1062 2646 1123 2669 uon
1138 2637 1207 2670 Clu-

511 2694 518 2718 Ι
539 2691 605 2719 Edu.
623 2692 699 2721 Maia.
718 2695 781 2729 tegit
797 2699 821 2722 et
840 2703 874 2730 xn.
891 2698 939 2731 T.)-

1062 297 1109 317 ΙὶΙῚ
1124 296 1129 317 l
1143 296 1204 318 ‚vult
1219 296 1238 318 ‚ll
1266 296 1416 319 nomnen

1253 343 1408 376 niaeensis
1423 344 1516 375 etiam
1528 344 1785 387 Congregationis
1800 343 1993 377 Busseldren-

1253 395 1305 435 sis,
1323 401 1350 428 et
1365 395 1498 428 aliorum
1517 395 1679 433 ordinum.
1697 408 1833 440 quorum
1853 397 1903 429 illa
1921 397 1994 429 exti-

1255 449 1347 482 terint
1381 449 1496 483 (etiam
1529 449 1724 489 iuramento,
1755 450 1991 484 confirmatione

1254 502 1438 545 apostoliea,
1457 502 1502 534 vel
1521 502 1628 545 quavis
1646 502 1792 536 firmitate
1817 503 1877 535 alia
1902 503 1993 536 robo-

1254 555 1344 592 ratis)
1361 554 1484 588 statutis
1509 559 1537 587 et
1563 555 1852 595 consuetudinibus,
1870 556 1994 599 privile-

1253 608 1312 650 giis
1323 619 1459 652 quoque,
1474 608 1610 644 indultis,
1622 609 1715 642 etiam
1733 619 1822 642 mare
1836 619 1992 653 maynum

1254 661 1451 705 nuncupatis,
1469 667 1498 693 et
1514 661 1625 694 litteris
1643 662 1833 705 apostolicis,
1855 662 1926 702 illis,
1943 673 1994 695 eo-

1254 726 1387 759 rumque
1413 715 1567 758 capitulis,
1592 715 1805 756 conventibus,
1822 716 1993 760 superiori-

1253 768 1321 808 bus,
1347 774 1375 800 et
1400 768 1562 811 quibusvis
1587 768 1655 801 aliis
1679 770 1833 813 personis,
1851 769 1909 801 sub
1926 769 1994 813 qui-

1253 822 1447 865 buscumque
1473 821 1634 855 tenoribus
1658 826 1686 855 et
1711 823 1836 863 formis,
1861 833 1897 856 ac
1921 833 1992 855 eum

1253 873 1414 917 quibusvis
1439 874 1531 906 etiam
1557 874 1830 917 derogatoriarum
1863 875 1994 918 deroga-

1253 927 1362 966 toriis,
1388 927 1520 971 aliisque
1554 927 1782 961 efficacioribus
1807 933 1835 960 et
1861 927 1994 961 insolitis

1253 979 1411 1019 clausulis,
1428 991 1462 1012 ae
1488 980 1684 1013 irritantibus
1709 985 1737 1013 et
1762 980 1830 1013 aliis
1847 980 1992 1021 decretis,

1253 1033 1282 1065 in
1309 1034 1502 1066 contrarium
1527 1034 1774 1077 praemissorum
1799 1033 1994 1078 quomodoli-

1252 1086 1301 1119 bet
1335 1087 1512 1127 concessis,
1538 1088 1732 1120 confirmatis
1764 1092 1791 1120 et
1824 1087 1991 1120 innovatis.

1251 1139 1369 1179 Quibus
1394 1139 1540 1173 omnibus
1565 1145 1592 1172 et
1619 1140 1768 1183 singulis.
1794 1151 1904 1174 eorum
1929 1151 1992 1174 om-

1251 1192 1338 1225 nium
1363 1197 1489 1225 tenores
1512 1193 1728 1236 praesentibus
1758 1204 1816 1238 pro
1847 1194 1938 1238 plene
1962 1198 1991 1227 et

1252 1245 1444 1278 sufficienter
1467 1246 1624 1289 expressis
1655 1251 1682 1279 ct
1720 1247 1757 1278 ad
1782 1247 1913 1280 verbum
1939 1247 1988 1279 in-

1251 1298 1342 1329 sertis
1368 1298 1528 1338 habentes,
1553 1298 1613 1330 illis
1638 1299 1713 1331 alias
1738 1299 1768 1331 in
1793 1310 1850 1332 suo
1874 1300 1991 1332 robore

1252 1352 1479 1394 permansuris,
1497 1353 1552 1385 bac
1579 1353 1644 1385 vice
1669 1352 1827 1386 dumtaxat
1853 1353 1992 1397 speciali-

1251 1409 1298 1436 ter
1311 1410 1338 1436 et
1353 1415 1499 1448 expresse
1515 1405 1715 1448 derogamus,
1729 1406 1905 1450 ceterisque
1921 1417 1992 1440 con-

1251 1458 1354 1490 trariis
1386 1458 1654 1502 quibuscumque:
1688 1465 1739 1491 aut
1772 1459 1796 1492 si
1832 1460 1991 1504 aliquibus

1250 1512 1462 1545 communiter
1496 1513 1543 1545 vel
1581 1512 1703 1545 divisim
1741 1513 1779 1545 ab
1809 1513 1922 1547 eadem
1951 1515 1991 1549 sit

1250 1564 1328 1597 Sede
1354 1565 1520 1607 indultum,
1545 1566 1628 1609 quod
1654 1565 1807 1607 interdici,
1831 1567 1989 1612 suspendi,

1250 1618 1296 1650 vel
1314 1619 1581 1652 excommunicari
1598 1630 1661 1653 non
1679 1620 1779 1664 possit
1795 1631 1852 1664 per
1868 1621 1989 1655 litteras

1249 1672 1438 1715 apostolicas
1451 1682 1514 1705 non
1528 1672 1675 1705 facientes
1683 1674 1807 1716 plenam
1822 1678 1850 1706 et
1860 1684 1989 1717 expres-

1249 1736 1314 1758 sam
1339 1736 1374 1757 ae
1401 1725 1438 1758 de
1464 1725 1560 1759 verbo
1585 1726 1623 1758 ad
1647 1726 1778 1759 verbum
1803 1727 1842 1759 de
1869 1727 1988 1760 indulto

1249 1778 1429 1811 huiusmodi
1447 1778 1648 1811 mentionem.

1292 1831 1402 1864 Datum
1427 1831 1563 1872 Tusculi,
1588 1831 1645 1864 sub
1669 1833 1784 1865 annulo
1809 1833 1986 1874 Piscatoris,

1246 1884 1296 1916 die
1319 1894 1386 1917 xvii
1410 1884 1549 1917 octobris
1566 1894 1695 1925 uncxtv,
1713 1885 1914 1929 pontificatus
1935 1897 1987 1920 no-

1247 1937 1302 1969 stri
1324 1947 1404 1970 anno
1427 1947 1454 1970 x.

1281 1999 1338 2026 Dat.
1361 1999 1404 2027 die
1427 2000 1456 2026 Π
1477 1999 1596 2027 octobris
1610 2000 1689 2034 1614,
1706 2001 1802 2036 pontis.
1818 2009 1862 2028 an.
1881 2009 1905 2028 x.

1550 2125 1681 2158 cumn.

1246 2194 1457 2236 Confirmatio
1481 2196 1668 2228 concordiae
1692 2196 1778 2229 inter
1801 2207 1906 2241 reyem
1930 2207 1983 2230 ca-

1290 2247 1447 2281 tholicum.
1467 2253 1495 2282 et
1519 2249 1640 2282 clerum
1666 2260 1841 2293 reynerum
1863 2250 1981 2285 Castel-

1289 2301 1339 2333 [σε
1355 2306 1384 2335 et
1398 2302 1550 2345 Legionis
1565 2313 1662 2346 super
1673 2303 1833 2336 solutione
1845 2302 1984 2336 subsidii

1287 2355 1498 2388 ducentorum
1515 2360 1542 2388 et
1565 2356 1811 2400 quinquaqinta
1835 2356 1983 2389 millium

1287 2407 1480 2440 ducatorum
1496 2407 1598 2440 eidem
1617 2409 1686 2451 reqv'
1700 2408 1892 2451 praestandi
1903 2408 1920 2441 ⁸.

1483 2479 1593 2506 Paulus
1614 2479 1691 2512 Papa
1712 2479 1743 2509 V,

1384 2523 1420 2550 ad
1439 2523 1571 2550 futuram
1590 2523 1634 2550 rei
1654 2523 1834 2550 memoriam.

1287 2584 1346 2617 Pro
1363 2587 1470 2617 nostro
1485 2593 1616 2616 munere
1630 2584 1659 2616 in
1674 2583 1722 2616 bis
1736 2589 1841 2627 partes
1858 2590 1981 2619 nostras

1242 2637 1374 2670 libenter
1398 2637 1646 2680 interponimus,
1670 2647 1749 2680 quae
1779 2637 1817 2671 ad
1842 2649 1976 2672 concor-

1279 2701 1287 2726 t
1313 2698 1349 2726 Ex
1370 2698 1477 2734 Regest.
1499 2699 1525 2726 in
1545 2698 1648 2727 Secret.
1670 2699 1746 2728 Brev.

2010 296 2056 322 An.
2075 295 2102 323 C.
2126 295 2193 324 16¹4

2021 2605 2142 2629 Exordium.
