2293 3231
274 282 322 309 An.
338 282 368 309 c.
384 281 452 310 1622
498 271 562 306 678

308 614 458 640 sitiamusque

276 642 324 662 attis
330 642 404 661 claruit
413 644 458 667 post

276 671 371 689 mortem.

476 335 509 362 ut
534 339 658 362 sacrum
682 328 797 371 pignus
821 327 952 359 Abulam
978 332 1215 370 asportaretur,

473 393 509 415 ac
529 382 675 424 deinceps
689 381 870 423 frequenter
887 379 973 412 iussu
997 379 1214 421 delegatorum

473 436 721 480 apostolicorum
748 435 944 474 inviseretur,
962 444 1087 477 semper
1112 434 1216 467 incor-

474 496 612 534 ruptum,
637 500 671 522 ac
697 489 875 527 tractabile,
904 488 1014 521 eodem
1039 488 1158 528 odore,
1180 498 1216 521 ac

474 544 597 588 liquore
623 544 785 587 perfusum
811 543 966 587 apparuit.

518 596 608 640 ξΩΙ.
634 596 693 629 Sed
728 602 754 629 et
788 596 1032 640 procedentibus
1064 595 1215 638 tempori-

474 651 533 684 bus
550 650 757 683 manifestavit
782 650 863 683 Deus
883 649 1065 683 hominibus
1082 649 1215 692 gloriam

474 715 561 737 suam
577 731 584 745 ,
616 704 773 748 praestitis
798 715 855 748 per
878 703 1135 736 intercessionem
1167 712 1218 735 an-

474 758 563 791 cillae
580 768 653 791 suae
671 757 889 802 frequentibus
905 756 1068 790 benefieiis
1088 756 1146 797 his,
1164 755 1216 799 qui

474 823 506 846 se
523 812 657 846 fideliter
671 811 738 845 eius
762 811 910 856 precibus
935 810 1216 844 commendassem.

474 866 555 899 Puer
588 867 702 899 etenim
738 866 865 909 quidam
902 864 1105 909 quadriennis
1141 864 1218 897 adeo

475 925 654 953 contractus
675 930 710 953 ac
735 919 877 953 detortus
903 924 980 958 erat,
998 922 1030 952 ut
1055 928 1112 951 nec
1130 917 1219 962 pedi-

474 973 532 1006 bus
556 974 711 1014 insistere,
736 984 804 1014 nec,
830 984 901 1006 cum
927 973 1065 1009 iaceret,
1091 982 1219 1005 movere

476 1033 591 1071 possen
617 1038 715 1071 eaque
741 1026 917 1067 infirmitas,
938 1037 1010 1059 eum
1036 1026 1079 1058 illi
1105 1037 1121 1058 a
1146 1025 1221 1058 nati-

477 1081 569 1114 vitate
593 1081 713 1121 fuisset,
742 1081 926 1125 nullumque
951 1080 1076 1114 afferret
1101 1079 1220 1113 doloris

475 1146 623 1176 sensum,
649 1136 832 1169 incurabilis
869 1145 1000 1179 prorsus
1036 1134 1218 1174 ridebatur;

475 1200 610 1234 cumque
635 1200 692 1233 per
716 1200 828 1223 novem
861 1189 928 1222 dies
952 1188 990 1222 ad
1015 1188 1219 1228 cubiculum,

478 1243 561 1288 quod
586 1243 694 1276 vivens
730 1248 835 1276 sancta
860 1243 950 1285 virgo
982 1241 1219 1282 inhabitaverat,

475 1297 588 1329 allatus
613 1297 743 1337 fnisset,
768 1296 863 1329 sensit
888 1296 918 1328 in
943 1307 975 1329 se
1002 1296 1147 1329 virtutem
1173 1305 1221 1327 ve-

476 1350 624 1391 nientem,
642 1361 678 1383 ac
703 1356 832 1393 repente
856 1360 950 1383 sanus
975 1360 1011 1382 ac
1035 1349 1165 1389 validus,
1183 1359 1238 1396 aex

478 1404 542 1436 suis
567 1404 700 1448 pedibus
724 1404 899 1443 ambulans,
925 1403 1124 1447 stupentibus
1148 1398 1238 1435 cun-³

477 1458 544 1498 ctis,
567 1458 648 1502 cepit
670 1458 844 1498 diffamare,
861 1469 893 1491 se
914 1468 931 1490 a
956 1463 1055 1490 matre
1073 1457 1221 1489 Theresia

476 1511 515 1544 de
540 1512 608 1545 lesu
644 1512 816 1556 perfectam
841 1511 1004 1544 sanitatem
1031 1510 1126 1543 fuisse
1152 1520 1222 1543 con-

478 1571 658 1609 sequutum.
673 1565 867 1598 Saevissimis
885 1565 1049 1598 doloribus
1065 1575 1121 1608 per
1138 1564 1222 1596 bien-

477 1618 563 1651 nium
589 1619 790 1651 cruciabatur
806 1620 894 1651 Anna
912 1629 929 1650 a
946 1623 1053 1651 sancto
1071 1617 1220 1650 Michaele

478 1672 634 1713 monialis,
652 1672 753 1705 tribus
777 1672 899 1705 cancris
922 1677 1033 1715 peetus
1057 1671 1124 1704 eius
1144 1670 1222 1703 adeo

477 1726 698 1770 affligentibus,
709 1731 815 1761 utnon
830 1727 930 1761 solum
946 1724 1096 1760 solemni¹
1111 1736 1223 1770 expers

478 1786 578 1822 esset,
603 1781 656 1814 sed
682 1791 739 1814 nee
763 1781 878 1814 collum
904 1781 1040 1820 flectere,
1066 1790 1123 1813 nee
1154 1779 1223 1812 bra·

478 1834 548 1867 chia
572 1841 678 1878 posset
701 1836 853 1876 attollere,
876 1845 1010 1878 cumque
1035 1834 1222 1878 particulam

479 1888 685 1932 reliquiarum
712 1893 835 1923 sanetae
862 1889 1029 1922 Theresiae
1054 1899 1150 1932 super
1173 1898 1224 1932 pe-

479 1948 548 1976 ctus
572 1944 791 1988 apposuisset,
823 1949 852 1976 et
876 1948 942 1977 toto
976 1942 1080 1976 cordis
1111 1942 1223 1975 affectu

480 2007 512 2029 se
537 1997 603 2030 eius
628 1997 804 2041 patrocinio
822 1996 1081 2036 commendasset,
1098 2006 1162 2029 non
1179 2006 1225 2029 so—

480 2051 546 2083 lum
568 2051 671 2084 omnis
695 2051 820 2084 evanuit
839 2051 932 2095 plaga
950 2062 966 2083 a
988 2060 1122 2094 corpore
1147 2050 1224 2090 eius,

482 2103 537 2137 sed
561 2111 591 2137 et
615 2105 675 2137 alia
700 2105 804 2145 etiam,
825 2115 919 2148 quam
938 2105 968 2136 in
985 2104 1080 2137 corde
1105 2103 1158 2136 diu
1175 2103 1226 2136 ha-

481 2158 603 2199 buerat,
629 2158 810 2191 infirmitate
839 2158 939 2191 libera
964 2163 1125 2191 momento
1151 2163 1226 2190 tem-

481 2212 568 2256 poris
592 2212 702 2245 effecta
727 2217 782 2245 cst.
814 2212 899 2245 Adeo
934 2212 1103 2245 vexabatur
1133 2211 1227 2244 Fran-

483 2266 584 2300 ciscus
609 2267 713 2307 Pei-ez,
738 2266 927 2311 parochialis
944 2266 1093 2300 ecclesiae
1111 2271 1225 2304 nector,

484 2329 501 2352 a
525 2326 708 2364 postemate‚
727 2320 810 2364 quod
832 2320 861 2353 in
888 2331 922 2353 os
946 2320 1083 2363 pectoris
1109 2319 1227 2352 insede-

485 2379 542 2414 rat,
572 2380 615 2415 ut,
640 2375 772 2407 brachio
797 2375 890 2407 etiam
916 2379 1088 2413 contracto,
1109 2384 1125 2406 a
1151 2374 1229 2406 cele—

484 2427 627 2461 bratione
652 2428 842 2462 sacrosancti
868 2429 981 2461 missae
1006 2427 1152 2460 sacrifieii
1173 2438 1229 2470 per

487 2482 625 2525 quinque
640 2493 763 2515 menses
777 2482 1000 2526 impediretur·,
1018 2481 1227 2524 humanisque

487 2536 635 2568 remediis
652 2536 880 2575 deficientibus,
895 2536 933 2569 ad
957 2535 1061 2568 divina
1077 2534 1228 2577 confugit,

489 2593 520 2619 et
543 2588 581 2620 ad
603 2595 724 2621 montes
748 2589 801 2621 Dei
819 2589 943 2621 elevans
960 2589 1079 2627 ocutos,
1095 2588 1227 2620 salutem

490 2647 700 2689 consequutus
724 2648 785 2681 est;
807 2642 971 2685 epistolam
996 2642 1079 2674 enim
1101 2640 1230 2683 virginis

527 2705 536 2730 1
555 2703 595 2730 lta
610 2703 672 2739 legit
688 2703 751 2731 edit.
769 2704 847 2731 tttain.
870 2709 926 2731 tum
945 2704 1063 2731 Cherub.
1079 2705 1118 2738 (a.
1132 2703 1180 2738 T.).

1055 279 1236 303 BULLARIUM
1261 279 1417 303 nemum!

2007 277 2057 305 Αιι.
2073 277 2103 304 C.
2121 276 2191 305 1622

1250 326 1418 359 Theresiae
1442 335 1537 358 manu
1561 329 1719 358 exaratam
1743 325 1864 370 pectori
1888 325 1994 359 admo-

1252 388 1335 419 vens,
1353 383 1541 412 consecutus
1557 383 1604 410 est
1623 377 1691 410 eius
1707 378 1805 422 partis
1818 378 1993 419 sanitatem,

1251 442 1386 476 cumque
1410 431 1522 465 deinde
1546 431 1750 475 sepulchrum
1771 431 1907 475 Virginis
1925 432 1995 466 visi-

1252 490 1365 526 lasset,
1389 485 1520 529 eiusque
1547 485 1724 526 brachium,
1743 485 1828 530 quod
1848 485 1926 519 Albe
1948 496 1995 520 as·

1251 544 1414 580 servatur,
1438 539 1570 583 proprio
1605 539 1737 573 brachio
1752 566 1759 580 ,
1783 539 1867 584 quod
1891 539 1994 573 adhuc

1251 598 1447 639 contractum
1473 599 1550 634 erat,
1574 593 1772 635 admovisset,
1791 593 1822 626 in
1846 604 1884 627 eo
1900 593 1994 627 etiam

1251 648 1388 681 divinam
1413 648 1560 682 virtutem
1585 652 1731 692 expertus
1755 653 1822 689 est,
1851 647 1995 681 restituta

1252 703 1310 736 sibi
1329 703 1466 747 perfecta
1487 702 1672 735 valetudine.
1691 702 1822 735 Ioannes
1838 701 1876 735 de
1893 701 1996 747 Leyna

1253 767 1367 799 magno
1392 756 1529 800 gutturis
1554 756 1666 790 morbo
1686 755 1764 790 adeo
1788 755 1996 799 affligebatur,

1254 816 1287 843 ut
1303 810 1406 844 omnis
1430 810 1650 854 respirationis
1666 809 1715 842 via
1740 809 1804 842 fere
1827 809 1997 842 interclusa

1254 869 1357 904 esset,
1383 864 1508 908 iamque
1539 863 1633 896 morti
1666 862 1829 907 proximus
1860 861 1998 896 animam

1254 918 1376 960 agebat,
1391 928 1463 951 cum
1487 917 1660 957 sudarium,
1678 916 1763 961 quod
1780 919 1904 950 sanctae
1922 916 2000 950 The-

1255 971 1354 1004 resiae
1389 971 1512 1012 fuerat,
1539 971 1577 1004 ad
1612 970 1715 1004 morbi
1746 970 1851 1004 locum
1884 972 1999 1014 magna

1255 1036 1326 1058 cum
1344 1025 1458 1058 fiducia
1471 1024 1627 1069 apposuit,
1641 1034 1818 1069 somnoque
1832 1029 1953 1069 captus,
1963 1033 1999 1057 ac

1254 1079 1347 1123 paulo
1365 1084 1434 1123 post
1459 1083 1675 1123 experrectus,
1696 1088 1728 1111 se
1742 1078 1865 1111 meritis
1889 1078 1999 1112 beatae

1254 1133 1420 1165 Theresiae
1455 1136 1599 1166 curatum
1635 1142 1703 1165 esse
1738 1137 1870 1176 repente
1905 1141 2000 1165 sanus

1255 1187 1449 1220 exclamavit.

1299 1241 1313 1284 ξ
1337 1240 1389 1273 ⁶237..
1421 1241 1498 1274 Cum
1528 1240 1626 1284 igitur
1656 1250 1713 1284 per
1748 1239 1912 1274 universas
1937 1239 1998 1273 iarn
2023 1250 2199 1282 riieiosiaoiaeo
2240 1263 2242 1267 ν

1255 1300 1364 1337 gentes
1381 1299 1411 1328 et
1428 1294 1569 1328 nationes
1594 1294 1742 1327 sanctitas
1765 1294 1933 1327 Theresiae
1948 1304 1999 1327 ce·
2014 1279 2199 1327 {3⁰⁶32‘3532'lfi'32

1255 1349 1442 1389 lebraretur,
1467 1354 1497 1381 et
1527 1359 1643 1381 nomen
1669 1348 1767 1392 ipsius
1791 1348 1829 1381 ad
1855 1347 2000 1381 christifi-
2014 1358 2200 1380 niismuttiutosu-

1255 1403 1340 1435 deles
1372 1413 1487 1446 magno
1512 1403 1543 1435 in
1567 1403 1689 1435 honore
1721 1407 1823 1442 esset,
1847 1406 2000 1446 operante
2014 1385 2200 1439 ἓῗξιῖῗνῗέζεξῖῗ

1256 1456 1388 1490 Domino
1407 1467 1462 1500 per
1487 1456 1743 1489 intercessionem
1761 1455 1827 1489 eius
1845 1459 1890 1490 tot
1909 1455 2002 1489 mira·
2014 1438 2200 1496 ssssitsq‘a‘ii'mtfffil

1256 1510 1341 1550 bilia,
1358 1520 1438 1554 quae
1462 1510 1554 1543 etiam
1580 1510 1611 1542 in
1636 1509 1703 1543 dies
1726 1512 1788 1543 una
1806 1520 1877 1543 cum
1902 1509 2001 1554 ipsius
2015 1498 2082 1514 '⁰¹⁵⁸'
2216 1508 2221 1513 ’

1257 1565 1456 1597 veneratione
1481 1564 1689 1607 augebantur,
1713 1563 1840 1602 fuerunt
1863 1563 2002 1597 auctori-

1256 1624 1317 1651 tate
1342 1618 1513 1662 apostolica
1535 1618 1566 1650 in
1589 1618 1696 1652 multis
1717 1617 1884 1662 Hispaniae
1907 1617 2002 1662 parti-

1256 1672 1314 1705 bus
1331 1672 1456 1706 formati
1481 1682 1658 1716 processus,
1676 1682 1711 1706 ac
1731 1671 1769 1705 ad
1786 1676 1927 1705 sanctam
1951 1670 2002 1704 Se-

1257 1727 1329 1759 dein
1353 1726 1539 1760 transmissi.

1302 1780 1316 1823 ἓ
1341 1779 1392 1813 23.
1407 1780 1444 1813 Et
1468 1780 1620 1813 instanter
1637 1784 1750 1823 agente
1767 1779 1870 1813 clarae
1883 1789 2003 1813 memo-
2050 1788 2158 1819 ‘insumo
2177 1793 2201 1819 ,ο

1258 1833 1323 1866 riae
1341 1834 1484 1878 Philippo
1502 1834 1541 1867 111
1559 1833 1725 1877 Hispaniae
1746 1843 1821 1876 rege
1835 1815 2202 1890 cath01100‚1¹32¹l¹÷'l‘=¹’u‘3§¹¹3÷20'

1257 1888 1384 1930 negotio
1410 1893 1473 1920 tam
1497 1887 1528 1920 in
1553 1889 1642 1920 sacra
1677 1887 1796 1920 rituum
1832 1895 2004 1930 congrega·
2016 1869 2202 1943 gffissiauuffii
2236 1903 2238 1905 »

1258 1941 1353 1982 tione,
1376 1952 1470 1985 quam
1497 1941 1528 1974 in
1552 1941 1630 1974 Rota
1656 1940 1824 1984 diligenter
1848 1940 2001 1983 discusso,
2017 1924 2201 1996 ’ἐῗξῖιῖἶῗῗὴτᾷἷῖ

1259 1995 1357 2028 felicis
1371 1995 1599 2028 recordationis
1617 1995 1730 2028 Paulus
1744 1994 1766 2026 V
1779 1994 2003 2038 praedecessor
2018 1977 2203 2033 {isinizffiiossisssss

1259 2054 1366 2083 noster
1391 2049 1530 2089 indulsit,
1547 2054 1580 2081 ut
1601 2048 1632 2080 in
1657 2048 1723 2081 eius
1748 2048 1900 2081 honorem
1930 2031 2203 2104 tam-{Effiffiffiiffff
2231 2061 2237 2067 ·

1259 2113 1354 2146 quam
1374 2102 1412 2135 de
1437 2102 1529 2136 Beata
1554 2102 1682 2144 Virgine
1706 2101 1846 2135 divinum
1863 2101 2003 2135 officium
2018 2109 2203 2162 affiffigffiffi

1260 2156 1291 2189 in
1316 2161 1381 2190 toto
1407 2157 1538 2190 fratrum
1572 2155 1855 2189 Carmelitanorum
1887 2155 2003 2189 Ordine
2018 2162 2204 2210 gzuffmeuffigffi
2236 2168 2238 2174 ·

1261 2215 1367 2255 posset
1380 2210 1534 2243 celebrari
1548 2209 1567 2243 ¹.
1583 2210 1725 2254 Cumque
1738 2209 1820 2242 idem
1838 2208 2004 2253 Philippus
2017 2217 2075 2238 missi
2090 2215 2180 2237 ruerunt.

1262 2276 1315 2298 rex
1334 2265 1447 2297 iterum
1465 2263 1548 2308 apud
1564 2263 1760 2308 praedictum
1775 2262 1904 2296 Paulum
1920 2262 2006 2296 simi-

1262 2319 1333 2351 liter
1357 2318 1632 2362 praedecessorem
1664 2321 1806 2349 nostrum
1833 2325 1892 2360 pro
1915 2325 2005 2350 cano-

1262 2372 1417 2406 nizatione
1435 2372 1466 2405 B.
1484 2370 1621 2414 Virginis
1638 2370 1806 2403 Theresiae
1829 2368 2004 2413 supplicas-

1263 2432 1318 2466 set,
1344 2426 1426 2459 idem
1452 2425 1565 2458 Paulus
1589 2425 1703 2458 iterum
1728 2423 1896 2467 negocium
1921 2433 2005 2456 com-

1265 2480 1348 2513 misit
1373 2479 1584 2513 cardinalibus
1604 2488 1710 2512 sacrae
1735 2477 1852 2511 rituum
1877 2486 2007 2520 congre-

1264 2534 1408 2577 gationis,
1432 2533 1485 2577 qui
1509 2543 1607 2566 novos
1630 2541 1797 2575 processus
1821 2530 2006 2564 auctoritate

1263 2587 1432 2632 apostolica
1451 2585 1663 2620 conficiendos
1680 2584 1897 2624 decreverunt,
1913 2589 2006 2628 atque

1263 2641 1301 2673 ad
1326 2641 1356 2673 id
1381 2650 1495 2673 munus
1520 2638 1736 2684 peragendum
1760 2637 1861 2671 bonae
1885 2647 2003 2670 memo-

1245 2687 1248 2738 Ι
1300 2705 1309 2730 1
1328 2703 1435 2731 Bultam
1446 2702 1553 2730 PauliV
1563 2709 1617 2729 non
1630 2704 1694 2738 puto
1703 2708 1763 2729 esse
1773 2700 1800 2728 in
1812 2700 1886 2729 Bull.
1900 2700 1941 2737 (a.
1953 2700 2004 2735 τ.).

2014 1331 2053 1353 suit
2061 1334 2082 1352 et
2092 1337 2113 1352 m
2122 1331 2200 1359 Hispa·
2238 1339 2240 1343 ’
