2293 3231
315 301 361 328 An.
379 304 407 328 C.
428 301 494 329 ¹6¹3

338 840 429 869 Derogat
445 846 493 862 con·

311 869 389 887 tranis.

323 2597 413 2618 Decreta
423 2601 436 2617 a
445 2601 497 2617 nun·

314 2623 347 2644 cio
377 2623 498 2649 apostolico

315 2649 372 2672 edita
382 2655 446 2676 super
455 2655 499 2672 mo-

540 291 602 326 212

512 350 613 389 deris,
643 349 811 382 venerabili
844 348 931 380 fratri
964 347 1160 380 Ferdinando
1191 348 1254 391 epi·

512 413 607 446 scopo
631 402 793 434 Leodiensi
819 401 976 439 exhibeas,
999 401 1037 432 ad
1063 401 1132 438 hoe,
1148 406 1180 433 ut
1201 401 1252 432 ille

511 467 568 499 pro
582 457 636 487 sua
658 455 687 486 in
705 454 802 486 Deum
819 454 933 497 pietate
950 459 976 485 et
997 453 1158 496 religionis
1175 454 1252 490 zelo,

509 507 694 540 auctoritate
718 507 778 539 sibi
803 517 820 538 a
842 506 926 539 dicto
943 506 1076 539 coneilio
1093 506 1252 545 attributa,

509 561 638 594 omnino
652 560 812 593 observari
829 560 933 592 saciat:
952 571 987 592 ac
1004 559 1252 593 eontradsttmes

509 619 537 646 et
564 613 696 645 rebelles
721 623 937 656 quoscumspie
962 612 1149 656 opportunis
1175 611 1252 644 iuris

510 672 539 699 et
563 667 634 699 sacti
659 666 817 705 remediis,
839 666 1046 709 appellatione
1067 665 1252 709 postposita,

509 725 704 763 compescat:
721 720 863 752 invocato
880 719 973 752 etiam
991 719 1028 751 ad
1047 719 1116 757 lior,
1131 719 1154 751 si
1172 730 1252 762 opus

510 774 613 812 suerit,
637 773 752 805 auxilio
776 772 897 805 brachii
923 773 1082 805 secularis.
1229 777 1234 782 '

553 828 568 869 ᾗ
592 825 621 859 3.
647 826 714 858 Non
739 825 934 858 obstantibus
958 825 1250 863 constitutionilms,

509 885 537 912 et
562 878 812 912 ordinationibus
835 878 1026 922 apostolicis,
1043 888 1100 910 net·
1120 888 1182 910 non
1199 889 1250 911 ee-

509 932 686 971 clesiarum,
704 931 837 963 civitatis
854 936 881 963 et
902 930 1054 963 dioecesis
1072 931 1250 963 Leodiensis

508 985 615 1029 <etiam
641 985 835 1023 iuramento,
860 984 1099 1017 confirmatione
1128 989 1251 1028 aposto-

508 1038 578 1079 liea,
608 1038 655 1071 vel
680 1038 789 1081 quavis
812 1037 961 1070 firmitate
985 1037 1044 1069 alia
1072 1037 1249 1080 roboratis)

507 1092 631 1124 statutis
644 1097 672 1124 et
687 1090 977 1131 consuetudinibus,
989 1090 1163 1134 privilegiis
1176 1101 1250 1133 quo-

507 1156 579 1190 que,
598 1144 726 1177 indultis
741 1150 769 1177 et
791 1144 903 1176 litteris
920 1143 1111 1187 apostolicis,
1130 1143 1247 1176 eisdem

508 1198 658 1238 ecclesiis,
684 1198 873 1243 illarumque
903 1197 1056 1241 capitulis,
1082 1197 1249 1235 canonicis,

508 1257 537 1285 et
554 1252 716 1296 quibusvis
736 1251 805 1284 aliis
827 1251 1043 1295 superioribus
1061 1255 1087 1282 et
1106 1251 1249 1294 personis

508 1305 567 1338 sul)
592 1305 842 1350 quibuscumque
871 1304 1033 1337 tenoribus
1065 1310 1093 1336 et
1121 1303 1248 1339 l'ormis.

508 1369 543 1391 ac
569 1369 640 1391 cum
665 1358 826 1401 quibusvis
846 1357 994 1389 clausulis
1010 1362 1038 1389 et
1057 1356 1200 1396 decretis,
1219 1357 1248 1388 in

509 1411 702 1444 eontrarium
735 1411 979 1454 praemissorum
1013 1409 1247 1453 quomodolibet

508 1465 674 1504 concessis,
700 1464 895 1497 consu-matis
916 1469 943 1495 et
969 1462 1162 1507 approbatis.
1180 1462 1250 1501 Qui-

507 1517 565 1550 bus
589 1517 737 1550 omnibus
761 1522 789 1549 et
815 1516 957 1559 singulis,
974 1526 1085 1548 eorum
1106 1515 1248 1547 omnium

507 1576 631 1604 tenores
655 1570 874 1614 praesentibus
899 1580 955 1613 pro
980 1568 1137 1612 expressis
1153 1574 1181 1600 et
1211 1567 1248 1599 ad

507 1623 638 1656 verbum
653 1622 779 1655 insertis
793 1622 954 1661 babentes⁷
973 1621 1034 1654 illis
1051 1621 1126 1653 alias
1145 1621 1174 1652 in
1192 1630 1249 1653 suo

507 1676 621 1710 robore
653 1676 890 1720 permansuris,
916 1676 974 1707 hac
999 1675 1064 1707 viee
1089 1674 1247 1706 dumtaxat

507 1730 684 1774 specialiter
709 1734 739 1762 ct
763 1739 910 1773 expresse
935 1729 1146 1769 derogamus,
1171 1733 1250 1760 ‹eete-

507 1783 614 1827 risque
638 1783 805 1816 contrariis
829 1782 1091 1825 quibuscumque,

552 1837 663 1869 Datum
695 1837 812 1869 Romae
841 1835 924 1879 apud
957 1841 1094 1867 sanctam
1121 1834 1249 1867 Mariam

510 1889 680 1926 Maiorem,
705 1889 763 1921 sub
787 1888 904 1921 annulo
929 1887 1115 1925 piscatoris,
1140 1887 1189 1919 die
1218 1896 1248 1919 vi

512 1942 577 1975 iulii
595 1951 726 1982 nncxm,
744 1941 945 1985 pontificatus
962 1941 1061 1974 nostri
1078 1950 1160 1973 auno
1186 1950 1226 1972 ix.

547 2005 604 2032 Dat.
625 2004 669 2032 die
687 2005 704 2032 6
722 2004 779 2032 iulii
797 2004 876 2038 1613,
898 2003 993 2039 pontif.
1013 2010 1083 2030 anno
1100 2009 1136 2030 tx.

793 2110 967 2144 ccxxxlv.

511 2173 634 2207 Eadem
651 2172 832 2206 commissio
853 2171 962 2216 quoad
981 2171 1109 2204 similia
1126 2170 1252 2204 decreta

627 2236 725 2270 super
748 2224 947 2258 monialium
971 2224 1136 2258 clausura.

510 2288 681 2317 Venerabili
694 2287 782 2316 fratri
796 2287 924 2315 Antonio
940 2287 1081 2321 episcopo
1097 2286 1251 2321 vigiliensi

545 2333 577 2361 in
601 2332 739 2367 partibus
766 2331 918 2359 inferioris
946 2330 1120 2359 Germaniae
1147 2333 1251 2358 nostro

546 2379 578 2405 et
597 2376 782 2411 apostolicae
803 2375 890 2404 sedis
907 2375 1018 2403 nuncio

734 2421 848 2449 Paulus
873 2421 952 2454 Papa
975 2420 1007 2447 V.

701 2473 890 2502 venerahilis
923 2473 1017 2501 frater
1032 2493 1038 2505 ,

548 2520 677 2547 salutem
693 2521 725 2547 et
741 2518 938 2553 apostolicam
952 2516 1199 2546 benedictionem.

557 2582 573 2625 ἓ
596 2582 625 2614 t.
643 2582 730 2621 Cum,
746 2581 827 2614 sicut
842 2581 1030 2625 accepimus,
1047 2585 1080 2613 tu
1096 2590 1154 2623 pro
1171 2590 1253 2613 com-

514 2635 609 2668 misso
641 2635 695 2667 tibi
727 2646 744 2667 a
776 2634 868 2668 nobis
903 2644 1032 2667 numere
1051 2661 1058 2674 ,
1084 2633 1252 2666 visitationi

551 2699 563 2725 1
584 2697 623 2725 Ex
642 2697 749 2733 Regest.
769 2697 797 2725 in
817 2698 922 2725 Secret.
944 2697 1021 2725 Brev.

1107 300 1287 324 arth-mutu
1313 301 1467 325 nomxmt

1286 349 1435 381 eeclesiae
1461 347 1641 381 Leodiensis
1668 348 1843 392 invigilans,
1868 354 1896 382 et
1921 349 2026 392 dispo-

1286 401 1389 433 sitioni
1414 401 1542 434 Coneilii
1567 401 1737 434 Tridentini
1759 402 1935 441 inhaerens,
1952 412 2027 434 non-

1286 454 1370 486 nulla
1391 453 1516 486 decreta
1534 454 1720 497 praesertim
1740 454 1823 487 eirca
1842 455 2026 488 monialium

1286 507 1463 539 clausuram
1489 505 1644 544 edideris,
1672 517 1728 539 seu
1755 506 1848 540 edere
1875 507 2027 547 intendas,

1286 563 1314 592 et
1333 559 1521 591 monialibus
1547 559 1623 603 ipsis
1647 560 1841 592 observanda
1858 570 2028 604 proposuc-

1285 613 1339 651 ris,
1357 624 1410 645 seu
1436 623 1616 656 proponere
1639 613 1834 653 decreveris,
1858 613 2027 646 nonnullae

1287 676 1360 697 vero
1373 676 1410 697 ex
1429 666 1476 706 iis,
1490 676 1620 698 suorum
1635 671 1733 699 status
1750 671 1780 699 et
1796 666 1904 699 salutis
1921 667 2028 698 imme-

1286 729 1402 757 mores,
1418 718 1501 751 dieta
1524 719 1650 752 decreta
1674 719 1839 752 admittere
1863 725 1891 752 et
1918 719 2028 751 obser-

1287 782 1357 804 vare
1378 777 1534 812 recusent,
1548 782 1602 805 seu
1619 778 1818 805 recusaturas
1835 772 1970 811 dubites,
1996 772 2027 804 in

1285 824 1514 866 praeiudicium
1537 825 1645 857 salutis
1669 835 1797 857 suarum
1823 825 2010 857 animarum.

1329 879 1344 917 ,ξ
1369 878 1397 909 ι).
1423 878 1495 917 Nos,
1516 877 1710 911 attendentes
1733 878 1817 921 quod
1842 888 1955 922 parum
1980 882 2027 910 est

1285 935 1370 962 reeta
1399 936 1536 963 statuere
1561 936 1592 963 ct
1615 930 1773 970 ordinare,
1798 930 1856 963 nisi
1882 930 1933 963 illa
1958 940 2027 963 exe-

1285 983 1428 1027 quutioni
1453 983 1692 1023 demandentur,
1722 983 1776 1015 tibi
1805 993 1861 1027 per
1884 992 2028 1026 praesen-

1285 1042 1329 1068 tes
1343 1037 1570 1070 conunittimus
1585 1042 1615 1069 et
1634 1037 1828 1077 mandamus,
1842 1043 1873 1069 ut
1891 1037 2026 1077 decreta,

1283 1100 1363 1133 quac
1380 1090 1464 1123 cirea
1477 1090 1649 1134 praemissa
1664 1090 1799 1131 edidisti,
1814 1100 1868 1123 seu
1882 1090 2027 1129 edideris,

1284 1144 1452 1176 venerabili
1469 1144 1558 1176 fratri
1572 1143 1769 1177 Fer-dinando
1790 1144 1938 1188 episcopo
1955 1145 2029 1177 Leo-

1283 1196 1384 1228 diensi
1409 1197 1569 1235 exhibeas,
1589 1197 1626 1229 ad
1652 1197 1722 1237 hoc,
1747 1202 1779 1229 ut
1808 1197 1858 1229 ille
1887 1207 1945 1240 pro
1970 1198 2027 1229 sua

1285 1249 1314 1281 in
1329 1249 1426 1282 Deum
1447 1249 1573 1293 pietate,
1590 1254 1619 1283 et
1639 1249 1802 1293 religionis
1820 1250 1896 1290 zelo,
1918 1254 2027 1283 aueto-

1284 1302 1375 1334 ritate
1396 1302 1454 1335 sibi
1479 1313 1497 1334 a
1517 1302 1601 1335 dicto
1618 1302 1757 1335 Concilio
1781 1302 1942 1343 attributa,
1963 1313 2028 1336 om-

1283 1355 1358 1387 nino
1382 1355 1543 1387 observari
1582 1355 1692 1395 saciat,
1718 1366 1753 1387 ac
1778 1355 2027 1388 contradictores

1284 1413 1313 1440 et
1337 1408 1471 1440 rebelles
1495 1418 1713 1451 quoscumque
1738 1407 1924 1451 opportunis
1949 1408 2027 1440 iuris

1264 1465 1311 1494 ·et
1333 1461 1403 1494 t'acti
1421 1461 1579 1499 remediis,
1604 1461 1816 1504 appellatione
1840 1460 2027 1505 postposita,

1283 1519 1472 1557 compescat,
1490 1514 1634 1546 invocato
1651 1513 1745 1546 etiam
1761 1513 1799 1546 ad
1818 1514 1887 1553 hoe,
1905 1514 1930 1546 si
1947 1524 2026 1557 opus

1284 1567 1387 1607 suerit,
1405 1567 1522 1600 auxilio
1546 1567 1667 1600 brachii
1687 1567 1848 1600 secularis

1327 1620 1342 1663 ἓ
1366 1620 1395 1653 3.
1421 1621 1488 1654 Non
1519 1620 1717 1653 obstantibus
1749 1620 2027 1654 constitutionibus

1283 1678 1313 1708 et
1337 1673 1588 1707 ordinationibus
1612 1674 1803 1717 apostolicis,
1823 1683 1946 1707 necnon
1964 1684 2028 1707 mo-

1284 1727 1495 1760 nasteriorum
1521 1727 1677 1760 dictarum
1704 1727 1899 1767 monialium,
1920 1732 1950 1759 et
1974 1727 2028 1761 Or-

1283 1780 1393 1813 dinum
1410 1791 1546 1823 quorum
1569 1780 1683 1813 suerint
1711 1780 1819 1824 (etiam
1838 1781 2026 1820 iuramento,

1284 1833 1523 1866 confirmatione
1553 1833 1744 1877 apostolica,
1772 1833 1819 1865 vel
1844 1833 1953 1877 quavis
1978 1832 2028 1866 fir-

1284 1887 1391 1921 mitate
1417 1887 1477 1920 alia
1501 1886 1673 1929 roboratis)
1699 1886 1822 1920 statutis
1846 1890 1875 1920 ct
1899 1896 2028 1919 consue-

1285 1941 1454 1980 tudinibus,
1477 1940 1650 1984 privilegiis
1673 1950 1799 1983 quoquc
1813 1966 1820 1980 ,
1846 1939 1974 1972 indultis
1997 1945 2028 1972 et

1284 1994 1396 2028 litteris
1420 1993 1613 2037 apostolicis,
1634 1993 1751 2025 eisdem
1770 1993 1980 2034 monasteriis,
1994 1993 2028 2025 il-

1285 2048 1454 2090 lorumque
1479 2045 1655 2086 abbatissis,
1680 2045 1862 2089 priorissis,
1887 2045 2029 2079 moniali-

1285 2101 1344 2133 bus
1370 2105 1398 2133 et
1425 2099 1493 2132 aliis
1517 2099 1770 2143 quibuscumque
1793 2099 1949 2143 personis,
1968 2098 2027 2132 sub

1284 2154 1536 2197 quibuscumque
1574 2153 1737 2186 tenoribus
1772 2158 1802 2186 et
1834 2152 1965 2194 formis,
1990 2162 2027 2185 ac

1285 2218 1356 2240 cum
1381 2207 1545 2251 quibusvis
1577 2206 1726 2239 clausulis
1758 2210 1788 2239 et
1812 2205 1946 2239 decretis
1962 2231 1970 2245 ,
1995 2205 2026 2237 in

1285 2260 1480 2294 contrarium
1510 2259 1758 2304 praemissorum
1788 2257 2026 2302 quomodolibet

1285 2313 1453 2353 concessis,
1475 2311 1669 2346 confirmatis
1694 2316 1723 2344 et
1748 2310 1938 2355 approbatis.
1955 2309 2028 2350 Qui-

1284 2366 1342 2399 bus
1367 2366 1514 2399 omnibus
1537 2370 1564 2398 et
1591 2365 1734 2408 singulis,
1754 2374 1865 2398 eorum
1883 2364 2025 2398 omnium

1285 2424 1411 2453 tenores
1443 2418 1662 2463 praesentibus
1685 2428 1745 2462 pro
1768 2417 1861 2461 plene
1886 2421 1916 2450 et
1940 2416 2026 2450 suffi-

1285 2473 1404 2506 cienter
1440 2471 1596 2516 expressis
1620 2476 1647 2504 ct
1673 2470 1712 2503 ad
1735 2469 1868 2503 verbum
1901 2469 2027 2503 insertis

1286 2526 1457 2566 babentes,
1483 2525 1544 2558 illis
1575 2524 1651 2557 alias
1677 2524 1707 2556 in
1732 2533 1789 2557 suo
1815 2523 1931 2557 robore
1954 2533 2027 2567 per-

1286 2578 1442 2611 mansuris
1457 2605 1464 2617 ,
1492 2577 1549 2610 hac
1574 2577 1641 2610 vice
1665 2576 1825 2610 dumtaxat
1849 2575 2027 2620 specialiter

1286 2637 1316 2665 et
1333 2641 1481 2675 expresse
1498 2630 1699 2673 derogamus,
1716 2631 1892 2674 ceterisque
1905 2634 2028 2664 contra-

1286 2686 1341 2720 riis
1365 2686 1627 2729 quibuscumque.

2214 0 2279 296 tre->mmm

2039 301 2088 328 An.
2105 301 2135 328 C.
2154 301 2222 331 161³
2252 331 2262 334 e,

2040 362 2128 392 niatium
2141 363 2223 385 claum-
2259 360 2263 362 ’

2040 393 2064 410 ra
2078 392 2220 413 recensentur.
2248 419 2250 421 Ι
2270 395 2273 399 ’

2067 889 2092 910 Εἰ
2114 889 2226 912 commit-ii-

2041 918 2081 940 tur,
2091 917 2114 936 ut
2124 915 2159 937 tila
2166 917 2227 939 eunt
2268 935 2273 940 ,

2041 942 2161 964 observari.
2253 953 2259 959 ·

2054 1629 2169 1660 Derogatio
2177 1634 2224 1652 eun·
2266 1651 2270 1661 1

2041 1658 2161 1678 irai-iorum.
