2293 3231
848 247 944 273 mnu
969 246 1166 273 unanimum!

289 305 304 347 ξ
328 302 455 338 xxm
469 301 823 344 registris‚extraeubus
838 305 984 335 ctexem-
1008 306 1010 331 t

334 358 394 401 pIIs
419 366 473 390 seu
500 357 616 399 copiis,
643 356 692 388 ΞΠ.

289 415 302 451 ξ
329 411 410 444 xxi.
436 411 481 444 De
508 409 689 443 cursoribus
715 414 742 443 et
769 408 982 449 mandatariis,
1010 417 1011 424 ¹

338 465 410 497 too.

290 520 303 558 ξ
329 516 420 550 xxti.
445 516 491 549 De-
517 515 706 550 baroncellis
732 519 758 548 et
785 515 986 559 exequutori-
1011 512 1012 544 l

334 570 402 611 bus,
429 570 501 603 103.

289 626 303 667 ξ
327 623 440 658 XXIII.
465 623 511 656 De
540 622 723 657 carceribus
750 626 778 656 et
804 622 984 662 carceratis,
1011 662 1012 669 ἵ

334 681 364 712 et
393 687 503 710 eorum
535 677 748 710 risitatoribus
781 679 810 709 ct
842 675 981 709 custodi·
1011 676 1012 681 ’

333 731 404 772 bus,
434 731 505 764 104.

290 782 438 827 §XXIV
471 783 516 816 De
552 781 754 816 facultatibus
790 782 985 816 visitatorum

335 845 518 877 carcerum,
546 836 617 868 107.
639 835 653 846 “

289 888 422 931 §XXV
448 888 493 921 De
527 887 741 932 protomedico
772 891 803 921 et
832 890 984 921 aromata-

335 944 401 984 rus,
429 942 500 975 109.

222 994 362 1029 ”CXCV
379 995 466 1028 Taxa
482 995 674 1028 notariorum
692 997 720 1027 et
736 993 920 1027 officialium
933 991 986 1025 Γι-

335 1048 402 1090 bis,
432 1048 501 1081 111.

291 1103 306 1145 ξ
330 1102 352 1135 Ι.
378 1102 464 1135 Taxa
487 1102 680 1134 notariorum
710 1099 909 1133 reverendae
935 1107 986 1131 ca-

335 1163 442 1188 merae
467 1155 677 1196 apostolieae,
704 1157 733 1185 et
757 1153 921 1185 solutionis
946 1153 986 1184 si-

335 1207 403 1249 gilli
432 1205 638 1239 illustrissimi
672 1205 791 1239 domini
816 1204 987 1238 cardinalis

335 1260 520 1299 camerarii,
549 1257 627 1291 ibid.

331 1311 368 1345 II.
393 1312 479 1345 Taxa
502 1313 697 1345 notariorum
713 1310 854 1344 civilium
872 1309 988 1353 guber-

335 1366 453 1399 natoris
478 1365 586 1406 Urbis,
612 1365 723 1398 vicarii
740 1363 844 1407 burgi,
870 1367 899 1397 et
917 1363 989 1396 alio-

336 1429 405 1452 rum
452 1418 655 1452 tribunalium
695 1427 757 1450 non
802 1416 988 1450 habentium

337 1473 497 1516 propriam
522 1475 643 1513 laxam,
672 1471 742 1504 119.

293 1526 308 1569 ξ
332 1525 385 1559 III.
403 1525 489 1559 Taxa
505 1526 698 1559 notariorum
716 1523 867 1557 auditoris
883 1520 990 1556 Came-

339 1588 410 1621 rae,
436 1579 510 1612 122.
698 1620 701 1622 -

293 1633 308 1677 §
332 1632 383 1666 lv.
408 1632 494 1666 Taxa
519 1632 715 1665 notariorum
739 1630 852 1672 Rotae,
880 1629 952 1662 1⁶26.

294 1686 309 1729 ξ
334 1685 370 1719 V.
396 1685 482 1718 Taxa
507 1685 658 1726 archivii,
685 1683 758 1717 128.

295 1740 310 1784 §
335 1739 385 1773 VI.
411 1739 497 1772 Taxa
521 1740 715 1772 notariorum
740 1746 907 1770 causarum
930 1737 990 1769 cri-

338 1792 504 1826 minalium
521 1791 752 1836 gubernatoris,
774 1789 926 1823 auditoris
943 1798 991 1822 ca-

339 1855 456 1888 merae,
481 1847 611 1887 vicarii,
637 1845 790 1878 senatoris
815 1852 851 1876 ac
876 1842 991 1876 iudicis

340 1899 444 1943 burgi,
472 1899 545 1932 130.

292 1954 307 1997 §
332 1952 397 1986 VII.
423 1953 510 1986 Taxa
533 1952 727 1985 notariorum
753 1950 859 1984 curiae
891 1948 988 1993 Capi-

339 2006 415 2046 tolii,
442 2006 515 2039 135.

295 2060 310 2103 ξ
334 2059 414 2093 VIII.
436 2059 522 2092 Taxa
539 2058 653 2092 notarii
678 2057 899 2100 magistrorum
923 2056 990 2089 via-

340 2123 426 2153 rum,
453 2113 527 2146 143.

294 2166 309 2209 §
333 2165 385 2200 IX.
411 2166 496 2199 Taxa
518 2165 631 2198 notarii
655 2167 684 2198 et
709 2163 841 2197 aliorum
866 2162 992 2195 officia-

340 2219 417 2252 lium
445 2218 556 2262 Ripae,
580 2216 738 2251 servanda
764 2218 858 2249 etiam
887 2224 993 2248 coram

340 2270 489 2316 praeside
526 2272 556 2304 in
590 2279 791 2315 quacumque
824 2270 991 2310 Instantia‚

344 2323 418 2358 146.

295 2380 310 2421 ξ
334 2377 372 2410 Χ.
399 2377 483 2410 Taxa
508 2375 667 2409 servanda
684 2376 715 2408 in
733 2376 820 2409 curia
846 2374 991 2418 Ripettac
1017 2378 1019 2418 j

341 2435 403 2465 tam
427 2433 458 2464 in
481 2432 593 2474 prima,
618 2439 713 2475 quam
738 2431 768 2462 iu
793 2428 933 2461 secunda
950 2438 993 2461 ιιι-

341 2486 453 2519 stantia
485 2494 542 2527 per
578 2483 737 2524 iudicem,
764 2483 936 2523 notarium,
963 2486 990 2515 et
1018 2473 1019 2519 ζ

341 2538 419 2573 alios
443 2536 596 2571 officiales
615 2536 718 2570 dietae
744 2536 873 2578 CurIae,
900 2537 992 2569 ctiam
1018 2521 1019 2566 f

342 2601 449 2625 coram
473 2590 629 2635 praeside,
657 2590 729 2622 149.
1018 2581 1019 2588 ¹

298 2645 312 2688 ξ
338 2644 389 2678 xl.
413 2645 499 2679 Taxa
522 2645 635 2678 notarii
660 2642 887 2686 Hebraeorum,
917 2642 989 2675 153.

1665 237 1726 271 863

1077 302 1091 342 ξ
1117 300 1183 333 XII.
1210 298 1330 334 Ordine
1367 308 1383 332 c
1420 301 1502 333 tasso
1528 298 1568 333 da
1600 301 1772 334 ossen-arsi

1123 353 1197 386 ‹lalli
1222 353 1387 394 guardiam
1414 352 1497 386 (lette
1523 353 1660 394 carceri,
1687 353 1759 385 156.

1080 408 1094 447 ξ
1122 406 1200 439 XIII.
1227 405 1340 439 Orduii
1359 416 1375 439 e
1395 410 1475 439 tasse
1501 415 1558 450 per
1581 406 1601 440 li
1627 405 1771 449 barigelli

1127 460 1164 493 cd
1191 462 1364 501 esecutori,
1394 460 1463 492 158.

1036 512 1166 547 CXCVI.
1181 512 1357 546 Declaratio
1371 514 1601 546 constitutionis
1618 522 1714 556 super
1730 523 1774 546 re-

1125 567 1308 599 formatione
1330 565 1534 600 tribunalium
1552 565 1654 608 Urbis,
1671 575 1773 610 nuper

1127 619 1247 660 editae,
1278 620 1347 652 160.

1038 671 1178 706 CXCVII.
1196 672 1346 716 Sequitur
1367 672 1538 706 declaratio
1557 671 1700 705 eiusdem
1724 682 1774 706 re-

1126 726 1317 758 formationis
1350 725 1453 769 quoad
1485 726 1690 759 aromatarios
1721 724 1773 758 [r-

1124 777 1189 820 his,
1216 778 1289 811 162.

1010 834 1011 843 ¹
1037 830 1194 866 CXCVIII.
1220 831 1362 865 Facultas
1378 833 1493 865 nuncio
1507 831 1687 865 Coloniensi
1704 841 1774 865 con—

1126 884 1248 917 ferendi
1272 884 1428 918 beneficia
1454 886 1483 917 in
1510 884 1671 918 mensibus
1700 884 1774 918 Sedi

1125 937 1324 981 Apostolicae
1356 938 1524 971 reservatis
1551 939 1582 970 in
1607 936 1775 980 Westpha-

1124 992 1165 1025 lia
1201 996 1231 1025 et
1262 992 1404 1025 districtu
1437 991 1546 1036 oppidi
1582 991 1774 1036 Aquisgrani

1124 1044 1307 1077 Leodieusis
1329 1045 1494 1087 dioecesis,
1515 1044 1655 1078 Romano
1672 1044 1775 1088 Impe-

1125 1099 1171 1131 rio
1196 1102 1347 1140 vacante,
1374 1098 1446 1131 164.

1038 1148 1167 1183 CXCIX.
1194 1150 1336 1184 Facultas
1354 1152 1470 1183 nuncio
1486 1150 1525 1184 ad
1546 1151 1774 1193 praepositum,

1126 1202 1293 1244 decanum,
1314 1202 1485 1246 capitulum
1499 1206 1528 1236 et
1545 1204 1713 1235 canonicos
1728 1211 1776 1234 ec-

1125 1256 1240 1289 clesiae
1257 1256 1506 1299 Salisburgensis
1530 1255 1713 1300 inquIrendi
1736 1254 1776 1288 de

1127 1310 1209 1352 fide,
1235 1311 1297 1343 vita
1330 1314 1357 1343 et
1390 1309 1530 1343 moribus
1561 1310 1657 1342 Marci
1685 1309 1776 1342 electi

1128 1365 1226 1408 ipsius
1258 1366 1410 1397 ecclesiae
1443 1363 1693 1406 Salisburgensis
1721 1372 1776 1397 ar-

1128 1418 1336 1461 chiepiscopi,
1364 1418 1437 1450 165.

1039 1470 1096 1504 CC.
1121 1471 1265 1504 Facultas
1302 1472 1417 1503 nuncio
1452 1469 1687 1513 salisburgensi
1726 1480 1778 1503 su-

1128 1523 1305 1566 spendendi
1331 1522 1487 1567 quaedam
1511 1526 1624 1556 statuta
1649 1531 1666 1555 a
1696 1524 1778 1566 capi-

1131 1577 1194 1610 tulo
1231 1580 1259 1610 et
1290 1578 1451 1610 canonicis
1486 1578 1586 1620 ipsius
1623 1577 1776 1610 ecclesiae

1131 1629 1382 1673 salisburgensis
1407 1629 1501 1671 edita,
1528 1630 1600 1663 166.

1132 1684 1276 1718 Monetur
1299 1683 1562 1727 archiepiscopus
1580 1684 1699 1716 electus
1723 1682 1778 1715 Sa-

1129 1736 1355 1779 lisburgensis,
1371 1745 1411 1769 ne
1428 1735 1585 1781 quaedam
1602 1738 1703 1779 pacta,
1720 1744 1777 1768 seu

1130 1792 1355 1824 conventiones
1386 1799 1442 1833 per
1472 1790 1645 1832 capitulum
1669 1792 1699 1822 et
1731 1797 1778 1822 ca-

1131 1845 1260 1876 nonicos
1297 1841 1557 1885 Salisburgenses
1588 1843 1697 1882 initaS,
1726 1845 1777 1875 aut

1130 1898 1304 1930 iuramento
1329 1898 1484 1938 firmatas,
1513 1895 1676 1937 observet,
1704 1896 1776 1928 167.

1043 1948 1130 1984 CCII.
1154 1949 1337 1983 Mandatum
1362 1949 1467 1982 eidem
1492 1950 1592 1982 electo
1625 1948 1778 1992 archiepi-

1130 2012 1226 2046 scopo
1250 2011 1348 2046 super
1372 2002 1495 2044 eadem,
1522 2001 1600 2034 ibid.

1044 2055 1145 2091 CCIII.
1170 2055 1379 2090 Committitur
1399 2057 1514 2089 nuncio
1538 2054 1726 2098 apostolico,
1746 2059 1776 2088 ut

1132 2111 1342 2143 iuramentum
1359 2118 1375 2141 a
1389 2109 1526 2152 capitulo
1546 2107 1777 2150 Salisburgensi

1132 2165 1316 2206 praestitum
1341 2172 1396 2206 pro
1421 2161 1640 2195 observatione
1657 2160 1779 2204 praedi-

1133 2220 1252 2250 ctorum
1277 2220 1462 2249 statutorum
1487 2216 1623 2255 relaxet,
1650 2214 1723 2247 168.

1044 2269 1143 2303 CCIV.
1163 2269 1364 2312 sigismundo
1379 2268 1421 2301 III
1435 2268 1583 2301 Poloniae
1597 2268 1666 2310 regi
1682 2265 1779 2300 facul-

1133 2324 1178 2354 tas
1202 2320 1388 2353 conceditur
1407 2317 1581 2362 recipiendi
1602 2317 1779 2350 subsidium

1132 2373 1171 2407 ab
1196 2374 1419 2406 ecclesiasticis
1443 2373 1533 2414 regni
1558 2374 1670 2414 sponte
1687 2369 1781 2404 obla-

1133 2431 1197 2459 tum
1220 2436 1277 2469 pro
1302 2425 1384 2458 bello
1401 2428 1508 2458 contra
1525 2423 1679 2465 Moschos,
1707 2423 1779 2456 169.

1044 2478 1128 2513 CCV.
1154 2479 1354 2513 Consu-matio
1371 2477 1559 2512 concordiae
1585 2478 1680 2510 initae
1699 2478 1781 2510 inter

1130 2542 1239 2575 regem
1271 2532 1461 2565 catholicum
1492 2530 1779 2564 administratorem

1131 2586 1258 2619 Militiae
1285 2585 1316 2618 B.
1348 2584 1463 2618 Mariae
1492 2584 1531 2617 dc
1555 2583 1723 2625 Montesia,
1749 2586 1779 2615 et
1809 2619 1814 2622 ,

1132 2643 1368 2683 praeceptorem
1394 2638 1434 2672 (lo
1458 2636 1561 2680 Onda,
1587 2646 1624 2671 ac
1648 2637 1780 2671 unIver-

1041 1684 1107 1718 CCI.
