2293 3231
83 266 130 298 Ᾰη.
143 271 172 296 (Σ,
198 270 258 297 1621

106 1231 181 1252 Statuit
192 1231 261 1251 huius-

80 1257 134 1278 modi
150 1257 262 1278 electiones

80 1284 106 1305 do
127 1287 199 1304 cetero
217 1284 261 1304 fieri

81 1312 101 1330 ut
115 1309 157 1330 tue.

97 2081 134 2110 'Ae
151 2095 261 2110 conserva·

79 2118 135 2136 tores
144 2116 206 2137 aliter
214 2116 262 2142 eligi

81 2144 144 2162 vetat.

92 2455 263 2487 fingentibusque

82 2487 161 2508 poenas
175 2483 256 2509 inntgn.

891 275 1067 300 GnEGontus
1091 276 1132 300 XV
1156 277 1203 300 1³1³,

278 327 333 351 seu
356 318 588 362 depurationes,
614 326 676 353 tam
702 321 733 354 in
754 322 816 354 vim
842 322 1015 356 litterarum

278 371 595 405 conservatoriarium
622 373 705 406 iuxta
724 375 857 407 sormam
875 375 905 407 in
930 376 1017 420 quin-

278 426 366 456 terno
396 424 600 458 cancellariae
632 426 842 470 descriptam,
867 438 960 470 quam
986 427 1016 460 in

278 475 339 508 vim
356 487 630 522 quorumcui'nqnc
648 479 885 522 privilegiorum
903 491 1016 524 perpe-

279 533 341 568 tuo,
360 530 406 562 vel
423 529 461 562 ad
480 535 602 574 tempus
620 531 758 565 nondum
776 534 927 576 clapsum,
944 545 1017 578 apo-

278 581 387 614 stolica
411 583 595 616 auctoritate
621 595 852 627 concessorum,
869 597 924 619 seu
941 588 1016 620 alias

277 645 477 678 quocumque
502 635 569 669 iure
602 638 649 670 vel
682 639 771 671 titulo
795 640 944 672 hactenus
972 641 1016 673 sa-

277 691 352 728 etas,
376 699 434 732 pro
458 689 713 735 quibuscumque
737 693 951 733 conventibus,
969 704 1017 727 ca-

278 740 396 784 pitulis,
421 743 549 785 militiis,
574 745 667 778 etiam
692 747 790 779 sancti
809 747 930 780 loannis
948 747 1018 780 llic-

279 796 508 840 rosolymitani,
534 800 841 842 congregationibus,
866 801 1016 843 collegiis,

278 848 451 891 ordinibus,
478 852 694 894 monasteriis,
720 854 939 897 hospitalibus,
965 859 1017 889 aut

278 901 345 934 aliis
365 903 528 946 quibusvis
545 905 613 948 piis,
631 910 694 955 tam
712 907 905 940 secularibus
922 919 1016 951 quam

278 954 414 988 cuiusvis
434 956 569 997 Ordinis,
587 957 679 990 etiam
694 958 944 1001 Mendicantium,
962 972 1016 993 seu

279 1007 409 1041 instituti
441 1010 487 1042 vel
513 1010 669 1043 societatis
694 1013 914 1054 regularibus,
940 1015 1016 1047 locis

277 1062 476 1103 quantumvis
492 1064 654 1107 exen'iptis,
672 1065 764 1097 etiam
780 1066 817 1098 de
833 1067 1016 1101 necessitate

277 1115 501 1158 exprimendis,
522 1127 576 1149 seu
602 1117 727 1150 illorum
746 1120 899 1162 personis,
917 1120 1017 1153 cuius-

277 1167 323 1201 vis
346 1169 503 1211 qualitatis
528 1181 582 1203 sen
609 1171 796 1206 conditionis
821 1173 961 1205 existant.

321 1228 336 1272 g
359 1227 389 1260 ⁹2.
415 1228 448 1260 In
468 1227 607 1259 futurum
626 1237 700 1259 vero
716 1227 868 1260 Sanctitas
886 1237 940 1258 sua
958 1226 1015 1258 hac

278 1281 416 1324 generali
429 1285 459 1314 et
475 1286 629 1324 perpetuo
646 1280 779 1313 valitura
796 1279 1016 1312 constitutione

278 1335 384 1367 statuit
407 1339 437 1367 et
460 1334 616 1374 decrevit,
640 1338 674 1366 ut
698 1333 817 1365 iudices
850 1343 1016 1365 conserva—

280 1392 362 1421 tores
375 1388 566 1428 huiusmodi,
581 1388 645 1420 sive
661 1387 849 1431 principales
866 1386 929 1419 sive
947 1386 1017 1418 suh—

278 1439 396 1482 rogati,
420 1439 511 1482 eligi,
536 1438 692 1471 nominari
717 1443 769 1470 aut
793 1438 935 1480 deputari
953 1448 1016 1470 non

279 1493 407 1536 possint,
432 1492 502 1532 nisi,
527 1502 589 1525 non
615 1492 716 1525 solum
731 1491 866 1523 habeant
883 1490 1015 1533 qualita-

280 1551 324 1579 tes
351 1546 517 1590 requisitas
545 1551 574 1578 et
601 1545 773 1589 descriptas
801 1545 832 1577 in
868 1545 1016 1578 eonstitu-

254 1592 261 1597 ’
280 1600 362 1633 tione
393 1600 503 1633 similis
535 1599 762 1633 recordationis
786 1598 933 1632 Bonisacii
960 1599 1015 1630 Pa—

278 1663 334 1696 pae
358 1652 423 1685 Vlll
446 1653 538 1685 etiam
570 1652 821 1696 praedecessoris
847 1651 911 1691 sui,
936 1661 1015 1694 quae

277 1706 386 1749 incipit
408 1706 586 1746 Statutum„
611 1706 651 1739 ita
676 1711 709 1738 ut
734 1706 781 1737 vel
798 1704 947 1747 dignitate
965 1714 1015 1736 ec-

277 1760 450 1793 clesiastica
474 1759 617 1803 praediti,
642 1759 689 1791 vel
716 1763 918 1802 personatum
940 1757 1016 1790 obti-

278 1816 395 1855 nentes,
419 1813 468 1845 vel
493 1812 697 1846 ecclesiarum
722 1810 950 1844 cathedralium
970 1820 1016 1842 ca-

277 1866 380 1899 nonici
412 1866 564 1906 existant,
597 1866 650 1898 sed
687 1865 779 1899 ettam
811 1865 841 1898 in
875 1863 1016 1897 conciliis

277 1918 522 1961 provincialibus
547 1922 599 1952 aut
623 1918 834 1957 dioecesanis,
860 1917 941 1950 iuxta
967 1916 1016 1948 de-

277 1975 399 2004 crctum
429 1972 552 2004 concilii
582 1971 753 2015 praedicti,
782 1971 900 2003 iudices
925 1969 1015 2002 electi

277 2034 332 2058 seu
356 2024 509 2067 designati
534 2025 603 2057 sint.

322 2078 337 2121 ἓ
361 2077 390 2110 3.
415 2077 565 2122 Quodque
589 2078 736 2121 deinceps
752 2078 873 2110 litterae
893 2087 1017 2110 conser-

278 2131 430 2172 vatoriae,
455 2142 512 2175 per
537 2132 648 2164 Sedein
672 2131 882 2175 Apostolicam
909 2141 1016 2164 concc—

278 2184 407 2225 dendae,
424 2184 630 2228 infrascriptis
650 2189 770 2217 tantum
787 2183 972 2227 dirigantur,
986 2189 1016 2217 et

278 2238 302 2270 si
327 2248 406 2281 quae
432 2238 553 2271 litterae
573 2238 663 2270 aliter
688 2237 909 2281 expedientur,
934 2237 1014 2277 illae,

276 2302 312 2324 ac
335 2291 551 2335 deputationes
570 2291 760 2331 huiusmodi,
778 2290 944 2333 omniaque
963 2301 1015 2323 ex-

277 2345 348 2378 inde
379 2345 559 2389 sequenda.
584 2345 699 2378 nullius
731 2344 788 2377 sint
820 2344 943 2378 roboris
967 2344 1014 2377 rel

277 2399 438 2433 momenti.

321 2452 336 2496 ἓ
359 2452 388 2485 4.
413 2453 450 2486 Et
473 2452 676 2485 nihilominus
693 2452 757 2495 ‘qui
789 2461 896 2491 secus,
920 2461 1014 2495 quam

279 2503 362 2538 iuxta
380 2505 514 2539 formam
531 2505 675 2549 superius
690 2505 927 2549 praescriptam,
945 2515 1015 2537 con-

279 2563 453 2592 servatores
469 2559 648 2592 huiusmodi
666 2569 738 2591 cum
759 2558 872 2592 effectu
887 2558 1014 2600 eligere,

279 2611 469 2654 nominare,
483 2622 538 2645 seu
554 2612 715 2656 deputare,
740 2616 793 2644 aut
815 2611 933 2652 electis,
957 2621 1015 2644 no-

280 2664 424 2706 minatis,
453 2675 506 2699 seu
534 2666 689 2710 deputatis
713 2666 757 2700 uti
781 2665 848 2699 ausi
880 2665 1013 2705 suerint,

1693 265 1755 300 597
1804 278 1851 302 Λη,
1870 278 1896 301 ιτΔ
1922 278 1982 304 1621

1052 324 1212 366 regulares
1236 323 1361 367 quidem
1388 334 1461 356 voce
1487 323 1587 356 activa
1613 329 1643 355 et
1666 323 1788 366 passiva

1051 376 1111 408 sint
1134 376 1203 419 ipso
1228 376 1294 409 iure
1328 376 1462 420 privati,
1488 376 1565 409 adeo
1590 381 1624 409 ut
1648 376 1790 409 habilita-

1051 429 1166 462 tionem
1185 440 1202 461 a
1223 429 1357 469 nemine,
1374 435 1595 473 praeterquam
1614 440 1630 462 a
1647 430 1788 463 Romano

1051 481 1217 522 Pontifice,
1242 482 1390 525 consequi
1415 483 1552 522 valeant;
1579 482 1690 526 reliqui
1716 492 1789 515 vero

1050 534 1117 565 aliis
1140 534 1250 577 poenis
1273 534 1403 567 arbitrio
1420 534 1595 568 Sanctitatis
1611 545 1685 568 suae
1705 537 1790 568 coer-

1050 592 1188 627 ceantur,
1209 592 1238 619 ct
1253 587 1485 630 praedictorum
1503 588 1644 621 omnium
1659 598 1790 621 conven-

1051 644 1108 679 tus,
1134 640 1343 680 monasteria,
1368 651 1404 673 ac
1429 641 1496 674 loca
1517 641 1711 681 huiusmodi,
1736 651 1788 674 co-

1050 703 1183 736 rumque
1207 704 1359 736 personae
1383 704 1418 726 ac
1442 694 1545 734 bona,
1568 701 1692 727 careant
1717 704 1790 728 eon-

1050 752 1210 779 servatore
1227 746 1264 778 ad
1282 757 1409 787 annum,
1425 747 1466 780 ita
1483 753 1515 779 ut
1533 747 1658 780 illorum
1677 757 1789 780 causac

1051 799 1168 832 interca
1193 811 1299 833 coram
1331 801 1474 833 locorum
1500 801 1673 834 Ordinariis
1697 801 1789 834 dum-

1050 857 1133 884 taxat
1158 853 1305 895 cognosci
1331 863 1366 885 ac
1390 853 1516 886 diffiniri
1543 854 1684 887 debeant.

1094 908 1109 948 g*
1133 905 1161 938 5.
1187 907 1342 944 Ceterum,
1361 912 1392 939 ut
1413 907 1504 940 latius
1529 912 1631 951 pateat
1656 918 1785 941 censer·
1830 920 1934 941 Personas
1952 921 1988 942 011-

1050 964 1193 991 vatorum
1208 960 1388 992 huiusmodi
1399 960 1637 1001 deligendorum
1649 961 1788 1001 incultas,
1804 947 1923 994 ἕζὶιῖἷιιῖῗοι-’ἒς
1933 952 1989 1000 1532*-

1050 1012 1202 1045 Sanctitas
1226 1023 1280 1044 sna
1305 1012 1482 1046 admonitos
1506 1014 1601 1046 voluit
1619 1024 1728 1047 omnes
1747 1015 1790 1047 lo·
1804 1001 1863 1048 1⁰2ssssss
1872 1006 1990 1048 ‘iiii'viirciiss

1050 1075 1160 1097 corum
1186 1065 1378 1105 Ordinarios,
1404 1072 1437 1099 ut
1462 1067 1492 1099 in
1517 1067 1642 1110 synodis
1666 1068 1789 1111 provin·
1803 1056 1989 1110 ΞᾈΓᾶῗεῗξιῗὲῗῑᾛῖ

1050 1118 1180 1150 cialibus
1205 1123 1257 1150 ant
1279 1118 1472 1151 dioecesanis
1497 1121 1700 1163 quamplures
1722 1131 1790 1164 per·
1804 1110 1878 1129 ΜΨ

1051 1172 1397 1211 s011as,extiab‹;·1uit›us
1408 1173 1572 1216 qualitates
1586 1174 1616 1205 in
1630 1174 1788 1217 praedicta

1051 1225 1271 1258 constitutione
1305 1226 1446 1258 eiusdem
1478 1226 1626 1259 Bonisacii
1659 1227 1789 1270 praede-

1050 1278 1184 1310 cessoris
1205 1284 1368 1311 contentas
1388 1284 1418 1311 et
1435 1279 1572 1323 alioquin
1590 1280 1627 1312 ad
1645 1280 1675 1312 id
1692 1285 1789 1323 aptas.

1049 1331 1207 1373 designari
1224 1337 1405 1374 procurent,
1421 1337 1448 1364 et
1468 1332 1492 1364 si
1510 1333 1645 1375 aliquem
1664 1333 1788 1365 interim

1050 1394 1086 1416 ex
1111 1384 1279 1427 designatis
1306 1385 1386 1417 mori
1413 1385 1597 1427 contigerit,
1623 1386 1791 1419 substituat

1050 1437 1233 1470 Ordinarius
1247 1438 1305 1470 loci
1321 1450 1392 1470 cum
1408 1439 1538 1471 consilio
1552 1439 1680 1482 capituli
1695 1439 1788 1472 alium

1049 1490 1080 1522 in
1105 1490 1171 1523 eius
1192 1491 1296 1524 locum
1318 1502 1415 1535 nsque
1440 1492 1478 1524 ad
1503 1493 1640 1526 suturam
1666 1493 1791 1536 provin-

1049 1544 1159 1577 cialem
1184 1551 1235 1577 aut
1258 1544 1475 1577 dioecesanam
1494 1546 1656 1589 synodum.

1094 1600 1108 1638 ,ξ
1133 1598 1161 1631 6.
1187 1598 1319 1641 Insuper
1343 1599 1496 1632 Sanctitas
1513 1610 1578 1639 sua,
1597 1599 1789 1633 inhaerendo
1827 1638 1830 1642 .

1050 1651 1107 1683 hac
1125 1650 1155 1682 in
1172 1656 1260 1694 parte
1285 1651 1411 1684 decreto
1432 1651 1542 1684 similis
1561 1652 1789 1685 recordationis
1805 1637 1990 1693 fllhfftifflfflssssssssil

1049 1703 1193 1746 Gregorii
1209 1704 1308 1747 Papae
1326 1704 1391 1736 Xlll
1403 1731 1410 1743 ,
1429 1704 1522 1736 etiam
1536 1704 1789 1747 praedecessoris¹
1806 1693 1861 1711 ’ΜΒ
1876 1690 1980 1716 ''mmm‘'

1050 1757 1106 1797 sui,
1132 1757 1238 1789 statuit
1262 1762 1291 1789 et
1316 1757 1480 1798 ordinavit,
1509 1763 1543 1790 ut
1567 1758 1729 1800 regulares
1754 1769 1788 1790 ar

1049 1820 1200 1853 personae
1226 1810 1416 1850 huiusmodi,
1441 1811 1471 1843 in
1498 1811 1583 1844 ltalia
1603 1811 1683 1843 infra
1700 1811 1789 1848 duos,

1049 1868 1136 1896 extra
1160 1863 1279 1896 Italiam
1305 1874 1379 1896 vero
1397 1863 1476 1896 infra
1494 1874 1545 1896 sex
1564 1874 1687 1897 menses
1704 1874 1720 1896 a
1741 1864 1789 1897 die

1049 1917 1269 1960 publicationis
1294 1917 1326 1949 in
1350 1917 1433 1949 Urbe
1451 1918 1625 1960 praesentis
1641 1917 1789 1951 constitu-

1050 1970 1142 2003 tionis
1157 1971 1360 2011 inelioandos,
1379 1971 1511 2003 debeant
1527 1971 1586 2004 sibi
1601 1971 1718 2014 eligere
1735 1982 1789 2004 seu

1049 2034 1210 2057 assumere
1224 2029 1470 2060 conservatores,
1489 2024 1573 2057 iuxta
1591 2025 1723 2058 sormam
1742 2035 1790 2057 su-

1049 2078 1154 2122 perius
1179 2078 1382 2121 propositam.

1093 2132 1107 2174 ξ
1134 2132 1161 2164 7.
1187 2131 1323 2174 Eiusque
1348 2131 1510 2164 electionis
1527 2142 1581 2164 scu
1602 2131 1790 2175 assumptio·
1827 2140 1988 2166 eiectionesque

1048 2184 1095 2216 nis
1120 2184 1343 2217 documentum
1362 2183 1442 2216 infra
1458 2189 1582 2227 tempus
1606 2184 1786 2217 huiusmodi
1804 2167 1876 2214 {3323
1893 2168 1988 2213 ‘Srdffssss'ff

1047 2247 1142 2280 penes
1167 2242 1234 2270 acta
1259 2237 1364 2270 curiae
1385 2236 1622 2269 Ordinariorum
1640 2237 1788 2270 exhibere
1804 2219 1986 2267 afflatam-ber·

1048 2296 1078 2323 et
1102 2290 1258 2324 dimittere
1283 2295 1458 2330 teneantur,
1482 2290 1639 2333 alioquin,
1663 2301 1700 2323 eo
1726 2294 1787 2324 ter-

1049 2343 1133 2377 mino
1158 2344 1278 2387 elapso,
1303 2343 1454 2387 quamdiu
1478 2348 1714 2376 conservatores
1738 2354 1786 2376 se-

1049 2396 1185 2428 cundum
1210 2398 1343 2430 sormam
1364 2396 1538 2440 praesentis
1555 2396 1786 2429 constitutionis

1047 2459 1110 2482 non
1134 2449 1307 2491 elegerint,
1333 2460 1439 2482 eoram
1464 2448 1580 2481 eisdem
1613 2448 1786 2482 Ordinariis

1048 2503 1282 2536 conveniantur.

1092 2556 1106 2599 ἓ
1130 2555 1159 2588 8.
1184 2556 1335 2600 Quodque
1351 2563 1587 2591 conservatores
1604 2557 1785 2590 huiusmodi
1801 2564 1927 2611 cffssnss‘gu
1940 2564 1986 2611 33²:

1048 2610 1144 2642 semel
1168 2610 1307 2653 legitime
1331 2610 1480 2654 deputati,
1503 2612 1563 2645 nisi
1582 2622 1619 2645 ex
1645 2611 1785 2654 legitima
1801 2618 1915 2646 <insontum
1925 2596 1986 2638 qun?-

1047 2665 1151 2699 causa,
1169 2674 1186 2696 a
1203 2663 1280 2697 Sede
1306 2665 1482 2708 Apostolica
1503 2671 1553 2698 aut
1574 2666 1717 2700 locorum
1734 2664 1786 2698 Or·
1802 2646 1842 2673 [ψ
1857 2644 1963 2670 ”mma

1857 1611 1948 1636 Tempus
1961 1610 1989 1631 ad
