2293 3231
82 283 138 313 An.
150 283 178 313 C.
196 285 264 313 1622

31 1248 40 1261 ·.
69 1239 178 1261 Clausulas
192 1245 254 1267 prac-

68 1267 186 1288 servativas
217 1273 253 1294 ap-

35 1324 37 1326 ,
68 1293 134 1320 ponit.

877 289 1053 316 omzconms
1077 291 1120 316 XV
1142 292 1190 317 PP.

278 332 358 366 duos
382 333 582 368 canonicatus
607 340 636 368 et
656 335 849 380 praebendas
868 348 925 380 pro
945 345 1018 370 uui-

278 395 358 429 pore
378 386 601 427 obtinentibus
626 392 656 422 et
672 398 782 421 corum
804 390 942 430 cuilibet,
961 401 1018 434 per

278 447 311 470 se
336 437 437 481 ipsos,
462 449 516 471 seu
542 450 651 473 eorum
678 440 821 484 alterum,
848 452 957 475 corum
982 454 1017 476 ae

277 489 434 523 dictorum
459 491 699 526 canonicatuum
715 499 744 526 et
765 495 1016 537 praebendarum

277 543 399 575 noviter
412 549 591 577 erectorum
605 545 794 587 nominihus,
809 549 1015 591 corporalem,

277 595 396 628 realem
413 601 444 628 et
460 597 613 629 actualem
638 597 764 631 illorum
785 600 927 632 omnium
944 612 1015 644 pos-

276 648 459 690 sessionem,
476 649 611 682 cuiusvis
628 650 754 684 licentia
771 652 864 684 etiam
881 653 1016 697 desuper

276 700 405 734 minime
429 702 598 746 requisita,
622 705 752 748 propria
777 707 960 739 auctoritate
984 707 1016 739 li-

276 751 352 785 bere
377 754 626 796 apprehendere,
644 761 673 788 et
692 758 923 800 apprehensam
947 769 1015 802 per-

274 810 370 848 petuo
394 806 529 839 retinere
538 818 545 847 ;
570 808 689 841 fructus
716 820 851 854 quoque,
875 811 1014 845 redditus

276 860 306 890 et
321 863 508 901 proventus,
525 860 604 901 iura,
621 861 834 904 obventiones,
851 868 881 896 et
897 865 1015 898 emolu—

273 915 379 943 menta
403 921 630 956 quaecumque,
651 914 761 948 exinde
778 917 1013 958 quomodolibet

271 962 504 1005 provenientia,
527 965 708 1009 percipere,
732 968 873 1011 exigere,
898 969 1011 1011 levare,

272 1025 473 1058 recuperare,
490 1017 605 1059 locare,
619 1018 783 1060 dislocare,
797 1021 965 1054 arrendare
981 1027 1012 1055 et

271 1067 515 1112 administrare),
531 1069 648 1103 eisdem
664 1072 848 1106 auctoritate
861 1078 891 1107 et
904 1078 1011 1108 tenore

271 1120 389 1164 pariter
413 1125 443 1155 et
465 1128 618 1165 perpetuo
642 1134 678 1157 ex
702 1134 785 1158 nune
816 1127 1010 1170 applicamus

270 1181 301 1208 et
324 1177 575 1220 appropriamus.

312 1232 328 1275 ἓ
352 1230 403 1266 12.
434 1231 642 1265 Decernentcs
674 1239 855 1276 praesentes
890 1235 1009 1269 litteras

269 1286 375 1331 (etiam
385 1297 422 1319 ex
434 1297 471 1320 eo
481 1287 566 1330 quod
578 1287 769 1331 quicumque
782 1287 814 1320 in
826 1289 1009 1331 praemissis

268 1340 419 1373 interesse
435 1340 596 1381 habentes,
609 1345 662 1373 aut
677 1340 794 1373 habere
806 1342 1009 1385 praetenden-

268 1398 324 1435 tes,
349 1393 410 1426 illis
434 1403 497 1426 non
521 1393 750 1434 consenserint,
774 1394 813 1426 ad
836 1405 933 1438 eaque
958 1406 1008 1428 vo-

268 1447 338 1487 cati,
355 1451 386 1479 et
406 1456 527 1487 causae,
545 1451 675 1490 propter
694 1457 772 1490 quas
788 1447 840 1479 illa
856 1448 941 1487 siant,
959 1449 1006 1481 vel

267 1500 347 1533 sacta
363 1500 433 1541 sint,
451 1510 557 1533 coram
577 1499 738 1543 praedicto
762 1500 879 1533 vicario
904 1501 1006 1542 Urbis,

267 1553 315 1586 vel
331 1552 406 1585 alias
427 1552 630 1595 examinatae,
655 1553 834 1586 verificatae
851 1558 880 1586 et
900 1554 1007 1586 iustifi-

266 1612 353 1640 eatae
369 1616 433 1640 non
449 1606 575 1646 suerint,
593 1616 649 1638 seu
666 1606 740 1638 alias
757 1617 793 1639 ex
807 1617 1005 1650 quocumque

265 1659 327 1693 alio
344 1659 444 1703 capite
460 1659 508 1692 vel
526 1661 619 1691 causa
638 1659 839 1702 quantumvis
867 1659 1004 1702 legitima

265 1713 313 1745 vel
331 1712 476 1756 iuridica)
490 1712 528 1745 dc
545 1712 767 1756 subreptionis,
783 1713 831 1745 vel
849 1712 1006 1756 obreptio-

264 1765 322 1808 nis,
341 1776 396 1798 seu
411 1765 563 1799 nullitatis
580 1765 667 1805 vitio,
688 1770 741 1797 aut
758 1765 936 1798 intentionis
952 1777 1005 1799 no-

264 1823 358 1860 strae,
375 1819 423 1852 vel
440 1818 589 1862 quopiam
605 1818 666 1851 alio
683 1818 807 1852 defectu
820 1820 932 1860 notari,
950 1821 1004 1853 im-

262 1872 409 1914 pugnari,
433 1872 608 1911 retractari,
633 1872 797 1913 annullari,
825 1873 872 1904 vel
898 1873 1004 1906 invali-

263 1925 341 1966 dari,
357 1935 414 1958 scu
438 1925 469 1957 in
490 1924 538 1957 ius
555 1925 603 1957 vel
620 1926 866 1958 controversiam
888 1928 1002 1968 vovari,

263 1982 316 2010 aut
332 1977 370 2010 ad
386 1977 468 2009 viam
489 1982 519 2009 et
543 1978 693 2011 terminos
714 1978 791 2010 iuris
816 1979 933 2018 reduci,
948 1991 1002 2013 seu

262 2029 412 2062 adversus
435 2030 504 2062 illas
527 2030 747 2074 quodcumque
776 2031 863 2072 iuris,
884 2033 1002 2074 gratiae

263 2083 310 2116 vel
325 2083 396 2116 sacti
417 2084 591 2116 remedium
615 2085 776 2127 impetrari
804 2090 857 2117 aut
873 2086 999 2118 concedi

262 2136 439 2168 nullatenus
462 2146 565 2180 posse,
579 2137 633 2169 sed
656 2137 724 2169 illas
748 2148 872 2180 semper
888 2143 918 2170 et
934 2150 1002 2181 pcr-

261 2194 356 2232 petuo
371 2189 487 2221 validas
499 2194 528 2222 et
543 2190 683 2222 efficaces
700 2201 766 2223 esse
784 2196 813 2223 et
826 2192 902 2230 fore,
918 2202 1002 2224 suos-

262 2253 322 2285 que
346 2242 503 2285 plenarios
524 2247 553 2275 et
577 2242 715 2286 integros
740 2244 869 2276 effectus
894 2245 999 2278 sortiri

262 2300 292 2327 et
309 2295 461 2334 obtinere,
482 2305 583 2338 neque
599 2296 657 2328 sub
674 2296 834 2339 quibusvis
851 2297 998 2330 similium

260 2349 309 2380 vel
325 2348 523 2381 dissimilium
548 2349 720 2391 gratiarum
738 2351 999 2391 revocationibus,

260 2401 528 2445 suspensionibus
553 2402 800 2443 limitationibus,
825 2403 1000 2446 derogatio-

259 2453 352 2486 nibus
380 2459 432 2486 aut
449 2454 517 2486 aliis
541 2454 707 2488 contrariis
732 2455 998 2498 dispositionibus,

260 2507 353 2539 etiam
376 2518 432 2550 per
449 2517 516 2547 nos,
533 2513 562 2540 et
578 2518 776 2541 successores
799 2514 924 2542 nostros
953 2512 999 2543 lo-

259 2570 369 2593 manos
395 2561 559 2594 Pontifices
576 2572 634 2604 pro
660 2567 802 2606 tempore
822 2563 997 2605 existentes,

258 2613 433 2657 Sedemque
449 2614 652 2657 praedictam,
670 2616 727 2648 suh
745 2616 997 2661 quibuscumque

258 2666 426 2699 verborum
437 2668 688 2710 expressionibus
701 2673 731 2701 et
744 2669 863 2711 formis,
876 2681 911 2703 ac
925 2682 995 2703 cum

361 2727 438 2756 Bau.
458 2729 539 2756 Rom.
554 2744 589 2750 --
607 2730 666 2757 Vol.
687 2730 753 2758 ΧΙΙ.
914 2732 949 2760 94

1697 286 1762 321 745

1052 339 1213 382 quibusvis
1234 340 1381 374 clausulis
1398 347 1427 374 et
1445 341 1578 375 decretis
1593 351 1653 386 pro
1673 348 1791 386 tempo-

1051 402 1085 423 rc
1110 392 1346 434 quomodolibet
1372 394 1469 434 sactis,
1494 395 1716 438 comprehendi
1742 396 1789 428 vel

1051 445 1216 485 confundi,
1243 445 1296 478 sed
1320 446 1358 478 ab
1382 446 1444 479 illis
1468 457 1593 491 semper
1617 448 1733 492 excipi,
1759 454 1790 482 et.

1051 496 1173 540 quoties
1198 497 1269 530 illae
1293 492 1493 541 emanabunt,
1519 500 1609 533 toties
1633 500 1664 532 in
1687 500 1790 544 pristi-

1049 558 1124 580 num
1141 553 1171 583 et
1190 550 1415 583 validissimum
1430 556 1543 584 statum
1558 552 1726 592 restitutas,
1743 563 1789 586 rc-

1049 601 1166 643 positas
1183 607 1213 634 et
1224 603 1364 646 plenarie
1378 603 1593 647 reintegratas‚
1607 615 1643 637 ac
1655 605 1693 638 de
1706 616 1787 640 novo

1049 659 1080 686 et
1096 654 1153 686 sub
1167 665 1365 698 quacumque
1382 657 1550 699 posteriori
1567 657 1638 691 data
1661 668 1717 701 per
1741 668 1787 691 re-

1049 711 1151 739 ctores
1170 712 1200 739 et
1217 708 1391 740 confratres
1407 708 1507 741 dictae
1524 710 1786 744 confraternitatis

1048 768 1105 801 pro
1119 763 1261 802 tempore
1275 759 1440 793 existentes
1453 761 1714 805 quandocumque
1730 762 1785 795 eli-

1048 812 1158 853 genda,
1184 823 1347 846 concessas
1373 823 1439 846 esse
1464 819 1494 847 et
1518 814 1602 855 sore;

1091 865 1106 907 ξ
1130 865 1182 897 113.
1207 866 1320 909 Sicque
1346 877 1404 910 per
1427 877 1644 911 quoscumque
1666 868 1784 902 iudices

1046 916 1233 958 ordinarios,
1247 918 1480 952 commissarios
1493 925 1523 952 et
1532 920 1700 963 delegatos,
1712 931 1785 964 qua-

1046 968 1091 1001 vis
1107 970 1292 1002 auctoritate
1311 971 1485 1014 fungenteS,
1503 972 1596 1004 etiarn
1617 983 1783 1006 causarum

1044 1021 1150 1064 palatii
1181 1023 1344 1066 apostolici
1375 1023 1554 1065 auditores,
1579 1035 1615 1058 ac
1642 1025 1782 1058 eiusdem

1045 1079 1168 1107 sanctae
1205 1075 1362 1108 Romanae
1400 1077 1556 1110 Ecclesiae
1587 1077 1782 1119 cardinales,

1044 1126 1137 1158 etiam
1154 1127 1192 1160 de
1209 1128 1305 1161 latere
1329 1129 1448 1171 legatos
1472 1135 1501 1162 et
1524 1130 1722 1173 vicelegatos,
1740 1131 1783 1163 di-

1044 1182 1173 1222 ctaeque
1198 1180 1285 1213 Sedis
1304 1182 1445 1222 nuncios,
1468 1183 1599 1215 iudicari
1612 1188 1642 1215 et
1658 1183 1781 1216 definiri

1043 1233 1175 1273 debere,
1206 1234 1330 1267 irritum
1364 1247 1489 1279 quoque
1514 1243 1543 1270 et
1570 1238 1660 1270 inane
1691 1240 1781 1281 quid-

1042 1287 1116 1331 quid
1141 1299 1231 1322 secus
1255 1301 1349 1334 super
1372 1292 1421 1324 his
1445 1303 1462 1325 a
1486 1304 1656 1337 quoquam,
1672 1295 1781 1338 quavis

1041 1343 1242 1383 auctoritate,
1268 1344 1403 1377 scienter
1426 1346 1474 1378 vel
1497 1346 1690 1389 ignoranter,
1707 1358 1781 1382 con-

1041 1395 1147 1438 tigerit
1170 1397 1323 1431 attentari.

1085 1449 1100 1491 ἓ
1124 1449 1175 1482 14.
1200 1450 1352 1488 Quocirca
1375 1453 1607 1487 venerabilibus
1631 1454 1781 1488 fratribus

1038 1501 1153 1534 nostris
1183 1502 1316 1535 Ostiensi
1349 1508 1379 1536 et
1412 1505 1575 1539 Portuensi
1601 1507 1779 1551 episcopis,

1038 1563 1074 1586 ac
1090 1553 1204 1587 dilecto
1225 1555 1290 1588 filio
1315 1566 1481 1590 causarum
1506 1559 1612 1592 curiae
1636 1570 1779 1594 camerae

1038 1607 1229 1649 apostolicae
1249 1610 1387 1651 generali
1413 1611 1559 1651 auditori,
1579 1623 1636 1655 per
1652 1619 1778 1656 aposto-

1038 1658 1097 1690 lica
1113 1660 1230 1703 scripta
1248 1661 1447 1704 mandamus,
1473 1669 1626 1708 quatenus
1642 1665 1712 1708 ipsi,
1729 1667 1777 1699 vel

1038 1711 1110 1751 duo,
1131 1718 1184 1745 aut
1200 1723 1281 1745 unus
1299 1724 1427 1755 eorum,
1452 1727 1510 1759 per
1529 1727 1572 1757 se,
1596 1718 1643 1750 vel
1668 1718 1775 1759 alium,

1038 1774 1093 1797 seu
1109 1765 1196 1806 alios,
1214 1767 1338 1799 easdem
1358 1774 1539 1811 praesentes
1555 1769 1685 1811 litteras,
1702 1777 1729 1804 et
1745 1772 1774 1804 in

1037 1818 1082 1849 eis
1098 1823 1244 1851 contenta
1264 1830 1495 1865 quaecumque,
1519 1823 1573 1855 ubi
1598 1829 1628 1855 et
1651 1825 1776 1867 quando

1037 1881 1115 1914 opus
1132 1872 1239 1912 fuerit,
1256 1883 1292 1905 ac
1309 1874 1430 1916 quoties
1454 1886 1512 1919 pro
1531 1880 1617 1919 parte
1638 1888 1722 1911 nunc
1747 1882 1776 1912 et

1035 1934 1094 1966 pro
1106 1929 1194 1967 parte
1211 1925 1407 1959 existentium
1425 1933 1585 1961 rectorum
1603 1934 1634 1962 et
1658 1931 1777 1963 confra-

1036 1982 1119 2009 trum
1148 1978 1248 2012 dictae
1278 1981 1540 2014 confraternitatis
1564 1993 1619 2015 seu
1643 1983 1775 2018 alicuius

1035 2041 1146 2063 eorum
1165 2032 1283 2065 fuerint
1298 2034 1450 2077 requisiti,
1476 2036 1658 2069 solemniter
1674 2037 1776 2081 publi-

1035 2089 1149 2124 cantes,
1174 2085 1281 2128 cisque
1304 2086 1336 2118 in
1360 2088 1544 2130 praemissis
1569 2089 1704 2123 efficacis
1724 2090 1776 2123 de-

1034 2137 1183 2170 fensionis
1207 2139 1364 2181 praesidio
1381 2139 1571 2181 assistentes,
1593 2142 1707 2175 faciant
1723 2153 1774 2175 au-

1034 2189 1177 2222 ctoritate
1189 2193 1297 2223 nostra
1310 2192 1434 2224 easdem
1452 2199 1632 2236 praesentes
1655 2194 1773 2228 litteras

1033 2246 1063 2275 et
1087 2242 1118 2274 in
1142 2242 1187 2275 eis
1206 2249 1352 2276 contenta
1368 2245 1549 2279 huiusmodi
1563 2246 1601 2278 ab
1615 2247 1770 2288 omnibus,

1033 2294 1071 2326 ad
1088 2306 1167 2338 quos
1186 2306 1268 2328 nunc
1289 2301 1408 2340 spectat
1424 2304 1454 2330 et
1470 2299 1622 2341 spectabit
1638 2310 1772 2342 quomo-

1032 2348 1149 2381 dolibet
1162 2349 1194 2381 in
1207 2350 1358 2391 futurum,
1369 2351 1587 2384 inviolabiliter
1600 2353 1770 2394 observari;

1032 2402 1178 2446 ipsosque
1202 2409 1342 2436 rectores
1377 2409 1408 2437 et
1437 2405 1611 2438 confratres
1638 2407 1770 2440 ecclesia

1032 2455 1060 2487 S.
1086 2456 1214 2497 Nicolai,
1235 2468 1271 2489 ac
1291 2457 1373 2490 illius
1393 2459 1528 2491 cameris
1552 2460 1769 2502 rectoralibus,

1031 2519 1152 2541 necnon
1169 2510 1316 2543 omnibus
1332 2516 1362 2543 et
1379 2511 1510 2554 singulis
1527 2513 1716 2555 paramentis
1740 2519 1771 2547 et

1029 2563 1232 2603 ornamentis,
1257 2563 1416 2604 calicibus,
1440 2565 1600 2605 crucibus,
1626 2566 1770 2599 candela-

1027 2615 1103 2658 bris,
1127 2616 1298 2660 campanis,
1323 2616 1421 2658 libris,
1442 2617 1532 2658 vasis,
1557 2618 1768 2662 universaque

1027 2669 1087 2701 alia
1111 2669 1296 2712 supellectili
1320 2674 1384 2702 tam
1408 2671 1497 2703 sacra
1517 2681 1611 2715 quam
1634 2672 1764 2715 profana

1808 295 1859 324 An.
1874 295 1902 324 G.
1920 295 1988 325 1022

1850 883 1914 904 Aliter
1929 884 1983 905 tudi-

1799 910 1861 931 caudi
1897 911 1983 931 saeutta-

1799 939 1840 958 tem
1855 937 1915 958 tollit.

1835 1463 1877 1484 Exe
1894 1466 1978 1484 uutore-

1794 1490 1856 1510 huius
1891 1491 1979 1512 onstitus

1795 1517 1857 1538 tionis
1871 1517 1966 1548 deputat.
