2293 3231
581 741 827 824 INDEX
887 740 1421 825 RUBRICARUM

500 1591 653 1625 PAULUS
677 1591 712 1625 V.

235 1699 381 1734 CLXXV.
417 1698 581 1732 Inhibetur
605 1698 730 1731 Iesuitis
768 1701 797 1731 et
829 1696 976 1730 fratribus

323 1752 454 1788 Ordinis
478 1752 679 1786 Minimorum
702 1751 886 1784 Bisuntinae
903 1752 976 1784 civi-

322 1809 416 1849 tatiS,
441 1816 481 1840 ne
504 1806 670 1840 facultates
701 1807 731 1839 in
765 1805 976 1839 Universitate

323 1861 420 1895 studii
448 1861 605 1903 generalis
629 1859 738 1903 oppidi
768 1858 865 1892 Dolae
898 1860 977 1892 eius-

324 1914 396 1948 dem
421 1914 605 1947 Elsuntinac
631 1912 786 1946 dioecesis
821 1912 884 1954 legi
908 1912 977 1944 soli-

323 1970 448 2010 tas„in
474 1968 558 2001 dicta
583 1968 711 2001 civitate
736 1966 889 2007 doceant,
915 1966 975 1998 nisi

324 2032 381 2066 pro
401 2023 466 2055 suis
480 2022 660 2065 respective
675 2020 841 2063 religiosis,
852 2030 928 2063 paq.
945 2019 975 2052 1.

235 2074 396 2110 CLXXVI.
421 2075 627 2116 Declaratur,
658 2074 770 2107 fratres
797 2072 977 2114 Congrega-

324 2129 419 2163 tionis
442 2128 569 2162 Ioannis
592 2127 662 2169 Dei,
687 2127 718 2159 in
743 2127 851 2170 regnis
868 2125 978 2169 Hispa-

324 2184 466 2225 niarum,
497 2183 558 2216 tria
589 2184 661 2215 vota
693 2178 921 2221 substantalia‚
946 2182 978 2212 et

324 2240 472 2282 quartum
495 2235 658 2270 serviendi
688 2235 821 2268 infirmis
849 2235 881 2267 in
912 2233 977 2267 suis

323 2290 533 2335 hospitalibus
549 2291 702 2330 emittere,
728 2291 758 2322 et
781 2287 840 2321 sub
865 2286 977 2331 regula

323 2345 426 2377 sancti
456 2343 644 2386 Augustini,
669 2341 976 2384 Ordinariorumque

323 2398 520 2431 correctione
568 2400 600 2431 et
641 2393 825 2430 ohedientia
857 2393 976 2436 degere

324 2449 456 2494 dehere,
480 2458 638 2495 verosque
663 2451 832 2493 propterea
855 2446 979 2489 religio-

324 2514 375 2538 sos
396 2507 427 2538 et
442 2503 605 2547 regulares
629 2511 700 2536 esse
724 2500 902 2535 censendos
918 2527 926 2543 ,
947 2500 976 2534 3.

237 2555 412 2591 CLXXVII.
436 2557 564 2592 Mandat
580 2555 718 2600 capitulo
743 2554 898 2589 ecclesiae
923 2553 978 2587 Pa-

326 2610 563 2655 derhornensis,
581 2614 615 2645 ut
631 2609 671 2643 ad
694 2608 882 2643 electionem
907 2616 979 2641 coa-

326 2661 459 2701 diutoris
475 2674 549 2700 cum
564 2663 668 2699 futura
687 2662 889 2698 successione
910 2671 978 2706 pro-

1116 1591 1207 1626 cedat
1221 1593 1252 1625 in
1268 1593 1423 1634 regimine
1443 1597 1474 1627 ct
1496 1593 1768 1628 administratione

1117 1644 1220 1678 dictae
1247 1645 1413 1687 ecclesiae,
1431 1647 1461 1679 6.

1027 1696 1218 1730 CLXXVIII.
1246 1698 1402 1742 Episcopo
1434 1698 1704 1733 Paderbornensi:
1739 1702 1768 1733 in

1115 1750 1200 1784 idem
1225 1756 1464 1794 argumentum,
1484 1753 1514 1785 ’7.

1028 1803 1190 1838 CLXXIX.
1216 1804 1395 1848 Capitulum
1427 1805 1581 1839 ecclcsiae
1615 1806 1770 1841 Monaste-

1115 1859 1229 1891 riensis
1267 1858 1431 1900 hortatur,
1463 1863 1496 1893 ut
1528 1859 1769 1904 archiepiscopo

1115 1912 1331 1945 coadiutorem
1357 1914 1471 1956 eligat,
1498 1914 1527 1946 9.

1028 1964 1175 1998 CLXXX.
1211 1965 1377 1999 Provincia
1414 1966 1452 1999 dc
1485 1966 1704 2001 Pcrnambuco
1738 1969 1767 2001 in

1115 2018 1214 2051 Indiis
1238 2018 1498 2053 Occidentalibus
1515 2019 1708 2062 disiungitur
1729 2020 1768 2054 ab

1116 2069 1253 2105 ecclesia
1276 2074 1377 2106 sancti
1401 2073 1581 2115 Salvatoris,
1608 2078 1638 2108 ct
1663 2075 1693 2107 in
1716 2076 1769 2108 vi—

1116 2127 1235 2160 cariam
1259 2129 1448 2170 perpetuam
1474 2128 1624 2170 erigitur,
1649 2127 1725 2160 ibid.

1029 2179 1191 2213 CLXXXI.
1215 2179 1379 2222 Declarat,
1412 2182 1560 2215 collectas
1593 2181 1768 2225 exigendas

1117 2241 1209 2275 esse,
1245 2232 1300 2267 ubi
1335 2235 1395 2267 sita
1430 2238 1503 2268 sunt
1539 2234 1767 2277 possidentium

1116 2285 1216 2328 bona,
1234 2296 1297 2320 non
1314 2290 1418 2321 autem
1445 2288 1476 2320 in
1501 2288 1568 2321 loco
1586 2296 1696 2321 eorum
1720 2287 1770 2320 do-

1116 2340 1243 2381 micilii,
1270 2339 1320 2373 14.

1029 2391 1204 2426 CLXXXII.
1229 2392 1384 2426 Institutio
1417 2392 1677 2437 Congu-egationis
1712 2403 1769 2438 pro

1118 2444 1262 2479 ubertate
1297 2454 1442 2479 annonae
1477 2449 1508 2480 et
1538 2448 1702 2490 grasciae‚
1737 2447 1768 2480 in

1117 2498 1208 2532 Sedis
1226 2499 1426 2542 Apostolicae
1451 2500 1617 2543 temporali
1641 2499 1771 2541 ditione,

1118 2555 1149 2586 et
1171 2553 1202 2586 in
1222 2550 1306 2585 Urbe
1332 2553 1531 2596 potissimum
1555 2553 1705 2595 curanda,
1730 2555 1772 2586 ul-

1119 2609 1164 2640 tra
1193 2605 1482 2650 Congregauonem
1514 2607 1723 2641 cardinalium
1754 2616 1771 2641 a
1813 2620 1817 2622 ’

1117 2661 1204 2696 Sixto
1230 2659 1253 2693 V
1279 2664 1433 2702 erectam3
1465 2664 1496 2695 ct
1520 2662 1682 2696 concessio
1706 2662 1770 2705 pri-
