2293 3231
76 286 126 313 An.
137 284 166 312 C.
187 282 255 311 1622

882 283 1058 307 GREGORIUS
1081 284 1122 307 XV
1146 284 1194 307 ΡΡ.

1687 274 1750 307 755

1796 284 1846 311 An.
1861 284 1889 312 C.
1911 285 1978 312 1622

276 330 424 371 facerent,
441 335 472 363 et
487 341 567 364 nova
583 331 798 365 controversia
814 341 908 375 super
922 331 969 364 his
986 342 1016 364 o—
1050 331 1169 364 vantiae
1185 342 1220 363 ac
1237 341 1411 375 propensae
1429 331 1595 364 voluntatis
1611 331 1782 375 specimina
1797 348 1896 373 mpsim„
1938 350 1980 370 exi.

275 382 573 426 riri)declaraverit
589 389 619 416 et
634 384 750 428 pariter
766 384 907 417 statuerit
921 389 950 416 et
963 395 1015 417 or-
1048 394 1174 427 semper
1197 384 1339 424 ediderit,
1364 384 1510 427 quodque
1535 384 1574 416 ab
1595 387 1629 417 ea
1654 385 1782 417 maximi

275 434 445 476 dinaverit,
467 435 551 479 quod
568 435 688 469 ratione
713 435 851 469 decimae
869 436 1013 480 praedio·
1048 442 1078 470 et
1102 437 1255 470 uberrimi
1280 438 1310 470 in
1331 438 1500 471 Ecclesiam
1517 438 1707 471 Catholicam
1725 438 1784 482 spi—

276 499 358 529 rum,
375 500 455 533 quae
471 490 638 533 emptionis
654 490 743 523 titulo
760 490 950 533 aquirerent,
963 496 1015 522 aut

275 553 355 586 quae
370 543 533 576 locationis
545 543 584 575 ab
592 543 660 577 aliis
668 544 880 577 conducerent
893 549 924 576 et
937 545 1015 577 cole-

275 601 355 637 rent,
371 602 424 629 aut
439 597 499 630 coli
516 597 663 637 facerent,
675 607 737 630 non
753 597 949 640 vigesimam,
960 597 1013 630 sed

275 653 372 684 totam
391 649 546 693 integram
560 650 713 683 decimam
733 651 771 684 iis
788 651 936 691 eeclesiis,
950 651 1015 695 qui-

275 701 334 735 bus
357 702 451 736 etiam
475 703 572 747 priuS,
598 709 765 748 antequam
790 704 849 747 ipsi
875 704 1014 746 religiosi

275 755 327 788 illa
352 759 502 797 tenerent,
527 756 732 798 debebantur,
752 757 869 801 pariter
893 758 1014 790 solvere

275 814 457 843 tenerentur
481 814 512 844 et
535 810 663 853 obligati
697 816 816 851 essent;
841 811 880 844 ab
911 811 1016 844 huius-

277 863 361 896 modi
385 868 489 896 autem
514 864 668 897 solutione
693 864 861 907 vigesimae
886 875 940 897 seu
964 864 1015 897 de-

275 915 375 949 cimae
399 916 509 950 hortos
533 927 587 950 seu
617 917 764 950 viridaria
795 917 878 961 apud
904 918 1014 951 domos

277 974 307 1002 et
330 969 463 1012 collegia
486 970 626 1003 eiusdem
651 971 813 1004 Societatis
842 971 1014 1011 existentia,

277 1027 308 1055 et
322 1032 420 1055 unum
444 1023 642 1066 praediolum
658 1023 689 1056 in
712 1034 788 1066 agro
805 1035 864 1067 pro
881 1034 1015 1067 unaqua-

275 1085 337 1118 que
353 1075 447 1109 domo
463 1086 517 1108 seu
535 1076 668 1118 collegio
693 1076 792 1108 muris
809 1076 1014 1116 circumdato,

277 1133 414 1171 quatuor
437 1129 564 1171 sanegas
587 1129 625 1161 ad
645 1129 735 1171 regni
759 1129 907 1162 Castellae
932 1140 1015 1162 men-

275 1191 382 1213 suram
402 1191 465 1214 non
489 1181 687 1222 excedentia,
712 1182 796 1214 salva
820 1187 850 1214 et
873 1187 1015 1226 exempta

274 1243 343 1265 esse
359 1233 466 1273 voluit;
481 1233 653 1266 decernens
669 1234 756 1277 ipsos
769 1234 931 1268 Societatis
947 1235 1015 1268 lesu

274 1286 440 1329 religiosos
465 1286 504 1319 ad
528 1287 650 1319 mediae
680 1287 820 1320 decimae
852 1298 906 1320 seu
935 1288 1016 1331 vige-

274 1338 372 1372 simae
391 1344 423 1372 et
438 1339 581 1382 integrae
606 1340 746 1373 decimae
770 1341 950 1374 huiusmodi
971 1352 1016 1374 re-

274 1392 410 1436 spective
434 1393 622 1427 solutionem
646 1394 820 1427 faciendam
848 1395 886 1428 de
911 1399 1015 1429 cetero

274 1446 403 1479 omnino
426 1447 541 1487 teneri,
574 1451 604 1481 et
639 1447 678 1479 ad
713 1447 743 1480 id
767 1458 866 1491 aeque
893 1458 929 1481 ac
953 1459 1015 1481 non

275 1505 436 1543 exemptos
451 1499 522 1543 cogi
539 1503 568 1534 et
585 1501 731 1543 compelli
748 1511 850 1544 posse,
868 1501 1015 1544 ipsosque

275 1552 551 1596 archiepiscopos,
576 1553 739 1597 episcopos
775 1559 805 1586 et
836 1555 1014 1597 praesules,

274 1616 397 1639 necnon
421 1607 556 1650 capitula
583 1612 614 1640 et
637 1613 776 1640 rectores
811 1608 1014 1640 ecclesiarum

275 1659 520 1703 praedictarum,
545 1666 575 1693 et
599 1659 674 1692 alias
699 1670 850 1704 personas
873 1661 1016 1694 ecclesia-

275 1712 368 1745 sticas
383 1713 564 1746 huiusmodi
590 1713 711 1746 mediae
727 1718 757 1746 et
773 1714 915 1756 integrae
931 1714 1015 1747 deci-

276 1776 356 1806 mae,
372 1770 468 1810 prout
483 1766 522 1799 ab
536 1766 604 1810 ipso
618 1767 713 1799 Paulo
728 1767 749 1798 V
763 1767 1015 1810 praedecessore,

276 1824 310 1852 ut
335 1820 522 1863 praefertur,
549 1819 722 1852 statutum¹
749 1826 825 1861 erat,
855 1824 1015 1855 contentos

276 1882 344 1905 esse
368 1871 494 1913 debere,
512 1883 584 1905 cum
609 1873 766 1911 clausulis,
788 1873 872 1917 quod
891 1874 930 1906 de
947 1873 1016 1906 sub-

276 1925 450 1968 reptionis,
474 1926 523 1958 vel
547 1925 756 1969 obreptionis,
780 1931 833 1959 aut
864 1926 1015 1959 nullitatis

277 1977 362 2018 vitio,
379 1988 435 2011 seu
457 1978 637 2012 intentionis
662 1989 754 2019 suae,
782 1980 830 2012 vel
853 1979 914 2012 alio
939 1990 1016 2023 quo-

278 2040 413 2074 cumque
426 2031 547 2065 desectu
559 2032 674 2065 notari²
686 2043 749 2066 non
762 2038 876 2076 posset,
889 2033 1015 2066 decreto

278 2083 430 2125 irritante,
454 2089 485 2117 et
508 2085 648 2118 clausula
672 2086 813 2126 sublata,
837 2091 868 2119 et
892 2086 960 2119 aliis
977 2087 1017 2118 la-

279 2136 350 2177 tius,
374 2142 468 2181 prout
487 2138 519 2170 in
543 2138 655 2172 litteris
678 2139 752 2172 dicti
776 2139 863 2172 Pauli
887 2140 911 2172 V
930 2150 1018 2183 prae-

278 2190 452 2224 decessoris
475 2191 507 2223 in
531 2191 626 2224 simili
650 2192 751 2225 forma
771 2192 877 2225 Brevis
894 2192 951 2224 sub
967 2192 1016 2224 die

279 2253 347 2276 xxn
370 2244 487 2276 mensis
511 2245 620 2288 aprilis
644 2245 715 2277 anni
741 2245 865 2287 Domini
884 2255 1016 2285 iincxm,

279 2297 480 2340 pontificatus
504 2298 552 2331 sui
577 2308 657 2332 anno
682 2309 755 2339 vui,
776 2299 925 2332 confectis
950 2299 1016 2342 ple-

278 2350 349 2383 nius
372 2351 549 2384 continetur
559 2351 580 2384 ἐ

1048 491 1176 523 rituales
1206 491 1326 524 fructus
1350 491 1553 531 defluxerint,
1578 496 1608 524 et
1635 491 1783 524 continuo

1047 543 1195 585 defluant,
1220 544 1422 587 religiosique
1446 544 1652 587 collegiorum
1677 549 1707 577 et
1731 544 1784 577 do-

1048 607 1171 630 morum
1197 597 1337 630 eiusdem
1363 597 1525 631 Societatis
1561 597 1590 629 in
1616 597 1783 641 praedictis

1047 650 1153 693 regnis
1182 650 1419 684 consistentium
1440 651 1478 683 ad
1499 651 1662 694 gentilium
1687 656 1717 683 et
1742 651 1784 683 in-

1047 704 1186 737 fidelium
1211 710 1316 748 partes
1348 705 1521 738 transmissi
1540 704 1560 746 ¹,
1590 705 1783 748 gravissimis

1047 757 1231 799 laboribus,
1260 758 1468 792 incommodis
1492 764 1520 791 et
1546 759 1695 802 periculis
1720 759 1784 791 suis

1047 821 1115 843 rem
1146 811 1349 844 christianam
1384 812 1414 844 in
1449 812 1594 855 laponiae
1632 817 1662 844 et
1700 811 1785 845 Sina-

1047 874 1118 896 rum
1143 864 1335 908 provinciis,
1365 867 1492 908 totaque
1524 865 1612 897 India
1636 864 1785 898 Orientali

1047 917 1128 949 tueri
1145 922 1173 950 et
1187 928 1382 959 conservare,
1397 929 1433 951 ac
1449 919 1553 959 etiam,
1567 919 1699 952 Domino
1715 929 1786 952 coo-

1047 976 1195 1013 perante,
1221 981 1337 1013 augerc
1362 981 1424 1005 non
1448 971 1600 1013 desinant,
1621 977 1650 1005 et
1674 972 1705 1005 in
1729 972 1786 1006 eis-

1047 1024 1118 1057 dem
1155 1025 1277 1067 regnis,
1313 1026 1393 1058 sicut
1416 1026 1612 1070 accepimus,
1645 1027 1785 1069 religiosi

1047 1077 1182 1110 aliorum
1202 1078 1353 1111 Ordinum
1368 1079 1486 1122 aliquas
1502 1079 1648 1120 decimas,
1664 1080 1786 1112 ratione

1047 1129 1204 1162 bonorum
1233 1142 1312 1173 quae
1337 1132 1476 1175 propriis
1494 1132 1637 1164 manibus
1656 1137 1686 1164 ct
1705 1143 1786 1165 sum-

1047 1183 1151 1226 ptibus
1167 1184 1320 1225 excolunt,
1335 1185 1455 1217 solvere
1473 1196 1527 1218 seu
1547 1191 1706 1228 praestare
1722 1196 1785 1218 non

1048 1236 1285 1276 consueverint,
1310 1248 1383 1277 nos,
1414 1238 1589 1271 litterarum
1614 1238 1786 1282 praedicta-

1048 1300 1118 1321 rum
1143 1294 1269 1322 tenores
1299 1291 1516 1334 praesentibus
1548 1302 1606 1334 pro
1636 1292 1727 1335 plene
1757 1297 1787 1324 et

1049 1342 1240 1375 sufficienter
1265 1343 1430 1386 expressis,
1447 1354 1482 1376 ac
1498 1344 1536 1376 de
1554 1344 1649 1376 verbo
1666 1344 1704 1376 ad
1722 1354 1787 1376 ver-

1049 1395 1123 1427 bum
1147 1396 1273 1428 insertis
1298 1396 1459 1437 habentes,
1480 1397 1658 1440 dictamque
1682 1397 1786 1429 Socie-

1049 1454 1154 1489 tatem,
1168 1460 1203 1482 ac
1219 1449 1302 1482 illius
1316 1450 1458 1492 collegia,
1471 1450 1581 1483 domos
1598 1456 1628 1482 et
1644 1450 1703 1482 alia
1720 1451 1787 1483 loca

1048 1502 1080 1534 in
1103 1503 1251 1546 predictis
1275 1503 1381 1546 regnis
1405 1504 1575 1544 existentia,
1601 1504 1788 1546 specialibus

1049 1556 1142 1588 etiam
1165 1557 1326 1589 favoribus
1356 1562 1386 1589 et
1415 1557 1524 1599 gratiis
1558 1557 1707 1601 prosequi
1733 1569 1787 1591 vo-

1049 1609 1168 1649 lentes,
1200 1620 1323 1642 necnon
1363 1609 1575 1653 praepositum
1607 1611 1786 1652 generalem

1049 1662 1189 1694 eiusdem
1205 1662 1378 1702 Societatis‚
1398 1672 1434 1695 ac
1451 1662 1618 1695 domorum
1642 1666 1671 1696 et
1695 1663 1788 1696 colle-

1049 1716 1173 1758 giorum
1189 1742 1196 1756 ,
1221 1715 1418 1759 aliorumque
1439 1715 1582 1749 locorum
1606 1716 1787 1749 huiusmodi

1049 1769 1224 1811 singulares
1254 1779 1406 1812 personas
1431 1779 1447 1800 a
1470 1768 1631 1812 quibusvis
1661 1779 1787 1802 excom-

1049 1821 1289 1862 municationis,
1314 1821 1530 1865 suspensionis
1554 1826 1584 1856 et
1608 1822 1786 1861 interdicti,

1049 1875 1180 1918 aliisque
1204 1875 1422 1908 ecclesiasticis
1445 1875 1622 1916 sententiis,
1647 1875 1787 1908 censuris

1049 1933 1079 1961 et
1103 1928 1222 1972 poenis,
1247 1937 1264 1959 a
1288 1928 1356 1960 iure
1381 1928 1428 1961 vel
1453 1928 1491 1960 ab
1515 1928 1653 1969 homine,
1679 1929 1788 1972 quavis

1049 1982 1212 2015 occasione
1237 1981 1285 2013 vel
1310 1983 1404 2014 causa
1429 1982 1509 2022 latis,
1527 1982 1553 2014 si
1576 1981 1691 2025 quibus
1714 1992 1789 2025 quo-

1050 2035 1220 2068 modolibet
1238 2035 1403 2067 innodatae
1420 2035 1564 2075 existunt,
1584 2035 1622 2067 ad
1642 2035 1788 2068 effectum

1049 2088 1260 2132 praesentium
1278 2087 1437 2120 dumtaxat
1457 2087 1721 2131 consequendum,
1738 2088 1789 2120 ha-

1050 2151 1122 2173 rum
1145 2139 1225 2172 serie
1250 2139 1461 2179 absolventes,
1486 2145 1517 2173 et
1540 2140 1698 2173 absolutas
1722 2140 1788 2173 fore

1050 2198 1223 2233 censentes,
1233 2193 1388 2236 porrectis
1400 2193 1492 2225 nobis
1504 2203 1562 2236 pro
1575 2203 1685 2225 eorum
1699 2198 1788 2236 parte

1051 2257 1144 2290 super
1168 2247 1227 2279 hoc
1251 2246 1533 2290 supplicationibus
1561 2246 1721 2285 inclinati,
1749 2246 1789 2278 ei-

1050 2300 1122 2332 dem
1146 2300 1307 2340 Societati,
1331 2299 1416 2343 quod
1440 2299 1478 2332 de
1495 2304 1610 2339 cetero,
1629 2300 1789 2342 perpetuis

1050 2354 1163 2387 suturis
1188 2353 1394 2397 temporibus,
1416 2353 1477 2393 illa,
1497 2353 1665 2396 omniaque
1680 2358 1710 2385 et
1729 2353 1790 2385 sin-

1797 375 1886 395 stantiae
1901 376 1972 396 eximi.

108 2414 218 2441 Gregorius
237 2415 264 2436 ab
1051 2407 1124 2449 gula
1147 2406 1231 2438 illius
1255 2406 1388 2446 domus,
1419 2406 1551 2449 collegia
1580 2411 1610 2438 et
1634 2406 1701 2439 loca
1724 2406 1790 2439 ubi-

1052 2470 1196 2503 cumque,
1216 2459 1247 2492 in
1271 2459 1389 2492 eisdem
1414 2459 1519 2501 regnis
1545 2465 1648 2491 tamen
1671 2459 1790 2492 dumta-

1053 2518 1103 2545 xat
1118 2512 1290 2553 existentia,
1310 2512 1487 2556 praesentia
1507 2517 1537 2545 ct
1553 2513 1668 2553 sutura,
1686 2512 1724 2545 ad
1744 2523 1790 2546 so—

1052 2565 1203 2598 lutionem
1228 2570 1258 2598 et
1280 2565 1521 2608 praestationem
1551 2565 1691 2598 decimae
1714 2566 1790 2599 inte—

1052 2629 1128 2661 grae
1158 2619 1206 2651 vel
1236 2619 1384 2652 dimidiae
1413 2619 1534 2652 ratione
1564 2619 1765 2663 praediorum
1781 2647 1788 2660 ,

1089 2680 1100 2706 l
1119 2678 1189 2706 Edit.
1206 2679 1284 2706 Μαίη.
1300 2679 1365 2715 legit
1379 2680 1539 2708 transmitti
1556 2680 1595 2715 (R.
1610 2680 1667 2715 T.).j

81 2439 255 2463 huiusmodisolu
323 2403 338 2447 g
362 2403 391 2436 2.
417 2404 493 2444 Nos,
517 2404 631 2447 quibus
655 2405 747 2447 plene
771 2408 890 2438 constat
923 2415 1017 2448 quam

81 2467 139 2515 3¹:¹23
151 2467 266 2516 ,2⁰¹3,⁰⁵,2²
279 2456 441 2500 praeclara
465 2456 547 2489 dicta
563 2457 702 2490 Societas
726 2457 857 2490 eximiae
875 2467 949 2500 erga
967 2457 1019 2490 Se-

83 2520 128 2547 gnis
154 2521 266 2543 inat-umet
279 2509 352 2543 dem
381 2509 592 2553 Apostolicam
621 2510 817 2543 obedientiae
846 2515 876 2543 et
907 2510 1018 2544 obser-

317 2590 328 2616 1
346 2588 416 2616 Edit.
432 2589 510 2616 Main.
528 2589 591 2624 legit
605 2592 745 2617 statutum
761 2591 798 2624 (R.
815 2591 864 2624 Τ.).

315 2634 333 2660 2
345 2632 416 2661 Edit.
431 2634 515 2661 Main.
530 2633 595 2668 legit
610 2634 677 2662 dari
695 2638 732 2664 (a.
748 2636 797 2666 τ.).

316 2678 333 2705 3
343 2677 503 2707 Huiusmodi
512 2678 540 2706 in
550 2679 684 2707 Butlario
696 2686 750 2707 non
760 2678 912 2707 continetur
924 2681 960 2710 (a.
970 2678 1018 2714 iu).
