2293 3231
68 274 117 303 Αη.
136 274 164 302 C.
180 274 246 302 1621

99 2498 175 2520 Erectis
183 2498 259 2520 deinde

79 2525 100 2546 iu
127 2525 201 2546 eodem
229 2532 261 2546 rc-

79 2556 118 2577 ssno
144 2552 261 2578 Conci-ega-

78 2577 135 2600 tioue
149 2579 248 2605 regulari,

867 272 1046 298 GREGonms
1070 272 1113 297 ΧΥ
1137 272 1186 296 PP.

265 321 373 354 lendae
383 322 554 354 memoriae
565 321 677 354 Paulus
686 321 767 365 Papa
775 321 808 361 V,
817 322 909 354 ctiam
920 332 1006 365 prae-

264 374 411 408 decessor
434 380 559 415 noster,
576 374 652 418 ipsis
669 379 698 407 et
715 374 783 407 aliis
807 375 1006 417 regularibus

266 427 456 467 huiusmodi,
466 427 523 459 sub
532 427 755 460 reformatione
766 433 795 460 et
806 427 1004 460 observantia

264 479 432 522 praedictis
450 480 544 512 vitam
557 480 683 521 acturis,
701 480 864 513 ecclesiam
881 484 1005 513 sanctae

265 532 378 565 Mariae
401 532 439 565 de
463 533 576 565 Catena
600 537 796 576 nuncupatae
816 532 1007 566 Panormita-

265 595 347 627 nam,
354 596 433 631 quae
444 586 708 630 perbenesiciatos
715 586 754 619 ad
762 585 1006 620 nominationem

265 639 497 673 communitatis
512 644 543 672 et
560 639 724 672 hominum
740 639 872 673 civitatis
889 639 1006 673 Panor-

266 693 413 727 mitanam
427 692 568 736 quolibet
583 703 665 726 anno
681 693 795 726 mutari
816 693 923 727 solitos
939 692 1005 736 regi

265 751 480 787 consueverat,
497 757 568 779 cum
590 747 673 780 illius
697 746 826 779 aedibus
849 746 1007 780 rectorali-

267 800 334 841 bus,
343 810 379 832 ac
393 799 514 833 iuribus
524 804 553 833 et
562 800 756 843 pertinentiis
768 800 832 832 suis
840 800 1004 842 universis,

266 852 305 884 ad
328 851 473 886 effectum
498 852 590 886 aedes
611 853 786 896 praedictas
810 852 848 885 ad
872 853 1005 885 formam

266 905 379 938 domus
403 906 558 948 regularis
589 905 826 939 Observantium
859 905 1007 938 Eremita-

268 968 338 990 rum
361 958 501 991 eiusdem
532 959 630 991 sancti
653 959 819 1002 Augustini
845 959 1005 992 Reforma—

268 1016 372 1043 torum
397 1011 679 1055 nuncupandorum
705 1011 892 1052 reducendi,
917 1022 1006 1045 aece-

267 1063 360 1097 dente
384 1069 487 1096 tamen
511 1074 665 1097 consensu
689 1064 855 1104 Ordinarii‚
879 1069 909 1098 et
933 1076 1007 1108 quo-

267 1127 475 1160 rumcumque
486 1117 637 1150 interesse
650 1117 842 1158 habentium,
852 1123 1006 1161 perpetuo

267 1170 436 1209 concessit;
460 1170 597 1213 ipsisque
622 1170 788 1213 religiosis,
813 1175 847 1203 ut
864 1171 948 1204 iuxta
964 1171 1007 1203 in-

267 1223 373 1255 stituta
383 1222 541 1265 regularia
550 1223 674 1256 Ordinis
683 1223 863 1256 huiusmodi
873 1221 1007 1257 novitios

268 1276 386 1319 absque
409 1276 535 1309 licentia
559 1275 799 1309 Ordinariorum
819 1277 857 1309 ad
881 1277 1006 1310 habitus

268 1330 500 1374 susceptionem
525 1335 554 1363 et
569 1330 774 1374 professionis
794 1331 1006 1372 emissionem,

269 1383 399 1416 servatis
416 1383 446 1415 in
463 1383 593 1427 reliquis
607 1383 740 1416 decretis
753 1383 827 1417 dicti
840 1384 1007 1418 Clementis

270 1435 520 1480 praedecessoris
545 1437 679 1480 desuper
703 1436 807 1478 editis,
832 1437 1007 1477 admittere,

269 1495 299 1523 et
322 1490 354 1522 in
378 1489 540 1533 quibusvis
564 1490 671 1533 regnis
695 1500 730 1522 ac
755 1491 926 1534 provinciis
958 1501 1006 1524 ec—

269 1544 380 1577 clesias
404 1548 433 1576 et
459 1544 551 1577 aedes
575 1554 791 1588 quascumque
810 1544 855 1577 eis
872 1545 1008 1585 oblatas,

269 1597 307 1630 de
326 1597 452 1630 licentia
468 1597 707 1631 Ordinariorum
724 1598 878 1638 locorum,
894 1609 953 1641 pro
969 1598 1010 1631 fa-

269 1651 426 1684 bricandis
450 1651 539 1684 novis
563 1651 709 1684 domibus
733 1651 933 1694 regularibus
950 1653 1008 1685 Re-

269 1705 489 1745 formatorum,
503 1705 588 1737 iuxta
600 1704 830 1738 constitutionis
855 1710 885 1737 et
904 1705 1009 1738 decre-

270 1763 376 1791 torum
399 1758 582 1791 huiusmodi
607 1759 759 1798 formam,
785 1763 814 1791 et
838 1768 900 1791 non
923 1758 1009 1798 alias,

270 1821 332 1844 non
355 1816 461 1844 autem
484 1811 594 1844 domos
614 1811 676 1843 iam
696 1811 839 1844 fundatas
856 1821 911 1844 seu
928 1811 1011 1844 insti-

271 1868 351 1896 tutas
359 1862 488 1897 alterius
496 1864 676 1908 provinciae
689 1864 736 1897 vel
747 1865 1010 1908 congregationis,

269 1917 412 1961 quamvis
428 1918 567 1951 eiusdem
585 1917 710 1951 Ordinis
725 1918 908 1959 existerent,
933 1919 1007 1951 abs-

271 1980 332 2013 que
342 1972 491 2014 expressa
501 1970 618 2014 prioris
630 1971 785 2013 generalis
798 1971 873 2004 dicti
886 1971 1011 2005 Ordinis
1027 1978 1029 1984 ·

271 2022 407 2063 licentia,
419 2026 579 2066 acceptare
592 2027 719 2066 possent
728 2028 758 2056 et
766 2023 915 2067 valerent,
930 2024 1011 2057 dicta

272 2075 456 2109 auctoritate
480 2076 638 2120 permisit,
663 2080 693 2109 et
719 2076 813 2109 etiam
839 2078 1009 2115 concessit;

271 2140 342 2162 cum
367 2129 576 2162 declaratione
601 2135 725 2170 tamen,
757 2130 841 2173 quod
871 2131 1010 2174 religiosi

274 2182 451 2216 huiusmodi
476 2183 533 2216 sub
562 2183 738 2216 obedientia
763 2189 793 2216 et
816 2185 1012 2218 correctione

272 2235 388 2279 prioris
412 2236 567 2278 generalis
583 2235 735 2280 praedicti
755 2235 880 2269 Ordinis
896 2237 926 2269 in
944 2248 1013 2280 per-

272 2293 367 2332 petuo
391 2293 601 2330 remanerent,
619 2293 648 2320 et
668 2288 796 2321 calceati
821 2289 1011 2331 incederent,

272 2347 367 2385 prout
392 2341 423 2374 in
447 2342 559 2375 litteris
583 2342 763 2385 apostolicis
793 2342 929 2386 desuper
953 2344 1011 2376 sub

273 2396 324 2429 die
348 2406 426 2429 xxm
450 2396 567 2429 mensis
590 2396 663 2429 maii
690 2396 760 2429 anni
792 2406 912 2430 nncvm
938 2407 1012 2431 con-

274 2449 362 2482 fectis
386 2449 509 2493 plenius
533 2449 741 2482 continetur¹.

319 2503 334 2547 §
358 2503 388 2536 2.
413 2503 603 2543 Successive,
627 2514 710 2544 cum,
729 2504 759 2536 in
778 2504 839 2536 vim
859 2503 1012 2538 dictarum

276 2555 462 2598 litterarum,
478 2556 575 2591 sancti
603 2556 720 2590 Nicolai
752 2556 954 2589 Tolentinatis
985 2561 1015 2589 et

313 2629 325 2654 1
351 2628 423 2660 Quas
445 2627 549 2656 litteras
576 2636 625 2656 nos
652 2627 795 2655 retulimus
825 2635 875 2656 suo
904 2627 962 2655 loco
987 2626 1014 2654 in

278 2675 341 2700 tom.
357 2679 392 2708 xi,
409 2681 470 2709 pag.
487 2673 536 2701 487
553 2676 580 2702 et
594 2681 651 2709 seq.
667 2672 704 2707 (a.
722 2673 770 2704 r).

1677 259 1741 291 ‹55ss
1789 269 1836 295 An.
1855 269 1883 295 c.
1908 269 1970 295 1021

1039 320 1135 353 saneti
1161 319 1305 362 Gregorii
1343 329 1377 351 ac
1413 318 1534 361 aliquae
1565 317 1642 349 aliae
1668 317 1777 349 (lortius

1039 373 1201 415 regulares
1214 372 1334 405 ordinis
1349 372 1600 404 llet'ormatorum
1616 370 1711 403 sancti
1723 371 1780 402 Au-

1040 425 1155 467 gustini
1180 424 1361 457 huiusmodi
1376 423 1404 456 iu
1424 423 1584 467 praedicto
1601 432 1699 465 regno
1717 432 1780 454 ere-

1039 482 1105 512 ctae
1133 478 1283 517 fuissent,
1309 477 1496 520 illarumspie
1521 476 1660 517 religiosi
1685 485 1778 508 unam

1040 531 1317 574 congregationem
1350 530 1407 563 sub
1436 530 1632 563 invocatione
1657 535 1780 562 sancta(¹

1040 585 1153 617 Mariae
1173 584 1211 617 de
1231 584 1388 616 Suecursu
1411 588 1607 626 nuncupatae
1632 583 1720 625 regni
1738 583 1781 617 Si-

1039 637 1128 670 ciliae
1146 637 1302 677 facientes,
1320 636 1377 669 snb
1394 636 1572 669 obedientia
1585 641 1690 669 tamen
1704 636 1781 669 eius—

1040 691 1110 724 dem
1135 691 1252 735 prioris
1278 690 1454 734 generalis,
1479 690 1541 723 Deo
1566 689 1708 722 famulari
1734 700 1781 723 ce-

1039 744 1171 788 pissent,

1084 797 1144 842 33.
1163 799 1199 832 Et
1215 797 1327 831 deinde
1343 797 1546 842 quamplures
1571 801 1600 830 et
1624 797 1688 830 fere
1712 806 1779 830 om-
1855 806 1979 833 vetitoque.

1040 861 1094 884 nes
1119 851 1257 894 religiosi
1283 851 1542 893 Congregationis
1567 855 1596 883 et
1624 851 1712 893 regni
1737 850 1779 883 Si·
1794 833 1979 898 Elffllfissimlh‘lss

1040 905 1128 937 ciliae
1145 904 1336 945 huiusmodi,
1357 910 1388 937 ut
1405 904 1574 948 perfectius
1598 905 1661 937 Deo
1685 904 1781 937 inser·
1795 891 1862 911 '⁰¹⁰¹'

1040 957 1135 998 viant,
1149 962 1373 1002 procuratores
1391 957 1429 990 ad
1450 957 1596 990 effectum
1610 958 1780 1001 praefatam

1040 1020 1149 1043 eorum
1174 1010 1456 1053 Congregationem
1481 1010 1580 1043 dictae
1604 1011 1782 1053 Congrega-

1040 1063 1115 1096 tioni
1133 1064 1266 1096 fratrum
1293 1063 1556 1097 Discalceatorum
1575 1063 1679 1097 Italiae
1703 1073 1782 1096 nun-

1040 1121 1226 1160 cupatorum
1245 1117 1327 1149 uniri
1346 1117 1472 1160 petendi
1488 1116 1497 1133 ¹
1517 1117 1733 1160 deputassent,

1085 1171 1099 1213 ξ
1116 1170 1146 1203 4.
1167 1172 1210 1203 Ac
1230 1170 1416 1203 venerabilis
1442 1171 1538 1204 frater
1560 1176 1666 1204 noster
1690 1172 1783 1205 Anto·
1796 1184 1818 1205 m
1832 1184 1928 1205 effectum
1945 1184 1982 1204 tua

1039 1225 1110 1257 nius
1128 1224 1295 1267 episcopus
1312 1223 1461 1257 Ostiensis
1476 1224 1642 1257 cardinalis
1660 1224 1783 1257 Saulius
1797 1210 1982 1257 iissa'ssi'niiifcissriss

1040 1282 1256 1320 nuncupatuS,
1281 1276 1377 1309 totius
1407 1276 1532 1309 Ordinis
1559 1277 1588 1309 S.
1617 1277 1782 1320 Augustini
1798 1266 1841 1316 ἓξὲξ
1853 1264 1923 1311 vpf¹¹¹¹
1943 1264 1982 1284 p„

1041 1330 1251 1363 Eremitarum
1261 1330 1344 1373 apud
1360 1330 1471 1363 Sedem
1485 1329 1697 1373 Apostolicam
1711 1340 1784 1373 pro-

1041 1388 1161 1424 tector,
1193 1385 1278 1416 vivae
1310 1383 1395 1417 vocis
1427 1384 1555 1417 oraculo
1580 1393 1597 1416 a
1621 1383 1783 1427 praedicto

1042 1438 1136 1470 Paulo
1160 1437 1402 1480 praedecessore
1428 1437 1546 1478 habito,
1564 1437 1784 1481 Congregatio-

1042 1501 1113 1523 nem
1138 1491 1227 1533 regni
1252 1490 1375 1523 Siciliae
1399 1490 1436 1523 de
1454 1501 1609 1524 consensu
1627 1491 1782 1524 dictorum

1042 1549 1286 1587 procuratorum
1299 1544 1542 1587 Congregationi
1560 1544 1665 1576 Italiae
1681 1544 1785 1576 huius-

1043 1597 1128 1630 modi
1152 1597 1302 1631 univisset
1327 1602 1356 1630 et
1381 1597 1677 1641 incorporavisset2,
1702 1597 1784 1630 vica-

1043 1650 1188 1693 riumque
1205 1650 1385 1692 generalem
1400 1650 1665 1683 Discalceatorum
1679 1650 1784 1682 Italiae

1043 1703 1222 1736 huiusmodi
1254 1703 1292 1735 ad
1322 1703 1538 1747 supradictum
1570 1703 1714 1737 effectum
1747 1704 1783 1735 ad

1044 1767 1175 1799 regnum
1200 1756 1322 1789 Siciliae
1346 1757 1490 1797 misisset,
1507 1757 1659 1800 illumque
1672 1757 1785 1789 fratres

1026 1835 1028 1844 .
1044 1810 1139 1843 Siculi
1156 1821 1228 1843 cum
1245 1810 1366 1843 honore
1383 1815 1413 1843 et
1432 1810 1608 1843 obedientia
1625 1815 1784 1853 tamquam

1044 1874 1135 1896 suum
1156 1864 1352 1907 superiorem
1377 1863 1590 1906 recepissent,
1621 1869 1651 1897 et
1680 1873 1785 1907 quam-

1044 1917 1149 1960 plures
1174 1927 1283 1950 eorum
1309 1917 1339 1949 in
1364 1917 1507 1960 capitulis
1527 1916 1726 1959 generalibus
1742 1916 1786 1948 di-

1044 1975 1112 2002 ctae
1131 1970 1389 2012 Congregationis
1407 1970 1511 2002 Italiae
1529 1969 1677 2012 suffragia
1702 1969 1787 2002 tulis-

1045 2029 1122 2063 sent,
1147 2034 1182 2056 ac
1202 2023 1231 2055 in
1249 2023 1383 2066 priores,
1401 2023 1592 2063 definitores,
1610 2023 1786 2056 visitatores

1027 2092 1029 2096 ⁴
1045 2077 1207 2119 generales
1218 2082 1248 2109 et
1262 2076 1339 2110 alios
1353 2077 1511 2117 officiales,
1522 2082 1584 2110 tam
1598 2077 1679 2109 intra
1692 2087 1784 2120 quam

1045 2135 1131 2162 extra
1155 2130 1350 2173 provinciam
1371 2130 1503 2170 Siciliae,
1522 2131 1611 2163 electi
1636 2130 1785 2165 fuissent,

1045 2194 1080 2216 ac
1104 2183 1198 2216 etiam
1223 2183 1374 2224 habitum,
1399 2184 1623 2227 possessiones,
1641 2184 1787 2217 eonstitu-

1045 2236 1145 2269 tiones
1159 2263 1166 2276 ‚
1187 2237 1421 2277 caeremonias,
1446 2237 1659 2277 visitationes,
1685 2247 1787 2269 corre-

1045 2289 1164 2322 ctiones
1188 2294 1218 2324 et
1241 2290 1345 2323 onmia
1365 2290 1438 2331 alia,
1464 2295 1623 2333 tamquam
1647 2300 1720 2322 vere
1745 2290 1787 2322 in-

1045 2343 1204 2386 corporati
1240 2348 1266 2375 et
1302 2343 1378 2375 uniti
1414 2343 1514 2375 dictae
1544 2342 1785 2385 Congregationi

1046 2396 1159 2435 Italiae,
1178 2396 1261 2428 circa
1281 2400 1351 2429 octo
1372 2405 1469 2429 annos
1487 2396 1677 2439 recepissent
1690 2400 1719 2428 et
1736 2396 1788 2429 ob-

1047 2449 1254 2482 servavissent
1264 2460 1271 2488 3

1090 2502 1105 2544 g
1129 2501 1157 2534 5.
1183 2502 1319 2534 Tandem
1336 2502 1477 2535 nonnulli
1502 2508 1694 2536 memoratae
1707 2502 1784 2536 Con-
1880 2546 1883 2549 ,
1958 2514 1988 2544 ta-

1047 2555 1238 2599 gregationis
1255 2555 1377 2589 Siciliae
1394 2556 1533 2598 religiosi
1552 2557 1789 2600 (procuratores
1805 2539 1988 2586 ἶ-’ἶιῖἷύῗιῗὲἐῗῖκῗιῖἶ

1805 2598 1851 2613 sese
1862 2597 1987 2618 opposuere>

1837 2511 1934 2532 Nonnulli

1084 2626 1094 2652 t
1114 2625 1184 2653 Edit.
1201 2625 1280 2653 Main.
1298 2626 1362 2661 legit
1373 2627 1527 2661 petendum
1543 2627 1580 2662 (a.
1597 2627 1646 2661 ¹12).
1817 2667 1820 2669 .

1082 2672 1098 2698 2
1108 2671 1249 2698 Decretum
1258 2671 1318 2699 vide
1327 2672 1352 2697 in
1362 2675 1424 2699 tom.
1435 2678 1471 2705 xi,
1483 2680 1543 2707 pag.
1555 2672 1606 2699 489
1615 2674 1786 2708 etseq.(a.r).
