2293 3231
837 286 932 311 mnax
960 286 1158 311 nunnicinmr

321 339 446 382 pietatis
459 337 563 372 Status
576 336 789 371 Ecclesiastici
816 337 855 371 ad
881 337 976 372 alium
1000 348 1001 353 ¹

322 400 417 436 quam
429 390 468 424 ab
481 400 590 424 eorum
605 392 766 424 erectione
784 390 974 424 destinatum

322 454 423 485 usum,
449 443 569 489 absque
594 444 687 478 Sedis
712 443 913 488 Apostolicae
934 444 973 477 li-

322 497 436 539 centia,
449 508 576 543 quoquo
592 499 685 532 modo
699 499 975 542 disponendifflffl.

237 549 379 585 CCLXII.
416 550 505 592 Quae
535 561 663 585 servare
693 552 831 586 debeant
868 553 976 586 clerici
1001 556 1003 571 '¹

323 604 485 646 regulares
501 604 763 649 Congrcgationis
777 606 806 639 S.
819 605 906 639 Pauli
921 605 977 638 De·
1001 614 1002 627 ³

324 657 428 691 collati
452 659 482 691 in
501 658 703 692 admittendis
722 660 850 692 novitiis
866 659 905 692 ad
923 660 977 691 ha-

323 710 424 745 bitum
460 716 489 745 et
526 711 753 755 professionem
792 711 1002 756 religionis‚'

326 765 397 798 297.

236 815 392 851 CCLXIll.
427 817 584 853 Institutio
620 819 715 853 studii
751 818 909 861 generalis
946 820 976 851 in

324 871 456 915 collegio
482 882 539 917 per
567 873 768 907 Theodorum
793 874 976 916 episcopum
1002 905 1003 911 ,

325 923 602 959 Paderhonensem
617 930 647 959 et
660 927 743 960 sacri
758 927 881 969 imperii
894 926 977 969 prin·
1002 930 1003 934 ’

325 980 439 1022 cipem,
465 979 504 1013 ad
529 979 702 1013 catholicae
728 979 802 1013 fidei
828 988 864 1012 ae
881 978 977 1011 bona·
1002 1011 1003 1027 ἒ

326 1042 397 1066 rum
421 1034 534 1066 artium
566 1033 760 1076 profectum,
794 1034 824 1065 in
849 1033 976 1065 civitate
1002 1035 1003 1040 ’

328 1084 566 1119 Paderbonensi
593 1090 713 1120 erecto,
738 1085 796 1118 sub
823 1087 976 1129 regimine

329 1138 494 1172 Societatis
510 1138 592 1179 lesu,
608 1148 677 1171 cuni
696 1138 934 1182 privilegiorum
949 1142 977 1170 et

326 1193 498 1233 gratiarum
516 1191 714 1234 elargitione,
734 1192 805 1225 299.

240 1241 394 1277 CCLXIV.
430 1243 589 1278 Ludovieo
620 1246 687 1288 regi
721 1244 978 1278 christianissimo
1004 1275 1005 1290 χ

327 1296 511 1331 conceditur
526 1297 565 1331 ad
579 1299 628 1332 sui
643 1299 737 1331 vitam
756 1298 911 1332 indultum
930 1308 981 1331 no-
1004 1291 1005 1303 ¹

327 1351 469 1384 minandi
494 1352 532 1384 ad
559 1351 711 1385 ecclesias
732 1355 761 1385 et
790 1354 979 1386 monasteria
1004 1357 1005 1376 t

326 1403 506 1438 Britanniae
532 1408 561 1438 et
581 1407 764 1449 provinciae
782 1405 978 1446 Provinciae,

331 1457 405 1491 301.

239 1508 377 1544 CCLXV.
393 1510 595 1545 Confirmatio
610 1511 785 1545 litterarum
799 1513 905 1555 magni
920 1520 981 1544 ma-
1004 1526 1006 1534 ν

327 1566 418 1607 gistri
436 1569 467 1598 et
483 1565 693 1609 quorumdam
714 1565 923 1610 capitulorum
949 1566 979 1598 in

329 1618 460 1652 consilio
486 1619 562 1652 dicti
586 1621 693 1663 magni
718 1620 861 1662 magistri
886 1619 980 1652 facto-

329 1682 399 1706 rum
419 1683 474 1716 pro
498 1672 648 1706 fratribus
673 1672 824 1707 militibus
841 1672 980 1715 Linguae
1005 1682 1007 1716 3

329 1725 516 1759 Provinciae
541 1726 706 1770 hospitalis
730 1728 830 1760 sancti
856 1726 982 1760 loannis
1006 1717 1007 1752 l

329 1777 618 1823 Hierosolymitani‚
644 1780 716 1813 303.

243 1830 398 1866 CCLXVI.
417 1832 602 1867 Constitutio
623 1838 731 1867 contra
751 1832 982 1867 ecclesiasticos
1006 1843 1008 1859 i

331 1885 472 1920 locantes
489 1885 572 1920 hona
597 1886 764 1920 haereticis
788 1888 818 1919 in
844 1886 982 1920 dominio

332 1938 512 1972 archiducis
537 1940 698 1981 Austriae‚
725 1940 798 1974 308.

243 1990 414 2027 CCLXVII.
439 1992 577 2027 Cassatio
595 1996 626 2026 et
649 1993 820 2027 annullatio
845 1993 985 2027 decreto-

333 2057 414 2089 rum,
432 2046 539 2090 legum
551 2050 582 2081 et
598 2047 830 2081 ordinationum
847 2049 878 2080 in
897 2056 985 2090 prae·

333 2099 487 2134 iudicium
526 2100 682 2134 ecclesiae
721 2104 750 2134 et
788 2100 984 2144 patriarchae

334 2153 549 2198 Aquileiensis
562 2154 716 2187 factorum
732 2163 828 2197 super
845 2154 937 2188 datiis
955 2158 985 2188 et

334 2208 513 2250 cognitIone
539 2216 708 2241 causarum
731 2209 762 2240 in
787 2209 897 2241 eastris
914 2216 986 2241 san-

334 2261 376 2295 cti
391 2260 533 2295 Danielis
544 2264 574 2294 et
588 2263 687 2295 sancti
703 2260 986 2305 VitiAquileiensis

335 2317 365 2348 et
389 2314 634 2349 Concordiensis
660 2315 835 2357 respective
853 2313 982 2347 dioece-

338 2377 426 2410 sum,
451 2367 525 2401 309.

246 2419 431 2456 CCvalll.
460 2421 621 2455 Indultum
650 2420 890 2465 archiepiscopo
914 2421 987 2453 cixi-

336 2477 407 2510 tatis
427 2475 550 2519 Regum
571 2475 694 2508 concilii
717 2474 923 2519 provincialis
940 2483 988 2507 ce-

335 2528 544 2563 lebrationem
562 2528 601 2562 ad
619 2537 718 2562 annos
735 2527 903 2562 duodecim
923 2527 983 2560 dif-

337 2581 476 2624 ferendi,
494 2581 568 2615 511.

248 2632 402 2668 CCLXIX.
427 2635 579 2670 Statuitur
599 2633 763 2677 regulares
785 2637 988 2668 exercentem

337 2696 446 2723 curam
469 2690 645 2726 animarum
668 2689 700 2724 in
726 2688 866 2724 dioecesi
894 2686 988 2722 Mexi·

1656 275 1718 309 867

1114 348 1193 372 cana
1217 337 1440 382 approbandos
1456 336 1495 372 ad
1513 337 1543 371 id
1561 345 1632 372 esse
1651 336 1690 370 ab
1708 346 1763 370 ar-

1115 392 1331 435 chiepiscopo,
1358 391 1431 425 312.

1028 443 1164 479 CCLxX.
1186 444 1293 478 Simile
1311 444 1475 478 decretum
1498 444 1538 478 de
1564 442 1765 486 regularibus

1001 525 1003 551 l
1116 498 1155 532 ab
1169 498 1279 532 eodem
1293 498 1534 543 archiepiscopo
1547 496 1763 542 approbandis

1116 552 1154 586 ad
1179 552 1371 586 secularium
1394 552 1612 586 confessiones
1632 550 1764 585 audien-

1117 605 1189 647 das,
1216 606 1288 639 313.

1028 656 1182 693 CCLXXI.
1196 658 1322 693 Mandat
1335 659 1495 693 collectori
1507 657 1678 703 apostolico
1695 657 1765 692 Por·

1116 713 1282 756 tugalliae,
1308 717 1352 749 ut,
1370 715 1457 747 iuxta
1479 713 1608 746 formam
1628 721 1645 745 a
1669 711 1765 745 Sacro

1116 766 1255 800 Concilio
1272 766 1456 800 Tridentino
1477 767 1715 810 praescriptam,
1733 765 1763 797 in

1117 819 1262 854 omnibus
1287 823 1316 854 et
1336 819 1469 864 singulis
1486 819 1686 853 monasteriis
1703 827 1766 851 mo-

1117 872 1244 906 nialium
1271 872 1413 906 eiusdem
1438 874 1528 916 regni
1553 882 1626 905 eum
1646 874 1766 905 tantum

1118 935 1283 959 numerum
1301 925 1340 959 ab
1356 927 1604 970 archiepiscopis
1629 929 1660 958 et
1685 926 1765 968 epis-

1117 980 1204 1023 copis
1222 979 1326 1013 denuo
1352 980 1485 1023 praefigi
1510 988 1546 1012 ac
1562 980 1767 1021 imposterum

1117 1035 1299 1067 conservari
1324 1037 1421 1074 curet,
1447 1035 1500 1078 qui
1526 1041 1565 1066 ex
1590 1031 1767 1066 redditibus

1118 1088 1252 1130 propriis
1277 1086 1460 1120 eorumdem
1485 1086 1767 1123 monasteriorum,

1120 1139 1169 1172 iel
1196 1150 1234 1173 ex
1266 1141 1425 1174 consuetis
1454 1139 1667 1182 eleemosynis
1695 1147 1769 1171 con-

1118 1203 1196 1236 grue
1215 1195 1313 1237 possit
1329 1194 1508 1233 sustentari,
1525 1192 1643 1226 abusus
1661 1192 1768 1235 propi—

1119 1256 1230 1279 narum
1247 1246 1343 1287 tollat,
1365 1250 1395 1279 et
1411 1247 1667 1280 constitutionem
1684 1244 1730 1277 Pii
1745 1243 1769 1275 V

1119 1310 1214 1343 super
1239 1298 1450 1343 prohibitIOne
1472 1309 1620 1342 egressus
1644 1298 1765 1331 Monia-

1120 1352 1195 1386 lium
1221 1361 1237 1384 e
1262 1353 1461 1386 monasteriis
1485 1351 1648 1385 observari
1665 1354 1769 1390 curet,

1121 1406 1194 1438 314.

1004 1483 1005 1495 l
1031 1458 1197 1492 CCLXXII.
1224 1459 1348 1492 Erectio
1369 1458 1511 1502 capellae
1534 1458 1770 1502 Burghesianae

1120 1514 1150 1546 in
1176 1511 1306 1546 basilica
1338 1515 1467 1547 sanetae
1499 1511 1615 1545 Mariae
1644 1510 1771 1545 Maioris

1121 1566 1160 1599 de
1177 1565 1260 1600 Urbe
1278 1569 1308 1599 et
1325 1565 1364 1599 ad
1381 1565 1467 1599 illam
1483 1564 1645 1598 translatio
1662 1572 1770 1598 sacrae

1121 1621 1267 1663 imaginis
1287 1619 1531 1663 gloriosissimae
1554 1618 1692 1661 Virginis
1709 1617 1772 1651 Ma-

1120 1674 1194 1714 riae⁷
1212 1682 1282 1706 cum
1300 1674 1464 1717 prioratus,
1479 1671 1726 1715 capellaniarum
1742 1673 1773 1704 et

1121 1724 1338 1765 clericatuum‚
1356 1734 1392 1759 ac
1408 1726 1668 1768 iurispatronatus
1684 1724 1772 1758 iusti-

1122 1782 1250 1822 tutione,
1267 1788 1507 1825 annuorumque
1525 1778 1706 1812 reddituum
1722 1786 1771 1812 as-

1122 1835 1300 1877 signatione
1330 1837 1361 1867 et
1392 1832 1562 1867 cardinalis
1586 1833 1772 1876 protectoris

1122 1887 1340 1921 iurisdictione
1384 1887 1457 1920 315.

1006 1912 1009 1954 l
1035 1914 1378 1975 CCLXXlllJnstitutlo
1387 1940 1650 1974 confraternitatis
1664 1939 1774 1974 utrius<

1123 2003 1184 2039 que
1212 2003 1309 2027 sexus
1343 1993 1599 2027 christifidelium
1630 1993 1661 2026 in
1694 1991 1775 2026 alma

1124 2046 1217 2089 Urbe,
1242 2046 1302 2081 sub
1326 2048 1527 2081 invocatione
1547 2046 1593 2080 Ss.
1611 2045 1775 2080 Benedicti

1125 2104 1155 2135 et
1171 2100 1382 2135 scholasticae
1396 2100 1435 2134 de
1450 2100 1572 2142 Nursia,
1584 2110 1655 2134 cum
1672 2098 1775 2133 indul—

1124 2156 1303 2198 gentiarum
1332 2154 1528 2197 elargitione,
1547 2156 1578 2187 et
1605 2153 1774 2198 quotannis

1126 2217 1223 2241 unum
1255 2217 1294 2241 ex
1326 2207 1452 2251 capitali
1485 2215 1587 2251 poena
1620 2206 1775 2240 damnatis

1125 2260 1282 2294 liberandi
1300 2260 1461 2302 facultate,
1487 2260 1562 2293 337.

1010 2331 1014 2380 Ι
1038 2313 1222 2349 CCLXXIV.
1233 2314 1324 2355 Quod
1339 2314 1379 2348 de
1393 2318 1500 2348 cetero
1514 2314 1676 2357 perpetuis
1689 2313 1770 2348 futu-

1010 2384 1013 2402 i
1126 2369 1168 2401 ris
1187 2366 1382 2411 temporibus
1399 2370 1534 2411 quatuor
1551 2366 1772 2400 adolescentes

1128 2422 1262 2455 nationis
1287 2420 1462 2461 anthemio,
1489 2423 1518 2454 et
1543 2421 1582 2454 iis
1608 2419 1771 2459 videlieet.

1128 2475 1181 2519 qui
1195 2474 1234 2508 ad
1248 2475 1399 2508 unitatem
1411 2476 1538 2507 sanctae
1549 2472 1654 2507 Matris
1664 2471 1772 2506 Eccle-

1012 2542 1033 2571 ,’
1128 2529 1193 2560 siae
1225 2527 1398 2568 redierunt,
1427 2528 1457 2560 in
1491 2526 1624 2569 collegio
1657 2526 1778 2560 Graeco

1012 2575 1014 2584 '
1128 2579 1167 2613 de
1191 2579 1274 2614 Urbe
1306 2581 1404 2623 recipi
1433 2582 1462 2613 et
1489 2579 1607 2613 admitti
1634 2578 1776 2619 valeant,
1813 2620 1817 2622 ,

1130 2632 1204 2667 340.

1041 2684 1210 2721 CCLXXV.
1234 2684 1411 2721 Declaratio
1436 2686 1521 2722 circa
1543 2686 1622 2722 ritus
1647 2688 1678 2722 et
1701 2693 1775 2720 coee
