2293 3231
0 161 14 234 „Ji-a»

89 297 142 326 An.
159 298 189 325 G.
205 296 273 324 1622

118 938 258 959 Prooemium.

92 1517 276 1543 Elargitioetenm·

93 1543 276 1568 municatiuprin-

93 1570 193 1595 legiorum
201 1572 220 1590 et
230 1575 276 1595 gra-

94 1597 168 1616 tiarum
185 1596 210 1616 do
230 1596 275 1621 qui-

94 1622 132 1643 bus
146 1622 167 1643 in
182 1622 274 1643 rubrica.

6 1703 8 1706 -
0 542 20 1658 --«-·⁴——-v-·*·-Ni-0mm*0*
8 496 14 521 ⁹
7 415 13 446 *⁴
9 376 13 389 —
6 247 15 332 “³'‘

890 298 1065 323 GREGORIUS

576 344 729 378 LXXXIll.

289 422 420 457 Clere'cz's
447 424 652 467 reynlare'bus
669 424 860 457 Scliolarum
879 425 1019 458 Piarum

331 477 418 519 lacta
454 477 704 510 communicatio
735 478 883 510 omnium
919 488 1023 510 emem-

329 531 488 573 ptionum,
505 530 717 569 indultorum,
731 535 757 563 e!
772 530 1023 573 prieileqiorum

332 582 590 626 quibuscumque
615 582 793 616 Ordinibus
829 583 1020 615 Mendican-

334 635 428 671 lium,
448 646 621 678 eorumque
647 636 722 668 locis
739 640 767 668 e!
782 637 928 680 personis
947 646 1024 678 quo-

333 687 503 721 modota‘bet
520 698 737 721 concessorum
761 693 789 721 et
807 688 1021 721 concedendo-

332 751 418 773 rum.

490 813 647 847 Gregorius
668 814 745 847 Papa
765 814 823 846 XV,

409 858 444 883 ad
463 860 636 891 perpetuam
656 858 700 884 rei
720 857 900 884 memoriam.

333 925 378 957 Ad
402 926 515 958 uberes
539 926 668 966 fructus,
685 937 764 969 quos
780 926 883 959 dilecti
900 925 955 957 filii
973 925 1026 957 nii-

289 978 386 1011 nister
409 979 564 1021 generalis
584 982 613 1012 et
637 978 743 1010 elerici
767 977 1025 1020 Congregationis

290 1033 462 1075 Pauperum
488 1033 592 1064 Matris
616 1032 670 1064 Dei
695 1032 880 1065 Scholarum
900 1032 1025 1063 Piarum

288 1085 319 1116 in
336 1084 478 1117 militanti
493 1084 640 1123 Ecclesia,
653 1084 742 1116 cuius
757 1083 904 1125 regimini
920 1083 1025 1115 divina

288 1137 470 1180 disponente
487 1137 651 1169 clementia
671 1137 894 1179 praesidemus,
913 1137 943 1167 in
960 1136 1025 1168 dies

288 1189 433 1229 affeiamt,
451 1190 564 1221 mentis
589 1195 714 1222 nostrae
731 1190 829 1222 aciem
847 1193 1026 1222 converten—

287 1246 349 1282 teS,
378 1252 413 1274 ac
437 1242 601 1274 uberiores
626 1252 662 1274 ex
688 1242 752 1284 ipsa
778 1242 1025 1284 Congregatione

287 1294 407 1327 fructus
431 1294 462 1326 in
486 1294 551 1327 dies
574 1300 783 1337 proventuros
807 1305 874 1327 esse
901 1305 1027 1338 speran-

288 1353 354 1388 tes,
379 1348 417 1380 ad
441 1358 476 1380 ea
501 1348 613 1380 merito
648 1348 781 1381 libenter
811 1348 1024 1388 intendimus,

289 1410 347 1443 per
362 1411 441 1444 quae
465 1401 671 1443 Congregatio
696 1401 762 1444 ipsa
786 1400 977 1434 felicioribus
994 1401 1025 1433 in

290 1453 355 1485 dies
379 1453 525 1496 proficiat
548 1454 756 1486 incrementis.

335 1507 349 1549 ᾖ
374 1506 404 1539 ¹l.
434 1507 471 1539 Ut
495 1506 590 1548 igitur
614 1506 756 1539 minister
773 1510 802 1540 et
819 1506 924 1539 clerici
941 1516 1028 1549 prae—

291 1559 364 1591 dicti
390 1569 426 1592 eo
450 1559 620 1591 ferventius
642 1559 671 1591 in
692 1570 748 1592 suo
770 1559 920 1592 laudabili
945 1559 1028 1591 insti-

291 1617 357 1645 tuto
380 1617 591 1655 perseverent,
608 1622 670 1654 quo
694 1611 867 1644 maioribus
892 1622 924 1644 se
949 1611 1029 1644 vide-

290 1665 353 1697 rint
364 1665 523 1698 favoribus
536 1670 566 1696 et
578 1664 686 1706 gratiis
703 1664 848 1704 munitos,
862 1665 1028 1707 providere

291 1719 439 1758 volentes,
463 1729 499 1750 ac
523 1718 698 1760 singulares
723 1718 857 1749 ministri
882 1723 910 1750 et
942 1718 1029 1750 cleri-

291 1781 402 1804 corum
416 1770 649 1814 praedictorum
667 1780 817 1813 personas
835 1780 851 1801 a
867 1770 1028 1813 quibusvis

292 1823 635 1862 excomimtnicationis,
651 1823 864 1866 suspensionis
881 1828 912 1855 et
936 1823 1030 1855 inter-

292 1877 376 1917 dicti,
393 1877 523 1921 aliisque.
540 1876 758 1910 ecclesiasticis
775 1876 944 1915 sententiis,
961 1887 1030 1909 cen-

293 1930 374 1962 suris
397 1935 427 1962 et
450 1930 580 1973 poenis,
605 1940 623 1962 a
647 1930 715 1962 iure
740 1929 787 1961 vel
817 1929 855 1961 ab
880 1929 1028 1969 homine,

294 1983 403 2025 quavis
426 1983 588 2016 occasione
609 1983 656 2015 vel
682 1985 775 2015 causa
800 1982 890 2022 latis,
912 1983 936 2015 si
960 1983 1028 2026 qni-

294 2034 352 2067 bus
375 2035 610 2077 quomodolibet
634 2036 798 2069 innodatae
821 2036 967 2076 existunt,
991 2035 1030 2068 ad

295 2086 440 2119 effectum
476 2088 687 2130 praesentium
719 2089 879 2120 dumtaxat
914 2099 1027 2122 conse—

295 2140 465 2183 quendum,
482 2140 593 2173 harum
608 2141 689 2174 serie
708 2141 913 2181 absolventes,
934 2147 963 2174 et
980 2142 1032 2174 ab-

295 2193 412 2225 solutas
441 2193 507 2226 sore
538 2199 719 2234 censentes,
750 2194 1031 2237 supplicationibus

296 2255 406 2278 eorum
430 2245 557 2278 nomine
572 2245 663 2278 nobis
678 2256 774 2289 super
790 2246 849 2278 hoc
869 2246 1030 2278 humiliter

295 2298 449 2341 porrectis
473 2298 629 2338 inclinati,
648 2298 888 2341 Congregationi
912 2298 1032 2341 praedi-

296 2356 372 2391 ctae,
388 2351 533 2394 illiusque
549 2351 691 2384 ministro
708 2356 738 2383 et
753 2351 886 2391 clericis,
900 2351 1031 2394 aliisque

296 2403 451 2447 personis,
475 2409 510 2436 ut
533 2404 678 2436 omnibus
702 2408 732 2437 et
755 2404 886 2446 singulis
910 2404 1031 2448 privile-

296 2456 365 2499 giis,
385 2457 651 2497 immunitatibus,
675 2456 881 2497 libertatibus,
908 2457 1032 2490 faculta-

296 2510 390 2551 tibus,
421 2510 691 2554 exemptionibus,
715 2510 846 2553 aliisque
870 2510 979 2552 gratiis
1002 2515 1032 2543 et

297 2563 439 2604 indultis,
466 2569 531 2596 tam
555 2563 768 2607 spiritualibus
792 2574 885 2606 quam
910 2569 1032 2607 tempo-

298 2616 425 2658 ralibus,
440 2617 608 2651 Ordinibus
627 2617 876 2658 Mendicantium,
893 2617 1033 2650 illorum-

298 2681 359 2715 que
381 2671 617 2716 superioribus,
643 2670 885 2715 professoribus,
908 2680 1030 2706 necnon

1093 299 1134 321 xv
1159 299 1207 321 PP.

1058 345 1206 385 ecclesiis,
1232 345 1445 385 monasteriis,
1474 343 1669 385 regularibus
1694 343 1793 382 locis,

1058 398 1151 430 etiam
1175 409 1231 441 per
1255 398 1335 429 viam
1361 396 1653 429 communicationis
1679 396 1724 427 vel
1745 407 1795 427 ex-

1059 450 1216 489 tensionis,
1227 454 1278 483 aut
1291 450 1365 481 alias
1379 449 1625 492 quomodolibet,
1636 459 1692 491 per
1705 459 1796 491 quos-

1059 514 1193 545 cumque
1218 504 1373 536 Romanos
1390 503 1554 536 l'ontilices
1575 502 1795 546 praedecesso-

1059 567 1108 588 res
1131 547 1266 596 nostros,
1284 567 1319 588 ac
1344 556 1437 589 etiam
1463 567 1529 593 nos,
1559 555 1794 598 quomodolibet

1059 610 1225 648 concessis,
1243 614 1269 641 ct
1285 609 1399 652 quibus
1417 609 1485 652 ipsi,
1500 619 1619 641 necnon
1637 609 1795 650 ecclcsiae,

1059 662 1267 701 monasteria,
1292 666 1321 695 et
1345 662 1501 703 regularia
1526 663 1591 694 loca
1617 660 1794 694 huiusmodi

1059 714 1096 746 de
1121 715 1199 754 iure,
1218 726 1286 755 usu,
1311 714 1545 753 consuetudine,
1563 714 1727 758 privilegio
1744 718 1797 745 aut

1060 768 1260 800 concessione
1285 768 1473 810 apostolica,
1498 767 1528 799 in
1554 778 1669 809 genere
1693 767 1740 799 vel
1766 766 1796 798 in

1060 820 1172 863 speeie,
1190 831 1226 853 ac
1242 826 1305 852 tam
1326 821 1519 854 coniunctim
1544 831 1637 863 quant
1661 819 1795 859 divisim,

1060 883 1114 905 seu
1137 873 1212 905 alias
1236 873 1470 916 quomodolibet
1491 878 1629 912 utuntur,
1650 874 1796 905 fruuntur

1060 930 1089 956 et
1113 925 1264 967 gaudent,
1289 936 1323 958 ac
1349 926 1407 965 uti,
1432 926 1492 958 frui
1518 932 1545 957 et
1572 925 1708 967 gaudere
1728 936 1796 968 pos-

1060 984 1130 1010 sunt
1148 984 1177 1010 et
1190 984 1337 1021 poterunt
1350 978 1585 1021 quomodolibet
1600 979 1631 1011 in
1644 979 1796 1018 futurum,

1060 1031 1232 1064 dummodo
1257 1037 1360 1064 tamen
1385 1032 1442 1063 sint
1469 1032 1498 1063 in
1523 1043 1591 1071 usu,
1609 1037 1637 1064 et
1658 1042 1720 1064 non
1737 1031 1794 1063 sint

1061 1089 1213 1120 revocata,
1230 1090 1282 1116 aut
1299 1084 1356 1117 sub
1373 1084 1529 1127 aliquibus
1549 1084 1797 1117 revocationibus

1060 1137 1297 1179 comprehensa,
1310 1148 1366 1169 nec
1380 1137 1476 1169 sacris
1493 1137 1664 1170 canonibus
1678 1142 1707 1169 et
1723 1137 1798 1169 Con·

1060 1189 1122 1221 cilii
1147 1190 1318 1222 Tridentini
1342 1190 1476 1222 decretis
1498 1196 1550 1222 aut
1567 1190 1797 1223 constitutioni-

1060 1243 1119 1274 bus
1136 1242 1314 1285 apostolicis
1328 1248 1513 1285 repugnent,
1529 1243 1596 1286 pari
1614 1243 1717 1283 modo,
1734 1253 1797 1275 non

1060 1295 1162 1327 solum
1187 1295 1225 1327 ad
1250 1305 1358 1327 eorum
1384 1295 1491 1335 instar,
1509 1295 1562 1328 sed
1585 1296 1797 1339 parilormiter

1060 1352 1090 1380 et
1114 1358 1211 1391 aeque
1236 1348 1462 1391 principaliter,
1481 1348 1610 1391 perinde
1635 1359 1669 1381 ae
1695 1349 1720 1381 si
1737 1348 1797 1380 illis

1060 1401 1243 1433 nominatim
1269 1406 1299 1433 et
1322 1401 1353 1433 in
1371 1401 1473 1444 specie
1495 1411 1643 1434 concessa
1658 1401 1797 1440 fuissent,

1061 1454 1114 1493 uti,
1131 1454 1192 1486 l‘rui
1213 1460 1242 1487 et
1259 1454 1395 1496 gaudere
1409 1455 1506 1487 libere
1524 1459 1553 1488 et
1569 1454 1650 1487 licite
1668 1454 1798 1494 valeant,

1061 1507 1233 1549 apostolica
1246 1507 1440 1547 auctoritate,
1455 1513 1562 1540 tenore
1575 1507 1797 1551 praesentium,

1062 1565 1215 1602 perpetuo
1240 1560 1441 1592 concedimus
1465 1565 1495 1592 et
1518 1560 1733 1602 indulgemus,
1752 1560 1798 1591 di-

1062 1617 1172 1655 ctaque
1192 1612 1365 1655 privilegia,
1386 1612 1607 1653 immunitates,
1627 1612 1797 1652 libertates,

1061 1666 1232 1705 facultates,
1250 1666 1473 1709 exemptiones,
1497 1666 1613 1708 gratias
1633 1671 1659 1698 et
1679 1665 1797 1698 indulta

1062 1718 1106 1750 eis
1131 1719 1410 1759 communicamus,
1427 1719 1542 1762 illaque
1557 1719 1596 1751 ad
1620 1729 1674 1751 eos
1691 1722 1796 1752 exten-

1062 1771 1174 1803 dimus.

1107 1824 1174 1867 §2
1210 1825 1439 1865 Decernentes,
1470 1828 1648 1868 praesentes
1680 1825 1798 1857 litteras

1063 1877 1188 1917 validas,
1203 1877 1310 1909 firmas
1322 1883 1352 1910 et
1369 1878 1510 1910 efficaces
1526 1878 1659 1910 existere
1676 1883 1703 1910 et
1721 1878 1798 1917 sore,

1063 1941 1199 1973 suosque
1221 1931 1378 1974 plenarios
1393 1936 1423 1965 et
1439 1931 1577 1974 integros
1593 1932 1721 1964 effectus
1737 1942 1800 1964 sor-

1063 1982 1115 2014 tiri
1139 1988 1167 2015 et
1191 1983 1343 2023 obtinere,
1362 1994 1397 2016 ac
1421 1984 1599 2027 praeposito
1624 1989 1653 2016 et
1677 1983 1799 2016 clericis

1063 2035 1230 2079 praedictis
1254 2036 1286 2068 in
1309 2037 1456 2069 omnibus
1481 2042 1511 2070 et
1532 2048 1588 2081 per
1612 2038 1718 2070 omnia
1738 2037 1800 2080 ple-

1063 2088 1190 2121 nissime
1214 2088 1401 2131 suffragari;

1108 2141 1122 2184 ἓ
1146 2140 1176 2174 3.
1202 2141 1314 2185 Sicque
1343 2153 1400 2185 per
1434 2153 1650 2185 quoscumque
1681 2142 1800 2175 iudices

1064 2194 1240 2227 ordinarios
1265 2200 1295 2227 et
1318 2195 1497 2237 delegatos,
1518 2196 1611 2228 etiam
1635 2206 1798 2228 causarum

1064 2246 1169 2288 palatii
1193 2247 1356 2290 apostolici
1376 2247 1543 2287 auditores,
1561 2247 1691 2280 iudicari
1708 2253 1738 2279 et
1751 2248 1800 2280 de-

1064 2299 1148 2331 finiri
1172 2299 1298 2339 debere,
1322 2310 1357 2331 ac
1382 2300 1506 2332 irritum
1531 2303 1560 2333 et
1585 2300 1684 2339 inane,
1710 2299 1735 2332 si
1755 2310 1800 2331 se-

1065 2361 1119 2384 cus
1143 2362 1237 2394 super
1261 2352 1309 2384 liis
1333 2362 1350 2384 a
1373 2362 1542 2395 quoquam,
1567 2352 1674 2395 quavis
1699 2356 1802 2385 aucto-

1064 2404 1164 2444 ritate,
1189 2404 1322 2437 scienter
1346 2406 1393 2437 vel
1419 2404 1610 2447 ignoranter,
1635 2405 1801 2447 contigerit

1064 2456 1218 2489 attentari.

1109 2510 1124 2553 ἓ
1148 2510 1177 2542 4.
1202 2511 1271 2543 Non
1294 2510 1490 2543 obstantibus
1512 2513 1619 2544 nostra
1638 2510 1676 2543 de
1693 2511 1801 2554 gratiis
1843 2519 1998 2545 cwntr-‹rssiwine

1777 2564 1783 2569 ,
1815 2546 1910 2571 derogat.

1065 2563 1104 2595 ad
1120 2563 1217 2596 instar
1239 2574 1303 2596 non
1328 2564 1534 2597 concedendis
1548 2591 1555 2605 ‚
1579 2575 1615 2597 ac
1639 2564 1801 2608 quibusvis

1065 2616 1339 2650 constitutionibus
1363 2622 1393 2649 et
1417 2617 1665 2651 ordinationibus
1681 2624 1801 2662 aposto-

1066 2670 1144 2712 licis,
1159 2681 1205 2711 aC,
1218 2675 1370 2714 quatenus
1388 2682 1467 2715 opus
1482 2671 1531 2713 sit,
1548 2671 1698 2705 Ordinum
1716 2682 1801 2716 prae·
1824 2675 1828 2678 '

1699 286 1760 318 745)
1807 295 1856 320 An.
1876 294 1904 320 c.
1920 294 1989 320 1622

1820 1833 1927 1854 Clausulas
1938 1841 1999 1860 prac-

1814 1864 1930 1889 svrvatnas
1959 1867 1996 1886 :ip-

1814 1890 1880 1912 penit.

1816 2177 1819 2179 q
1842 2149 1864 2180 [j]
1890 2150 1998 2170 ilecrcluin

1815 2179 1906 2197 irritans.
