2293 3231
103 273 161 302 «Διι.
178 271 208 301 c.
229 271 297 300 ¹622
905 272 1080 297 GnEGOl'itUS
1104 273 1146 298 xv
1170 273 1219 298 1³1².
1725 261 1788 297 743
1835 273 1924 300 Amo.
1949 271 2014 301 1622

306 324 342 353 ut
364 319 461 361 infra,
486 318 704 364 applicentur)
729 320 905 353 consentire
930 331 1044 365 propo·
1060 328 1062 360 ξ
1079 321 1211 354 cessoris
1236 320 1355 361 nostri,
1376 331 1455 364 qnae
1479 319 1587 364 incipit
1607 319 1816 361 Execrabilis,

307 373 422 413 sue1·it;
447 383 544 417 quare
563 384 620 417 pro
637 377 725 417 parte
749 379 906 407 rectorum
924 379 955 406 ct
971 384 1045 407 con-
1061 368 1062 402 ἶ
1080 375 1124 407 vel
1152 375 1377 408 assecutionem
1405 374 1531 407 alterius
1556 373 1697 406 beneficii
1723 374 1818 406 eccle-

307 426 440 460 frati-um
462 427 640 460 huiusmodi
663 428 897 470 (asserentium,
916 420 1192 471 s1·uctus,]siastici
1224 428 1332 471 quavis
1360 427 1544 460 auctoritate
1568 427 1688 466 collati,
1715 432 1817 467 vacet,

308 479 452 513 redditus
464 486 493 512 et
508 484 678 523 proventus
687 480 787 513 dictae
797 481 945 513 ecclesiae
955 481 982 513 S.
994 481 1045 514 Ni-
1061 506 1062 529 ᾖ
1079 481 1199 513 etiamsi
1215 484 1297 513 lanto
1311 486 1454 523 tempore
1472 479 1636 518 vacaverit,
1649 478 1734 522 quod
1751 479 1818 511 eius

309 532 387 566 colai
413 537 537 565 centurn
565 538 595 565 et
618 533 843 577 quinquaginta
860 533 1044 567 ducatorum
1061 538 1062 578 ᾗ
1079 534 1203 567 collatio
1228 534 1310 565 iuxta
1329 533 1543 566 Laterancnsis
1560 538 1674 565 statuta
1694 532 1818 565 concilii

309 585 376 618 auri
390 585 428 618 de
439 587 575 626 camera,
590 586 760 618 secundum
779 596 944 619 comunem
959 587 1063 630 aesti7
1080 587 1137 619 sit¹
1156 587 1194 619 ad
1216 586 1325 619 Sedem
1352 587 1540 629 praedictam
1568 586 1704 628 legitime
1729 586 1820 619 dero-

306 637 496 677 mationem‚
525 639 660 671 valorem
693 649 831 671 annuum
862 648 924 671 non
952 649 1044 672 exce·
1079 640 1153 677 luta,
1178 640 1306 683 ipsaque
1332 639 1462 671 ecclesia
1493 638 1522 671 S.
1548 639 1664 671 Nicolai
1690 639 1819 682 disposi-

308 689 404 733 dere)
428 691 518 724 nobis
546 691 604 723 suit
629 691 789 724 humiliter
816 692 1025 735 supplicatum
1041 719 1047 731 ‚
1080 693 1155 725 tioni
1170 692 1360 736 apostclicae
1374 692 1551 735 specialiter
1567 692 1612 724 vel
1631 692 1819 734 generaliter

309 749 462 787 quatenus
476 744 520 777 eis
537 744 568 776 in
585 745 765 788 praemissis
783 750 961 788 opportune
978 755 1063 788 pros
1081 751 1238 778 reservata
1255 748 1374 784 existat,
1389 750 1418 777 et
1436 755 1529 787 super
1547 747 1581 776 ea
1601 744 1681 776 inter
1698 744 1820 788 aliquos

309 797 417 829 videre
441 797 479 829 de
509 797 701 840 benignitate
733 798 904 841 apostolica
939 798 1047 840 digna·
1063 819 1065 852 ἱ
1082 798 1129 836 lis,
1147 798 1235 830 cuius
1259 803 1372 829 statum
1398 797 1616 841 praesentibus
1640 796 1748 830 haberi
1771 808 1821 830 vo-

309 860 434 884 remur:
1064 851 1185 887 dumus
1215 861 1272 893 pro
1304 861 1469 894 expresso,
1501 850 1634 894 pendeat
1667 849 1820 894 indecisa)

172 916 295 938 Nunevero
355 904 370 947 ἓ
393 903 422 936 4.
447 903 510 937 Nos
533 903 629 946 igitur
653 903 724 947 (qui
748 903 865 936 dudum
891 903 971 936 inter
991 903 1049 935 alia
1064 889 1065 913 1
1082 904 1294 937 omnimodam
1320 914 1427 936 curam
1454 904 1629 936 animarum
1657 904 1820 947 parochia-

112 942 297 991 {1222‘2302233
312 957 480 997 voluimus,
506 957 590 1001 quod
614 963 753 1000 petentes
778 957 929 989 beneficia
954 958 1065 1000 eccle-J
1083 968 1195 990 norum
1221 958 1411 995 huiusmodi,
1429 968 1464 989 ae
1489 957 1590 989 ollicia
1607 962 1637 989 et
1657 967 1752 989 onera
1772 967 1823 1001 pa·

111 996 437 1043 31⁰3÷lm⁰n²l‘³2l’nilsiastiea
460 1010 529 1042 aliis
552 1010 646 1049 uniri,
671 1014 853 1043 tenerentur
872 1006 1065 1053 exprimere*
1083 1010 1232 1043 rochialia
1257 1010 1300 1041 illi
1325 1010 1562 1052 quomodolibet
1591 1009 1820 1050 incumbentia,

111 1048 298 1106 ssgssi'·2iss³ciii²ai'12
312 1074 420 1097 verum
438 1064 587 1103 valorem,
608 1063 780 1096 secundum
801 1064 1048 1096 aestimationem
1083 1063 1270 1106 illorumque
1296 1057 1343 1095 ius
1368 1068 1397 1095 et
1421 1063 1603 1096 exercitium
1628 1063 1820 1104 universum,

113 1107 184 1124 ⁰¹¹¹¹²¹³
197 1102 290 1124 ²bd¹⁰³²'
311 1116 515 1160 praedictam,
529 1116 620 1148 etiam
637 1116 789 1155 beneficii,
804 1116 852 1148 cui
867 1116 951 1148 aliud
969 1116 1048 1148 uniri
1064 1153 1065 1158 ¹
1083 1116 1251 1159 apostolica
1267 1117 1461 1150 auctoritate,
1476 1122 1584 1149 tenore
1597 1116 1820 1160 praesentium,

309 1174 447 1213 petetur,
472 1170 610 1212 alioquin
628 1169 701 1202 unio
722 1169 900 1201 huiusmodi
918 1179 981 1201 non
998 1180 1046 1201 va·
1064 1172 1065 1189 l
1082 1174 1234 1213 perpetuo
1259 1170 1458 1202 abdicamus:

310 1223 405 1263 leret,
430 1228 460 1255 et
484 1233 608 1266 semper
624 1223 655 1254 in
677 1223 844 1255 unionibus
868 1200 1066 1263 commissio!
1126 1226 1140 1265 ξ
1165 1223 1194 1255 5.
1224 1223 1335 1266 Sicque
1371 1223 1512 1255 abdicata
1536 1222 1574 1255 ad
1598 1223 1733 1266 aliquam
1766 1234 1821 1256 seu
1859 1263 1862 1266 Δ
1883 1237 1975 1263 samque
1991 1237 2019 1256 aa

309 1276 400 1309 fieret
412 1276 450 1308 ad
463 1281 577 1319 partes,
593 1275 709 1308 vocatis
722 1286 856 1319 quorum
874 1275 1048 1315 interesset,
1081 1275 1200 1318 aliquas
1210 1275 1405 1319 parochiales
1415 1275 1562 1308 ecclesias
1572 1275 1820 1317 circumvicinas,
1835 1263 2020 1319 ῗῘζἹὲι-Ᾱίῗξῖᾆῗῖῗῖ

310 1329 457 1373 idemque
480 1330 703 1362 observaretur
720 1329 751 1362 in
769 1329 931 1372 quibusvis
948 1329 1049 1372 appli—
1064 1322 1065 1329 ¹
1082 1329 1214 1362 arbitrio
1232 1329 1304 1361 dicti
1326 1329 1492 1361 Alexandri
1518 1328 1656 1372 episcopi
1673 1334 1702 1361 et
1719 1329 1821 1362 cardi·
1836 1317 2021 1373 3:1333331'123333

311 1382 484 1416 cationibus
503 1382 542 1415 de
558 1382 719 1425 quibusvis
743 1382 896 1415 fructibus
913 1387 942 1414 et
960 1382 1049 1415 bonis
1063 1355 1065 1398 i
1081 1382 1160 1415 nalis
1176 1382 1235 1425 (stss
1255 1382 1340 1426 quod
1357 1382 1536 1426 parochiani
1558 1382 1654 1425 ipsius
1672 1382 1821 1415 ecclesiae
1837 1370 1917 1417 i'e'iifm
1952 1372 2021 1390 “³⁰⁵⁸

311 1435 545 1475 ecclesiasticis3
563 1436 678 1479 quique
692 1436 788 1468 divini
805 1436 907 1468 cultus
926 1446 961 1468 ac
981 1418 1066 1479 pio-¹>
1083 1436 1111 1468 S.
1129 1436 1246 1469 *Nicolai
1265 1446 1347 1468 nunc
1363 1441 1393 1468 et
1410 1446 1468 1479 pro
1493 1441 1635 1479 tempore
1655 1436 1820 1469 existentes

310 1500 382 1522 rum
406 1500 539 1533 operum
570 1490 672 1522 studio
702 1489 949 1522 incumbentium
973 1500 1048 1533 pro-
1082 1489 1229 1532 deinceps
1247 1489 1277 1521 in
1295 1494 1482 1532 perpetuum
1508 1489 1546 1521 ad
1571 1489 1747 1529 ecclesiam,
1764 1500 1820 1523 seu

311 1542 512 1586 pagationem
544 1548 574 1575 et
604 1543 833 1576 incrementum
863 1543 1047 1586 praesertim
1064 1546 1065 1567 l
1082 1543 1240 1583 ecclesias,
1266 1543 1303 1574 ad
1329 1553 1422 1586 quam
1448 1553 1503 1575 seu
1527 1553 1605 1585 quas
1631 1543 1700 1575 illos
1724 1549 1820 1576 trans-

311 1594 344 1627 in
360 1595 443 1628 alma
464 1595 545 1629 Urbe
570 1599 678 1629 nostra
703 1596 809 1639 vigere
834 1596 964 1628 sinceris
981 1606 1050 1628 exo·
1083 1596 1156 1628 ferri
1182 1595 1367 1638 contigerit,
1392 1601 1552 1639 tamquam
1582 1596 1743 1639 propriam
1766 1606 1822 1629 seu

311 1654 438 1693 ptamus
461 1649 648 1693 affectibus),
663 1650 746 1693 ipsos
770 1655 910 1682 rectores
927 1660 962 1682 ac
979 1635 1067 1681 con-¹
1084 1650 1229 1693 proprias
1242 1660 1350 1683 eorum
1366 1649 1575 1693 parochialem
1589 1649 1752 1682 ecclesiam
1767 1660 1822 1682 seu

310 1702 513 1737 fraternitatis
525 1703 705 1736 huiusmodi
715 1704 890 1746 singulares
900 1713 1050 1747 personas
1065 1698 1067 1738 *J
1084 1703 1279 1747 parochiales
1311 1703 1459 1736 ecclesias
1489 1713 1547 1746 pro
1573 1702 1676 1735 missis
1700 1708 1730 1735 et
1753 1703 1821 1736 aliis

312 1766 330 1788 a
352 1756 514 1799 quibusvis
537 1757 886 1796 excommunicationis,
918 1748 1196 1800 sussen-*divinis
1225 1756 1336 1789 officiis
1368 1756 1530 1788 audiendis
1555 1766 1591 1789 ac
1619 1756 1822 1790 sacramentis

312 1809 408 1842 sionis
433 1815 463 1842 et
486 1810 653 1850 interdicti,
677 1810 807 1853 aliisque
832 1810 1050 1843 ecclesiasticis
1066 1820 1067 1863 i
1083 1810 1302 1843 ecclesiasticis
1327 1810 1536 1853 percipiendis
1560 1815 1721 1853 tamquam
1748 1810 1821 1850 veri,

312 1863 483 1904 sententiis,
497 1864 638 1896 censuris
655 1869 684 1896 et
701 1864 820 1907 poenis,
834 1874 850 1896 a
867 1864 934 1896 iure
948 1864 995 1896 vel
1012 1863 1050 1895 ab
1084 1864 1160 1895 certi
1185 1868 1214 1895 et
1240 1862 1403 1895 indubitati
1428 1863 1496 1895 eius
1521 1874 1576 1895 seu
1600 1873 1708 1895 earum
1734 1874 1823 1907 paro-

312 1917 450 1958 homine‚
467 1918 575 1961 quavis
594 1918 757 1950 occasione
781 1918 828 1950 vel
854 1920 946 1950 causa
970 1917 1049 1957 latis,
1066 1927 1067 1960 g
1085 1916 1187 1948 chiani
1207 1916 1371 1956 accedere,
1397 1921 1426 1948 et
1450 1915 1488 1948 ad
1513 1926 1619 1948 curam
1645 1916 1821 1950 animarum

314 1970 340 2002 si
355 1970 470 2014 quibus
486 1970 723 2014 quomodolibet
745 1970 884 2003 innodati
909 1970 1050 2011 existant,
1066 1962 1068 1990 l
1086 1970 1116 2001 in
1133 1970 1264 2002 ecclesia
1279 1980 1333 2002 seu
1347 1969 1496 2009 ecclesiis,
1510 1969 1547 2001 ad
1565 1980 1658 2013 quam
1676 1980 1729 2002 seu
1746 1980 1823 2014 quas

314 2022 353 2056 ad
369 2022 514 2056 effectum
533 2023 743 2067 praesentium
770 2023 931 2056 dumtaxat
947 2016 1068 2072 conse-l
1085 2023 1224 2055 translati
1249 2023 1364 2057 suerint
1388 2023 1579 2063 huiusmodi,
1605 2023 1754 2056 canonice
1775 2023 1824 2056 de-

314 2076 484 2120 quendum,
500 2077 612 2110 harum
633 2077 714 2110 serie
739 2077 935 2110 absolventes
953 2083 983 2109 et
1002 2078 1052 2109 ab·
1067 2073 1069 2095 3*
1084 2081 1226 2120 putatum
1243 2087 1297 2109 seu
1312 2077 1478 2120 deputatos
1493 2082 1648 2110 rectorem
1660 2087 1713 2109 seu
1725 2081 1823 2110 recto-

314 2129 433 2162 solutos
450 2130 515 2162 sore
535 2136 706 2171 censentes,
723 2130 903 2162 huiusmodi
927 2130 1048 2173 suppli-
1085 2141 1135 2162 res
1155 2141 1212 2173 pro
1236 2136 1380 2173 tempore
1404 2130 1448 2162 uti
1474 2141 1584 2162 verum
1604 2135 1634 2162 et
1657 2130 1822 2174 proprium

315 2182 489 2215 cationibus
511 2182 659 2223 inclinati,
685 2194 722 2215 ex
745 2193 827 2216 nunc
852 2194 870 2215 a
894 2183 977 2216 dicta
1001 2194 1052 2215 ec-
1067 2178 1069 2214 l
1084 2183 1257 2227 parochum
1275 2194 1330 2216 seu
1347 2194 1438 2216 veros
1456 2189 1486 2216 et
1502 2183 1648 2227 proprios
1669 2184 1823 2226 parochos

315 2235 411 2268 clesia
435 2235 463 2268 S.
481 2235 599 2268 Nicolai
614 2235 691 2279 (sive
710 2236 894 2280 praemisso,
911 2236 973 2268 sive
991 2236 1051 2269 alio
1067 2219 1069 2277 ¹,
1086 2246 1313 2278 recognoscere
1331 2241 1361 2269 et
1380 2237 1558 2277 observare,
1576 2247 1611 2269 ae
1629 2236 1673 2268 illi
1691 2247 1746 2269 seu
1763 2236 1823 2269 illis

315 2288 426 2332 quovis
446 2288 550 2329 modo,
568 2293 622 2321 aut
634 2299 669 2322 ex
684 2289 812 2322 alterius
826 2289 1052 2332 cuiuscumque
1068 2279 1070 2320 l
1085 2289 1221 2322 debitam
1239 2289 1447 2322 obedientiam
1465 2294 1495 2322 et
1511 2289 1718 2322 reverentiam
1736 2288 1823 2322 exbi-

315 2343 466 2386 persona,
491 2352 546 2375 seu
569 2352 626 2385 per
649 2342 782 2374 liberam
807 2342 1052 2385 resignationem
1068 2327 1070 2377 Ῐ
1086 2343 1170 2383 bere,
1188 2353 1223 2376 ac
1240 2343 1307 2375 iura
1324 2343 1516 2386 parochialia
1530 2348 1559 2376 et
1572 2348 1721 2375 consueta
1737 2353 1824 2386 prae-

315 2394 389 2427 dicti
414 2395 537 2428 loannis
560 2395 715 2438 Baptistae
745 2396 791 2428 vel
821 2396 957 2428 cuiusvis
981 2394 1824 2439 altc-'staredebeantetteneantur),dictaauctoritate

314 2448 381 2482 rius
405 2448 443 2480 de
463 2448 515 2481 illa
535 2447 567 2480 in
587 2448 669 2490 dicta
693 2448 782 2481 curia
807 2450 854 2482 vel
880 2454 967 2482 extra
985 2460 1051 2482 eam
1087 2451 1257 2493 apostolica
1281 2450 1373 2483 etiam
1397 2455 1548 2494 perpetuo
1574 2450 1800 2483 transferimus:

315 2501 407 2534 etiarn
432 2511 539 2534 coram
567 2501 690 2535 notario
719 2501 845 2545 publico
870 2507 901 2535 et
924 2502 1053 2535 testibus
1131 2503 1190 2547 §ti
1202 2504 1238 2536 Et
1251 2503 1282 2536 in
1296 2504 1363 2548 ipsa
1377 2504 1508 2537 ecelesia
1523 2504 1552 2536 S.
1565 2503 1683 2537 Nicolai
1697 2512 1822 2544 nomen,
1865 2511 2023 2532 Aedenomina-

315 2560 428 2598 sponte
449 2555 572 2595 saetam,
597 2561 650 2588 aut
674 2556 927 2590 constitutionem
955 2556 1053 2589 felicis

315 2608 542 2641 recordationis
564 2609 688 2642 Ioannis
712 2609 812 2653 Papae
836 2609 907 2643 Xll¹
927 2610 1054 2654 praede—

352 2673 364 2698 1
381 2671 453 2700 Alias
467 2676 531 2709 puto
546 2672 600 2710 legi
613 2673 698 2700 XXII
711 2675 747 2710 (R.
763 2672 809 2708 ¹11).

1087 2557 1211 2590 titulum
1232 2563 1262 2589 et
1285 2557 1571 2590 denominationem
1596 2567 1633 2590 ae
1657 2557 1823 2591 essentiam
1839 2566 1879 2586 ium
1913 2563 2024 2589 paroehia-

1839 2593 1879 2612 lem
1901 2590 1970 2611 dictae
1989 2595 2025 2609 ec-

1087 2610 1275 2653 paroehialis
1301 2610 1470 2651 ecclesiae,
1497 2610 1642 2654 illiusque
1668 2610 1823 2651 rectoris,
1840 2619 1945 2666 vssffim
1975 2621 2024 2642 ων·

1123 2671 1570 2708 1Edit.MainAegitestxarQ
1816 2651 1850 2681 -Ρ
1912 2658 1917 2665 “

1839 2539 1916 2559 tionem
1937 2540 1957 2558 et
1975 2537 2023 2557 titu-
2065 2535 2071 2541 '
