2293 3231
23 289 71 316 Αη.
84 288 112 316 C.
135 287 201 315 16¹2

857 285 974 310 PAULt'S
1001 286 1017 308 V
1044 286 1089 309 1’1·.

217 344 316 375 scum,
336 344 393 378 pro
410 333 524 378 quibus
541 334 666 377 exigere
686 333 805 378 possint
822 332 957 366 bonone-

216 398 274 422 nos
298 391 371 420 tres.

261 439 312 473 30.
339 440 399 473 Pro
422 439 656 473 subhastatione
680 445 709 473 et
733 439 956 472 deliberatione

217 493 397 538 pignorum,
415 493 479 526 sive
502 504 608 526 rerum
633 498 663 527 et
687 493 843 526 bonorum
861 492 958 525 mobi-

217 547 294 580 lium
320 552 350 580 et
374 547 595 587 immobilium,
612 558 712 592 usque
737 547 774 579 ad
800 556 957 578 summam

219 601 314 634 trium
343 607 504 635 scutorum
520 628 527 641 ‚
551 602 752 635 bononenum
778 610 874 633 unum
900 610 957 643 pro

219 654 359 698 quolibet
375 660 480 695 scuto,
498 655 537 687 ab
553 655 624 687 inde
649 665 754 698 supra,
774 654 958 687 bononenos

219 707 298 741 duos
321 718 379 752 pro
404 708 542 752 quolibet
563 713 669 748 scuto,
688 708 728 740 ita
747 712 849 740 tamen
873 706 958 750 quod

219 760 301 793 ultra
326 771 423 794 unum
449 767 570 794 scutum
587 771 649 794 non
667 761 791 804 exigant
807 771 865 804 pro
882 770 958 804 qua—

220 824 358 858 cumque
382 815 527 855 summa,
550 815 643 848 etiam
664 814 748 858 quod
772 824 822 846 res
846 813 959 846 subha-

220 871 317 899 statae
335 872 365 900 et.
381 867 570 900 deliberatae
583 866 620 899 ad
638 876 783 910 magnam
801 876 957 899 summam

220 919 396 953 ascendant.

529 992 544 1035 ἓ
567 991 656 1024 XXII.

276 1063 323 1096 De
347 1061 551 1096 Baroncellis
575 1065 603 1094 et
627 1059 908 1105 exequutorz'bus¹.

271 1132 295 1165 1.
310 1131 485 1165 Baroncelli
499 1135 530 1164 et
543 1135 750 1174 exequutores
766 1140 875 1163 omnes
889 1141 961 1174 qua-

222 1194 430 1228 rumcumque
455 1184 616 1217 curiarum
633 1184 800 1216 observent
817 1183 847 1216 in
864 1184 962 1217 omni-

221 1238 280 1271 bus
305 1243 334 1271 et
357 1249 414 1282 per
438 1238 543 1271 omnia
567 1238 721 1278 tabulam,
739 1237 962 1278 ordinationes,

221 1296 254 1325 et
277 1297 380 1325 taxant
404 1291 442 1324 de
470 1291 618 1324 mandato
649 1296 757 1324 nostro
789 1291 907 1331 editas3
933 1297 960 1324 et

221 1356 280 1390 pro
304 1345 514 1390 exequutione
538 1356 735 1390 quacumque
760 1345 837 1378 nihil
863 1346 963 1388 (ultra

222 1399 415 1444 praedictam
440 1404 543 1432 taxant
572 1404 602 1432 et
618 1400 797 1433 mercedem
823 1401 867 1433 eis
891 1401 965 1434 assi-

223 1454 372 1497 gnatam)
395 1453 489 1486 etiam
515 1452 554 1485 11Ξ
578 1458 688 1498 sponte
713 1453 858 1487 dantibus
884 1454 963 1487 reci—

222 1507 318 1553 piant,
335 1507 393 1540 sub
417 1507 527 1551 poenis
550 1507 582 1539 in
605 1508 643 1540 011
667 1508 829 1542 contentis.

267 1561 297 1594 2.
315 1561 460 1600 Quinimo
477 1571 533 1594 nee
550 1561 687 1594 debitam
710 1562 889 1596 mercedem
907 1574 963 1596 nec

224 1614 308 1647 aliud
332 1615 501 1658 quiequam
526 1614 620 1648 etiam
644 1626 662 1647 a
685 1620 796 1659 sponte
820 1615 964 1650 dantibus

224 1667 387 1712 recipiant,
412 1667 472 1701 nisi
497 1669 577 1701 saeta
602 1679 675 1701 vere
699 1673 729 1701 et
753 1669 880 1701 realiter
897 1680 966 1702 exe-

224 1722 377 1766 quutione
409 1722 486 1755 reali
516 1722 563 1755 vel
587 1722 766 1766 personali,
790 1728 843 1756 aut
867 1723 964 1767 captis

224 1775 429 1819 pignoribus;
446 1786 583 1820 quorum
607 1781 761 1809 retractus
779 1776 804 1808 si
827 1786 889 1809 non
907 1778 966 1809 suf-

225 1829 348 1869 ficeret,
373 1829 452 1862 itaut
476 1829 515 1862 sit
539 1840 617 1873 opus
641 1831 721 1863 nova
746 1831 965 1874 exequutione,

225 1892 339 1915 novam
363 1887 532 1927 propterea
549 1883 727 1916 mercedem
745 1884 886 1928 recipere
902 1895 966 1917 non

221 1935 355 1980 possint,
372 1935 427 1969 sed
452 1940 616 1969 teneantur
633 1936 736 1970 denuo
760 1937 858 1980 gratis
878 1943 906 1970 et
925 1943 967 1971 to-

227 1989 283 2023 ties
307 1989 391 2023 idem
416 1989 598 2023 mandatum
623 1990 746 2034 exequi,
767 1990 867 2024 donee
893 1991 967 2024 inte-

226 2053 283 2086 gre
308 2043 447 2077 creditor
471 2043 610 2076 satisfiat.

271 2095 300 2129 3.
325 2096 392 2135 Quo
415 2107 489 2129 vero
513 2097 552 2129 ad
574 2097 745 2141 pignorum
776 2097 808 2130 in
832 2108 967 2142 exequu-

228 2150 313 2183 tione
337 2154 501 2194 eaptorum
537 2150 709 2184 custodiam
725 2178 732 2191 ,
757 2151 967 2185 subhastatio-

227 2213 318 2243 nem,
343 2208 373 2236 et
395 2203 641 2244 restitutionem,
666 2215 729 2248 quo
754 2215 804 2237 res
828 2205 966 2249 integre,

228 2261 258 2289 et
276 2257 344 2290 sine
368 2257 431 2290 ulla
449 2257 558 2290 fraude
574 2257 637 2298 11111,
656 2258 788 2302 quisque
806 2259 969 2302 magistra-

229 2314 278 2343 tus
303 2311 335 2343 in
358 2321 416 2344 suo
440 2310 587 2343 tribunali
620 2321 712 2344 suum
736 2322 895 2356 quemque
919 2313 969 2345 de-

228 2364 413 2408 positarium
437 2364 533 2408 eligat
553 2369 583 2397 et
606 2365 744 2409 deputet,
761 2375 857 2410 penes
874 2377 967 2410 quem

227 2418 362 2461 pignora
384 2423 618 2452 conserventur.

273 2471 303 2504 4.
327 2472 424 2517 Capta
439 2477 544 2506 autem
560 2472 694 2517 pignora
710 2472 842 2506 debeant
859 2473 969 2507 baron-

264 2563 278 2589 1
299 2562 372 2590 Taxa
390 2562 504 2590 istorum
523 2567 564 2590 est
581 2563 608 2590 in
627 2563 718 2591 Const.
739 2571 797 2599 seq.
813 2563 827 2599 ἓ
844 2563 889 2597 13;
909 2563 968 2590 vide

230 2607 312 2635 etiam
331 2608 377 2635 cit.
398 2607 437 2635 Pii
458 2608 492 2635 lV
516 2608 607 2636 Const.
622 2615 681 2635 Lxxl
700 2609 713 2643 5
732 2609 767 2637 30
786 2612 813 2635 et
832 2608 866 2636 80
884 2612 922 2642 (a.
942 2615 966 2636 T.

231 2659 264 2678 ex
279 2651 420 2687 Cherub.).

265 2695 282 2725 2
302 2695 398 2735 Praep.
419 2705 438 2724 α
456 2705 506 2725 nos
524 2697 648 2726 addimus
666 2699 704 2734 (11.
715 2699 764 2735 1.).

1631 273 1690 306 tlt-³,

989 333 1057 366 celli
1076 338 1103 365 et
1125 338 1333 376 exequutores
1351 341 1406 375 per
1424 336 1518 363 totam
1546 335 1727 373 sequentem

989 387 1072 419 diem
1097 386 1283 429 consignare
1308 385 1507 429 depositario‚
1525 394 1618 427 quem
1643 383 1729 426 quis-

989 451 1050 484 que
1075 440 1276 482 magistratus
1312 438 1349 470 ad
1386 439 1444 471 lior
1479 437 1572 469 liuius
1603 441 1729 469 nostrae

991 492 1221 525 constitutionis
1245 491 1430 523 auctoritate
1454 488 1657 534 deputaverit.

1035 546 1063 578 ἶ).
1088 546 1171 584 Quae
1196 545 1328 588 pignora
1353 543 1487 577 tideliter
1511 542 1730 575 describantur

992 599 1021 630 in
1043 598 1130 630 libris
1150 598 1187 630 ad
1208 598 1291 630 hunc
1306 597 1450 630 effectum
1473 596 1650 640 specialiter
1675 606 1730 638 per

991 651 1164 694 quemlibet
1188 650 1403 683 baroni-ellum
1419 677 1426 690 ,
1452 654 1676 693 exequutorem
1702 653 1730 680 et

992 703 1217 748 depositarium
1244 708 1274 735 ut
1301 713 1396 747 supra
1419 702 1644 746 deputandum,
1660 701 1732 734 reti-

992 757 1112 798 nendis,
1124 768 1196 790 cum
1210 757 1410 790 annotatione
1424 756 1604 800 quantitatis
1618 760 1645 788 et
1660 766 1732 799 qua-

993 810 1086 843 litatis
1110 810 1278 850 bonorum,
1304 809 1374 846 diei,
1400 814 1426 841 et
1454 808 1664 852 exequutoris.

1037 864 1066 897 6.
1092 864 1129 896 Et
1153 863 1277 907 quando
1303 862 1455 905 contingit
1471 862 1545 906 poni
1570 862 1628 894 sub
1644 862 1733 893 hasta

992 917 1075 951 bona
1100 918 1131 950 in
1155 918 1298 962 partibus
1330 917 1493 950 existentia
1517 916 1625 959 vigore
1650 925 1735 948 man-

994 971 1056 1004 dati
1081 972 1113 1004 in
1138 972 1220 1005 Urbe
1245 971 1396 1011 relaxati,
1422 971 1567 1003 volumus
1595 975 1623 1002 et
1650 979 1734 1002 man-

994 1025 1126 1066 damus,
1151 1030 1277 1069 praeter
1312 1024 1412 1057 edicta
1444 1029 1472 1056 et
1502 1023 1679 1067 diligentias
1704 1023 1734 1056 in

996 1076 1064 1110 loeo
1089 1076 1332 1109 subhastationis
1352 1080 1379 1108 et
1401 1075 1506 1108 iudicii
1524 1074 1592 1107 fieri
1618 1074 1734 1114 solitas,

995 1130 1065 1163 11011
1090 1130 1205 1163 debere
1229 1130 1322 1163 etiam
1348 1129 1379 1162 in
1404 1129 1484 1168 loeo,
1502 1128 1554 1161 ubi
1574 1128 1620 1160 vel
1639 1128 1669 1160 in
1686 1138 1736 1160 eu-

996 1185 1044 1217 ius
1068 1184 1229 1217 territorio
1253 1184 1334 1217 bona
1359 1183 1425 1227 ipsa
1455 1181 1665 1215 subliastanda
1690 1192 1736 1213 re-

996 1238 1174 1281 periuntur,
1195 1248 1253 1282 pro
1288 1236 1485 1281 reperiendis
1521 1235 1735 1273 oblatoribus3

997 1302 1053 1323 nec
1078 1291 1168 1324 aliter
1192 1302 1283 1335 posse
1301 1291 1338 1323 ad
1365 1289 1623 1323 deliberationem
1649 1289 1737 1321 deve-

997 1346 1075 1386 niri,
1099 1345 1160 1377 nisi
1191 1345 1297 1378 1111111111
1329 1344 1417 1388 prius
1441 1344 1479 1377 ab
1505 1343 1629 1376 officiali
1654 1342 1737 1376 illius

998 1399 1058 1433 loci
1083 1400 1235 1433 relatione
1259 1399 1297 1431 de
1322 1398 1431 1431 edictis
1456 1398 1498 1431 ibi
1523 1398 1698 1442 publicatis.

1043 1454 1071 1487 7.
1098 1454 1143 1487 Ad
1167 1454 1255 1494 hacc,
1280 1453 1310 1485 in
1335 1453 1506 1497 pignorum
1531 1452 1738 1485 subhastatio-2

998 1507 1109 1548 nibus,
1135 1508 1160 1540 si
1186 1508 1272 1551 lapso
1304 1507 1342 1539 ad
1374 1507 1569 1540 offerendum
1595 1511 1738 1550 tempore

998 1561 1153 1605 quispiam
1177 1562 1248 1605 plus
1273 1561 1438 1600 obtulerit,
1462 1571 1525 1593 non
1550 1560 1601 1592 fiat
1626 1559 1739 1592 delibe-

998 1614 1088 1655 ratio,
1105 1614 1164 1647 nisi
1182 1614 1324 1646 intimato
1341 1624 1378 1647 00
1402 1613 1455 1657 qui
1479 1614 1566 1657 prius
1591 1613 1739 1646 licitando

999 1668 1125 1707 vicerat,
1150 1672 1183 1701 ut
1205 1668 1303 1712 possit
1329 1668 1444 1700 iterum
1469 1667 1494 1699 si
1520 1667 1591 1700 velit
1615 1678 1671 1711 per
1696 1672 1740 1700 to-

999 1727 1061 1755 tam
1075 1726 1257 1766 sequentem
1276 1721 1359 1754 diem
1372 1721 1441 1765 plus
1459 1721 1583 1759 offerre,
1601 1720 1739 1764 alioquin

999 1776 1115 1809 oblatio
1140 1781 1170 1808 et
1194 1775 1378 1808 deliberatio
1411 1774 1473 1815 illi,
1494 1775 1544 1807 eui
1569 1774 1648 1807 t'acta
1672 1778 1739 1814 est,

999 1840 1061 1862 11011
1085 1829 1287 1872 suffragetur.

1044 1882 1072 1915 8.
1098 1883 1173 1916 Cum
1199 1888 1302 1916 autem
1329 1883 1358 1915 in
1384 1882 1646 1926 exequutionibus
1671 1892 1741 1915 con-

1001 1937 1104 1980 tigerit
1124 1937 1220 1981 recipi
1234 1937 1412 1970 cautionem
1429 1937 1459 1969 in
1477 1938 1578 1969 torma
1597 1936 1740 1981 depositi,

999 1996 1050 2024 aut
1065 1991 1199 2036 pignora
1215 1991 1307 2025 alicui
1325 1991 1357 2024 in
1374 1991 1551 2035 depositum
1569 1990 1659 2031 tradi,
1679 2001 1740 2023 non

1000 2044 1147 2078 credatur
1171 2045 1208 2077 de
1235 2045 1293 2078 hoc
1318 2045 1584 2090 exequutoribus,
1610 2044 1668 2076 nisi
1694 2044 1741 2076 vel

1001 2110 1073 2131 euin
1098 2098 1328 2143 subscriptione
1364 2098 1528 2142 ipsiusmet
1559 2097 1741 2141 depositarii

1001 2162 1017 2184 a
1038 2157 1127 2196 terge
1145 2152 1294 2191 mandati,
1313 2153 1359 2185 vel
1378 2163 1449 2185 cuni
1468 2153 1643 2185 interventu
1668 2151 1742 2184 duo-⁷

1002 2217 1072 2240 rum
1098 2207 1246 2247 testium,
1272 2218 1408 2251 quorum
1442 2207 1569 2240 nomina
1598 2206 1741 2239 similiter

1000 2271 1018 2292 a
1043 2265 1134 2303 tergo
1160 2260 1297 2293 mandati
1322 2260 1552 2299 describantur,
1569 2270 1604 2291 ae
1630 2259 1741 2292 deinde

1002 2313 1032 2345 in
1056 2313 1253 2357 praedictum
1279 2313 1394 2345 librum
1421 2313 1607 2346 reserantur.

1045 2366 1074 2398 9.
1107 2366 1247 2399 Mandata
1281 2366 1383 2399 civilia
1414 2366 1563 2399 birruarii
1597 2366 1643 2398 vel
1675 2376 1742 2399 exe-

1002 2425 1152 2463 quutores
1179 2430 1242 2452 non
1266 2424 1461 2462 exequantur
1491 2419 1523 2451 in
1553 2418 1663 2452 diebus
1687 2420 1743 2451 ses-

1001 2473 1082 2513 tivis,
1107 2483 1208 2516 neque
1233 2473 1271 2505 de
1296 2478 1404 2512 nocte,
1428 2473 1486 2505 nisi
1513 2473 1573 2505 sint
1598 2472 1741 2505 mandata

1003 2526 1190 2569 suspicionis
1215 2526 1316 2569 fugae,
1335 2536 1435 2569 neque
1456 2525 1493 2558 de
1518 2526 1567 2558 die
1592 2526 1623 2558 in
1648 2526 1742 2559 domo

1003 2579 1103 2612 ianuis
1128 2580 1252 2618 clausis,
1277 2580 1336 2612 nisi
1368 2586 1455 2623 parte
1490 2580 1592 2620 citata,
1617 2585 1647 2613 et
1671 2591 1743 2613 eum

1003 2633 1130 2676 speciali
1153 2633 1280 2666 decreto
1305 2633 1425 2667 iudicis.

1048 2686 1099 2719 10.
1125 2687 1266 2720 Mandata
1283 2687 1342 2721 sibi
1359 2697 1376 2720 a
1396 2687 1537 2732 partibus
1562 2688 1742 2732 consignata

1741 281 1788 307 An.
1806 280 1833 306 11.
1860 280 1925 307 1612
