2293 3231
65 270 114 298 ΑΩ.
129 269 159 297 C.
182 269 248 297 1628

261 317 385 362 pendet,
403 328 458 361 per
478 318 610 351 liberam
628 319 870 362 resignationem
897 319 999 353 dilecti

262 370 317 402 filii
336 371 479 414 Pompilii
497 371 636 405 Silvestri
661 372 833 416 presbyteri
858 373 999 417 perpetui

262 423 438 456 beneficiati
463 424 494 456 in
518 425 651 457 ecclesia
676 425 822 467 Senensi,
848 430 878 458 et
901 435 1001 469 nuper

263 477 469 521 primodictae
498 479 647 511 ecclesiae
679 479 832 520 rectoris,
861 479 899 512 de
929 480 1000 519 illa,

264 542 357 574 quam
384 535 456 565 tune
474 532 643 574 obtinebat,
669 533 699 565 in
725 533 869 566 manibus
886 533 1001 566 nostris

264 589 371 628 sponte
389 585 511 625 factam,
530 590 559 618 et
576 596 633 629 per
653 596 710 618 nos
727 586 904 627 admissam,
919 586 1002 630 apud

263 636 373 670 Sedem
405 638 547 670 eamdem
578 638 753 679 vacaverit,
787 644 817 672 et
848 643 935 673 vacet
964 639 1002 672 ad

262 691 596 734 praesens,nullusque
614 691 651 724 de
665 691 716 724 illa
733 696 856 735 praeter
872 702 929 725 nos
946 692 1003 725 hac

264 743 330 776 vice
355 743 523 788 disponere
540 745 687 789 potuerit,
705 745 769 778 sive
785 745 893 789 possit,
906 756 1004 779 reser-

264 796 390 829 vatione
420 802 450 830 et
481 797 607 832 decreto
639 798 862 832 obsistentibus
893 809 1003 843 supra-

265 849 376 882 dictis:

92 912 250 945 Aeconrrairps
309 902 369 945 53.
394 903 431 936 Et
455 903 534 936 sicut
558 904 696 938 exhibita
718 905 809 938 nobis
828 915 928 948 nuper
944 915 1002 948 pro

66 940 250 1003 ,Sjfissgssssflss‘fiiss
265 961 353 999 parte
385 957 571 990 dilectorum
603 958 741 991 filiorum
777 958 1002 991 modernorum

66 993 249 1040 ;‡‘;¹„¹¹,²m¹fg}',2‡,ff
265 1010 485 1052 gubernatoris
493 1015 523 1043 et
532 1011 725 1044 confratrum
739 1011 1003 1044 confraternitatis

67 1050 251 1109 ἷὲῗὲῧὶἷῖἷὲιι-ΓἾΞᾙ
266 1062 309 1095 Ss.
333 1063 471 1102 Quatuor
494 1064 721 1098 Coronatorum
745 1064 783 1097 de
808 1064 890 1097 dicta
920 1064 1004 1097 Urbe

67 1100 167 1148 ’5113ἒί333
171 1099 251 1145 meinis&
265 1116 373 1158 petitio
383 1117 571 1156 continebat,
582 1117 664 1160 quod
674 1117 861 1160 primodicta
873 1118 1004 1151 ecclesia

66 1154 348 1201 lss‘f‘uss'nssffo‘rsslfonie
375 1169 551 1212 baptismali
576 1174 680 1202 careat
711 1174 741 1202 et
771 1170 802 1202 in
832 1171 897 1203 suis
921 1176 1003 1203 stru-

66 1203 250 1254 i’nffiiamuffi'ciffli's
265 1221 363 1253 cturis
386 1226 416 1254 et
439 1222 589 1255 aedificiis
614 1223 687 1255 satis
708 1227 849 1266 angusta,
866 1234 1004 1268 curaque

265 1275 442 1307 animarum
467 1275 511 1307 illi
536 1276 722 1309 incumbens
746 1276 857 1319 exigua
874 1281 950 1318 erat,
975 1283 1004 1310 et

265 1327 304 1360 ad
328 1327 568 1361 circumvicinas
592 1329 740 1362 ecclesias
768 1330 949 1371 transferri,
974 1336 1004 1363 et

266 1381 303 1413 ab
328 1381 410 1414 illius
434 1382 609 1415 rectoribus
633 1393 691 1426 pro
717 1387 856 1427 tempore
873 1384 1005 1417 existen-

266 1434 349 1467 tibus
362 1435 527 1468 commode
540 1436 680 1469 exerceri
693 1436 800 1480 possit,
813 1437 1005 1479 gubernator

266 1498 340 1521 vero
364 1493 395 1521 et
418 1489 590 1521 confratres
606 1489 783 1532 praedictae
803 1490 1006 1523 confraterni-

267 1541 337 1574 tatis
362 1552 397 1574 ex
422 1542 632 1585 sculptoribus
652 1547 682 1575 et
700 1542 842 1586 lapicidis
858 1553 1005 1586 coaggre-

266 1594 346 1637 gatis
370 1594 495 1627 unicam
526 1595 711 1636 ecclesiam,
742 1606 798 1629 seu
830 1597 1004 1640 cappellam

267 1647 427 1682 dumtaxat
438 1659 496 1692 pro
506 1648 653 1681 omnibus
666 1658 775 1681 eorum
793 1649 1005 1683 functionibus

266 1701 419 1734 obeundis
432 1701 575 1741 habeant,
588 1701 717 1745 ipsaque
730 1702 861 1735 ecclesia
873 1713 928 1735 seu
939 1713 1006 1747 cap-

266 1754 348 1798 pella
364 1755 395 1786 in
415 1754 479 1787 suis
496 1755 662 1787 structuris
679 1755 773 1788 etiam
796 1760 928 1798 angusta
944 1755 1006 1788 exi-

266 1812 334 1849 stat,
348 1818 383 1841 ac
397 1808 587 1841 monasterio
611 1808 794 1841 monialium
811 1808 855 1841 Ss.
868 1808 1006 1848 Quatuor

266 1861 494 1894 Coronatorum
515 1860 669 1902 adiaceat,
693 1861 816 1905 ipsique
834 1862 1006 1895 confratres

270 1915 435 1948 commode
460 1914 498 1947 ad
522 1914 606 1948 illam
630 1920 762 1958 propter
786 1915 869 1948 illius
894 1915 1007 1948 distan-

269 1968 353 2008 tiam,
378 1972 443 2002 tum
468 1968 641 2002 devotionis
673 1970 787 2009 causa,
819 1974 884 2001 tum
915 1970 1006 2003 etiam

270 2031 329 2064 pro
346 2021 479 2063 negotiis
490 2031 600 2054 eorum
613 2021 842 2065 pertractandis
857 2022 1007 2056 accedere

270 2079 446 2118 nequeant3

73 2132 256 2179 ciissiffiffqussni'cii
316 2128 340 2170 ἓ.
365 2127 395 2159 4.
420 2128 457 2160 Et
480 2127 539 2160 alia
564 2128 694 2161 ecelesia
725 2128 756 2161 S.
789 2129 941 2161 Leonardi
971 2129 1008 2162 de

72 2185 256 2232 hgss⁰{2‡⁵,g'‡{,³},3
272 2180 382 2212 eadem
407 2180 511 2220 Urbe,
541 2180 641 2213 dictae
665 2181 911 2214 confraternitati
934 2181 1009 2214 alias

72 2237 143 2261 sui-*⁸0-
152 2238 257 2259 eamdem·
271 2243 428 2273 concessa,
439 2233 566 2277 praevia
575 2233 657 2266 illius
670 2234 894 2277 profanatione,
907 2234 1011 2267 demo-

73 2266 257 2338 Ξὲῗτῇἰξῖῗῗίἒῒῖἷῖ
272 2286 334 2327 lita,
356 2290 386 2318 et
409 2286 524 2329 palatio
549 2286 653 2320 dilecti
669 2286 725 2319 filii
745 2287 844 2319 nostri
868 2287 1009 2329 magistri

73 2323 168 2391 τυίξξξιῑαπῖ
188 2324 255 2371 ’ῗοῖῗὲ
271 2339 440 2373 Constantii
455 2339 573 2372 Patritii
587 2350 730 2373 camerae
746 2340 936 2384 apostolicae
949 2341 1011 2374 the-

112 2386 118 2395 '
273 2392 406 2425 saurarii
424 2393 623 2436 incorporata
640 2393 833 2436 reperiatur,

75 2449 257 2498 aiifffacn'im'ess'ssiffi
316 2446 331 2489 ἓ
355 2445 384 2478 5.
409 2446 532 2489 Ipsique
557 2446 749 2488 gubernator
778 2451 809 2478 et
836 2446 1010 2479 confratres

75 2502 258 2550 {fgffiffiiiffiffi}
273 2503 389 2532 certam
413 2499 618 2542 pecuniarum
646 2509 801 2532 summani
826 2510 885 2543 pro
909 2500 1010 2543 pretio

75 2555 96 2576 ¹²¹
118 2555 217 2577 dssdicarfl
235 2563 259 2577 Μ
273 2552 373 2586 dictae
389 2553 539 2586 ecclesiae
558 2553 587 2586 S.
605 2553 758 2586 Leonardi
774 2553 805 2585 in
821 2553 948 2586 alterius
965 2564 1012 2585 ec-

891 2616 946 2639 seu
968 2606 1012 2639 di·
1043 2606 1157 2650 quibus
1170 2605 1405 2649 quomodolibet
1421 2605 1560 2639 innodati
1577 2605 1722 2646 existunt,
1742 2607 1780 2640 ad
1813 2619 1817 2621 ·

77 2581 168 2608 quadam
198 2589 260 2609 pecu—

60 2608 156 2657 ,fiitaffiffi
173 2606 386 2640 suun¹11‹”·›clesiae
398 2605 407 2623 ¹
431 2606 503 2640 divo
526 2606 688 2640 Leonardo
721 2606 839 2640 dicatae
852 2633 859 2647 ,

309 2668 322 2696 1
339 2668 456 2698 Eri-enee
470 2669 535 2698 edit.
552 2669 634 2697 Main.
649 2669 715 2705 legit
734 2668 850 2698 ecclesia
865 2668 904 2704 (a.
921 2667 968 2704 τ.).

864 272 1040 296 GREGORIUS
1063 272 1106 295 XV
1130 272 1178 296 PP.

1679 261 1741 295 797
1788 270 1972 298 An.(2.1623

1038 319 1171 361 candae,
1196 319 1432 363 acquisitionem
1457 318 1698 352 convertendam
1725 329 1773 351 re—

1038 372 1194 415 ceperint,
1220 383 1273 405 seu
1300 372 1440 416 recipere
1456 372 1605 411 debeant;
1629 372 1653 404 si
1680 371 1774 414 igitur

1038 425 1141 469 primo
1166 426 1247 459 dicta
1272 426 1402 459 ecclesia
1426 425 1629 468 gubernatori
1650 429 1680 458 et
1703 435 1775 458 con-

1037 479 1185 511 fratribus
1194 479 1370 523 praedietis,
1386 484 1418 511 ut
1434 479 1524 518 infra,
1538 478 1774 519 concederetur,

1037 542 1174 577 curaque
1199 532 1374 564 animarum
1393 532 1572 565 liuiusmodi
1593 532 1776 564 transferre-

1037 591 1097 626 tur,
1115 597 1150 619 ex
1170 586 1231 618 lioc
1248 586 1358 629 procul
1377 585 1471 617 dubio
1496 585 1637 617 eiusdem
1655 584 1776 617 confra-

1037 639 1190 671 ternitatis
1199 638 1374 672 commodis
1383 643 1412 670 et
1424 638 1618 678 utilitatibus,
1629 648 1664 671 ac
1674 637 1775 681 primo

1037 690 1137 725 dictae
1161 692 1311 724 ecclesiae
1334 691 1468 731 ornatui,
1494 691 1651 734 divinique
1675 691 1776 724 cultus

1038 743 1069 776 in
1093 746 1128 777 ea
1152 748 1319 787 augmento
1337 746 1514 787 opportuna
1530 743 1651 777 ratione
1669 754 1777 777 consu-

1038 798 1172 837 leretur,
1203 807 1260 830 nec
1291 797 1472 840 parochiani
1496 797 1579 830 illius
1607 797 1775 841 quicquam

1038 850 1217 883 detrimenti
1241 855 1439 894 paterentur,

1082 904 1097 947 ἓ
1117 903 1146 936 6.
1171 904 1272 943 Quare
1296 915 1353 947 pro
1377 909 1466 948 parte
1496 904 1715 947 gubernatoris
1745 911 1775 938 et
1816 917 1973 943 oiiarosnppii.

1789 948 1862 964 camni
1880 944 1973 964 Pontifici

1038 957 1231 989 confratrum
1241 957 1473 1000 praedictorum
1484 958 1703 1000 (asserentium
1715 958 1775 991 fru—
1790 974 1811 991 υι
1820 972 1897 991 inciam
1906 971 1973 991 ectio-

1789 1003 1841 1017 siam
1856 1000 1922 1018 sancti
1936 998 1974 1017 Λη-

1038 1012 1106 1039 ctus
1120 1034 1127 1048 ,
1157 1007 1297 1040 redditus
1322 1012 1352 1040 et
1374 1011 1543 1052 proventus
1569 1008 1774 1051 primodictae
1790 1024 1974 1049 arcavipmffin.

1790 1051 1888 1070 frati-ilius
1899 1055 1974 1070 concc-

1038 1061 1196 1100 ecclesiae,
1221 1071 1316 1104 super
1339 1061 1452 1104 quibus
1471 1061 1579 1104 pensio
1603 1071 1706 1094 annua
1722 1072 1776 1095 no·
1790 1078 1839 1097 stom
1856 1079 1875 1097 ai
1891 1082 1914 1097 ex
1933 1076 1974 1096 sm-

1789 1104 1857 1124 cuiuis
1912 1109 1974 1123 unum

1038 1113 1300 1156 nagintaduorum
1317 1114 1503 1147 ducatorum
1518 1115 1585 1147 auri
1601 1115 1639 1147 de
1650 1117 1774 1148 camera
1790 1131 1876 1155 suumn
1895 1130 1974 1150 benen-

1790 1163 1844 1177 Cium
1864 1159 1973 1176 instituere

1038 1165 1152 1199 dilecto
1176 1166 1240 1199 filio
1265 1166 1371 1200 Ioanni
1395 1168 1571 1210 Margarino
1588 1169 1702 1201 clerico
1720 1169 1775 1201 Ro·
1791 1186 1809 1204 „i
1834 1183 1877 1203 ειη
1899 1188 1973 1211 oppor-

1039 1229 1142 1260 mano,
1160 1219 1244 1252 illam
1262 1220 1421 1252 annuatim
1442 1221 1640 1264 percipienti,
1656 1227 1776 1264 aposto·
1790 1209 1974 1262 iiissfieifiii'mm

1038 1272 1097 1305 lica
1109 1273 1294 1306 auctoritate
1307 1278 1464 1306 reservata
1473 1275 1640 1317 reperitur,
1650 1280 1775 1308 centuni

1038 1331 1068 1359 et
1092 1327 1252 1370 sexaginta
1273 1327 1459 1360 ducatorum
1484 1327 1645 1369 similium,
1671 1339 1777 1361 secun-

1038 1379 1113 1412 dum
1138 1390 1338 1412 communem
1355 1380 1613 1421 aestimationem,
1638 1381 1775 1414 valorem

1038 1443 1177 1466 annuum
1186 1444 1249 1467 non
1263 1434 1427 1477 excedere)
1440 1434 1531 1467 nobis
1547 1434 1604 1467 fuit
1618 1435 1777 1467 humiliter

1038 1487 1259 1531 supplicatum,
1273 1492 1425 1530 quatenus
1444 1488 1666 1531 primodictam
1682 1489 1779 1521 eccle-

1039 1540 1117 1573 siam
1142 1540 1244 1573 eidem
1273 1541 1522 1574 confraternitati
1552 1541 1724 1574 concedere
1748 1547 1778 1575 et

1038 1593 1219 1636 assignare,
1249 1604 1284 1626 ae
1314 1604 1412 1626 unum
1436 1599 1622 1638 perpetuum
1648 1595 1776 1638 simplex

1038 1646 1225 1679 beneficium
1236 1647 1491 1688 ecclesiasticum,
1505 1651 1539 1681 ut
1550 1647 1640 1688 infra,
1654 1648 1777 1690 erigere

1039 1704 1068 1732 et
1085 1699 1258 1741 instituere,
1275 1700 1413 1744 aliasque
1429 1701 1461 1733 in
1477 1701 1658 1744 praemissis
1667 1711 1778 1744 oppor-

1039 1757 1112 1785 tune
1135 1752 1302 1796 providere
1327 1753 1364 1786 de
1387 1753 1579 1796 benignitate
1607 1754 1778 1798 apostolica

1039 1805 1257 1848 dignaremur:

1084 1860 1098 1903 ἓ
1124 1859 1151 1892 7.
1176 1861 1238 1894 Nos
1262 1859 1358 1903 igitur
1384 1859 1451 1903 (qui
1475 1860 1593 1893 dudum
1613 1860 1694 1893 inter
1718 1861 1777 1894 alia
1809 1873 1857 1904 *Qui
1873 1873 1975 1903 quoap

1041 1914 1208 1954 voluimus,
1231 1913 1314 1957 quod
1339 1918 1478 1956 petentes
1502 1914 1654 1947 beneficia
1678 1915 1777 1947 eccle·
1792 1901 1977 1949 513²afu⁰151¹⁰3l⁵f3l¹2¹1

1041 1968 1164 2001 siastica
1193 1967 1261 2000 aliis
1285 1967 1368 2000 uniri
1396 1972 1578 2000 tenerentur
1601 1968 1777 2011 exprimere
1792 1956 1977 2010 giff'ii'ii‘ss'sssgiiif

1041 2032 1150 2054 verum
1175 2030 1313 2053 annuum
1333 2021 1471 2053 valorem
1496 2021 1666 2054 seeundum
1691 2006 1977 2059 aesti-23}2‡32?''2“0¹5¹125

1042 2075 1211 2108 mationem
1238 2074 1409 2118 praefatam
1437 2074 1530 2107 etiam
1561 2075 1705 2108 beneficii
1729 2060 1902 2108 cilimflmb‘³‘'

1042 2128 1101 2160 alia
1124 2127 1207 2160 uniri
1231 2131 1411 2171 peteretur,
1443 2128 1581 2171 alioquin
1611 2128 1685 2161 unio
1717 2139 1780 2161 non

1043 2181 1173 2220 valeret,
1194 2181 1310 2224 quique
1334 2180 1429 2213 divini
1453 2181 1554 2213 cultus
1577 2186 1779 2223 augmentum

1043 2239 1073 2267 et
1096 2234 1355 2277 propagationem
1381 2234 1510 2266 sinceris
1526 2239 1711 2277 exoptamus
1736 2234 1779 2266 af—

1043 2287 1198 2330 fectibus),
1216 2286 1318 2330 ipsum
1335 2286 1577 2329 gubernatorem
1602 2296 1637 2318 ac
1662 2286 1780 2319 confra-

1043 2339 1196 2372 ternitatis
1212 2339 1392 2372 huiusmodi
1408 2339 1582 2381 singulares
1597 2349 1746 2382 personas
1762 2350 1779 2372 a

1043 2393 1203 2436 quibusvis
1213 2392 1554 2432 excommunicationis,
1565 2393 1779 2436 suspensionis

1043 2451 1070 2479 et
1094 2445 1261 2486 interdicti,
1278 2445 1408 2489 aliisque
1425 2445 1642 2478 ecelesiasticis
1661 2451 1781 2478 senten-

1044 2499 1103 2538 tiis,
1128 2498 1267 2531 censuris
1291 2503 1320 2531 et
1343 2497 1462 2541 poenis,
1479 2508 1497 2530 a
1516 2498 1584 2531 iure
1600 2498 1648 2531 vel
1664 2499 1703 2531 ab
1728 2499 1781 2532 ho-

1044 2552 1137 2592 mine,
1155 2552 1263 2596 quavis
1282 2551 1445 2584 occasione
1469 2552 1516 2585 vel
1541 2554 1633 2585 causa
1655 2552 1735 2593 latis,
1755 2553 1779 2585 si

1043 2659 1188 2693 effectum
1223 2659 1435 2703 praesentium
1475 2659 1634 2692 dumtaxat
1674 2669 1780 2693 conse-
