2293 3231
853 251 949 280 INDEX
973 253 1171 283 nummum!

249 298 359 334 XXIV.
386 299 537 336 Hortatur
568 301 825 349 archiepiscopos
854 309 885 340 et
909 308 991 351 epis-

337 361 433 397 copos
464 355 555 398 regni
586 355 757 400 Franciae,
791 362 825 392 ut
848 359 990 393 assiduas

336 415 449 449 preces
472 418 530 451 pro
550 408 633 442 fellei
650 409 736 454 rogis
753 420 901 446 successu
915 422 988 446 con-

336 461 382 492 tra
407 458 584 494 haereticos
610 461 761 506 fundant,
785 464 858 497 576.

247 509 347 545 XXV.
362 511 506 546 Facultas
521 515 639 548 nuncio
652 517 826 559 apostolico
843 517 926 561 apud
939 527 988 552 re-

335 573 408 608 gem
432 565 657 610 Hispaniarum
682 570 890 605 confirmandi
909 581 988 605 nou-

335 617 438 652 uullos
462 619 585 654 iudices
610 621 771 655 seculares
802 622 841 656 ab
874 624 986 658 eodem

333 679 410 714 rege
443 671 609 716 deputatos
640 684 697 718 pro
725 677 907 719 cognitione
933 686 986 710 cu-

332 723 455 758 iusdam
480 734 595 760 causae
624 730 846 762 concernentis
870 729 985 763 milites

330 775 514 811 mllitiarum
538 788 711 822 regnorum
741 779 984 824 Hispaniarum,

331 827 405 862 5ยน76.

242 879 355 914 XXVI.
372 881 556 917 Praefinitio
569 884 791 920 nonnullarum
804 884 986 921 0111103110-

331 944 408 968 1111111
431 945 489 980 pro
514 936 648 971 feliciori
673 937 829 981 gubernio
854 939 985 973 fratrum

329 986 487 1022 Minorum
508 991 608 1023 sancti
632 989 792 1024 Francisci
805 991 845 1024 de
861 990 983 1026 Obser-

331 1041 438 1074 vantia
461 1041 715 1077 Reformatorum
734 1043 766 1077 in
791 1043 894 1086 Italia,
908 1045 982 1078 577.

241 1091 369 1126 XXVII.
380 1093 523 1128 Facultas
538 1097 654 1129 nuncio
668 1096 753 1139 apud
766 1105 878 1139 regem
891 1096 983 1130 Fran-

328 1147 397 1179 ciae
422 1147 618 1181 affraneandi
650 1148 800 1182 nonnulla
824 1148 907 1182 bona
931 1159 982 1182 ec-

330 1198 525 1242 clesiastica,
551 1202 770 1245 pecuniasque
801 1210 842 1234 ex
874 1201 982 1235 huius-

327 1251 414 1286 modi
444 1252 671 1288 affrancatione
700 1256 925 1298 provenientes
949 1257 981 1288 in

328 1310 473 1351 sumptus
496 1306 574 1341 belli
599 1312 709 1343 contra
739 1311 916 1346 haereticos
945 1323 981 1347 ac

326 1360 467 1396 rebelles
494 1363 666 1407 erogandi,
692 1365 766 1399 579.

237 1416 378 1452 XXVIII.
404 1419 547 1454 Facultas
564 1420 735 1464 apostolico
755 1422 871 1455 nuncio
896 1421 980 1465 apud

327 1473 502 1508 Galliarum
533 1483 643 1516 regem
675 1474 844 1519 colligendi
878 1475 980 1509 subsi-

328 1528 415 1564 dium
429 1529 538 1562 decies
551 1533 759 1563 centenorum
768 1530 902 1563 millium
915 1540 980 1564 scu-

328 1587 431 1618 torum
448 1583 488 1617 ab
503 1584 736 1627 ecclesiasticis,
757 1586 882 1630 piisque
903 1584 979 1618 locis

325 1638 419 1681 regni
444 1636 596 1680 eiusdem,
622 1646 704 1682 quae
722 1639 754 1671 in
774 1637 850 1671 belli
871 1641 978 1671 contra

326 1691 464 1725 rebelles
489 1695 633 1735 sumptus
657 1695 844 1734 erogentur,
871 1692 944 1725 580.

236 1745 344 1781 XXIX.
369 1743 489 1780 Eadem
507 1745 546 1779 de
569 1744 663 1779 causa
683 1745 764 1779 duae
782 1746 925 1779 decimae
946 1747 976 1780 in

324 1801 446 1835 Galliae
469 1810 570 1844 regno
594 1799 633 1834 ab
659 1801 882 1834 ecclesiasticis
904 1810 978 1844 per-

323 1854 497 1889 solvendae
524 1854 716 1895 indicuntur,
743 1854 815 1887 583.

235 1908 332 1943 XXX.
363 1908 411 1942 De
435 1908 549 1942 decem
579 1907 665 1941 mille
691 1908 814 1942 ducatis
838 1906 976 1941 fabricae

322 1963 424 1996 sancti
448 1961 534 1995 Petri
558 1962 726 2007 quotannis
756 1961 977 2005 persolvendis

323 2025 364 2049 ex
389 2015 614 2059 eleemosynis,
632 2023 714 2058 quae
735 2015 766 2047 in
783 2023 883 2058 regno
903 2014 977 2048 Por-

322 2069 473 2113 tugalliae
487 2078 528 2102 ex
541 2068 719 2113 privilegiis
736 2067 900 2102 Cruciatae
917 2070 977 2102 col-

324 2124 472 2165 liguntur,
499 2122 573 2155 586.

232 2176 344 2210 XXXI.
369 2175 513 2209 Facultas
532 2174 658 2208 officiali
682 2173 817 2208 Metensi
842 2174 974 2208 uniendi

323 2228 483 2263 abbatiam
511 2229 611 2262 sancti
641 2227 795 2271 Gorgonii
827 2229 974 2272 primatui

321 2282 510 2325 collegiatae
531 2282 686 2314 ecclesiae
703 2281 736 2314 B.
750 2280 790 2314 M.
807 2280 842 2313 V.
864 2281 973 2325 oppidi

321 2335 362 2370 de
386 2335 517 2379 Nancey
540 2335 698 2368 Tullensis
719 2335 884 2376 dioecesis,
899 2334 972 2368 587.

233 2389 361 2425 XXXII.
385 2388 639 2433 Pampilonensis
663 2388 878 2422 universitatis
903 2397 973 2422 ere-

320 2444 416 2479 ctioni
441 2446 620 2477 ceterarum
646 2443 888 2476 universitatum
912 2443 973 2486 pri-

319 2497 439 2542 vilegia
464 2496 693 2538 conceduntur,
720 2495 793 2529 592.

234 2549 378 2585 XXXIII.
402 2550 574 2585 Revocatio
601 2557 874 2594 quarumcumque
905 2547 971 2580 ele-

320 2604 459 2638 ctionum
479 2603 622 2638 iudicum
638 2605 893 2636 conservatorum
912 2601 969 2634 ha-

317 2660 428 2691 ctenus
450 2657 611 2700 factarum,
626 2660 657 2690 et
675 2665 757 2690 nova
773 2655 814 2690 de
839 2656 895 2697 eis,
917 2663 968 2688 eo-

417 2717 497 2748 Buca.
513 2718 598 2748 Rom.
619 2717 679 2748 Vol.
703 2717 776 2747 XII.

960 2713 1013 2744 110

1671 252 1734 289 873

1130 318 1264 354 rumque
1281 310 1490 346 electionibus
1508 311 1713 357 imposterum
1733 315 1778 348 fa-

1129 361 1250 395 ciendis
1275 362 1449 408 dispositio,
1476 366 1549 398 596.

1172 415 1321 460 Sequitur
1346 417 1506 461 quoddam
1531 418 1663 453 dubium
1683 429 1779 463 super

1129 468 1185 501 ista
1209 470 1431 503 constitutione
1456 475 1611 514 exortum,
1630 482 1701 506 cum
1721 482 1777 507 sua

1127 520 1352 563 declaratione,
1382 523 1455 556 599.

1040 571 1178 605 XXXIV.
1204 573 1434 608 Ecclesiasticis
1458 577 1548 619 regni
1570 576 1695 611 Siciliae
1709 588 1776 622 pcr-

1126 625 1257 659 mittitur
1270 627 1436 661 nonnullas
1458 630 1610 672 pecunias
1635 629 1703 663 loco
1720 631 1776 665 do-

1126 679 1222 711 nativi
1240 681 1308 721 regi
1322 679 1470 724 Philippo
1484 680 1523 713 lV
1538 682 1681 724 offerant,
1700 684 1774 716 599.

1040 729 1164 764 XXXV.
1184 731 1318 765 Praevia
1335 734 1573 768 confirmatione
1599 735 1775 770 litterarum

1126 782 1214 816 Pauli
1231 784 1336 828 Papae
1351 785 1386 827 V,
1400 785 1516 830 quibus
1535 790 1708 821 canonissis
1725 799 1777 823 ec-

1126 834 1241 869 clesiae
1262 838 1361 871 sancti
1385 837 1469 871 Petri
1497 839 1606 883 oppidi
1631 840 1775 875 Romari-

1125 890 1286 931 commitis,
1302 889 1428 933 nullius,
1445 900 1502 924 seu
1519 891 1675 925 Tullensis
1689 893 1776 927 dioe-

1125 942 1218 983 cesis,
1233 941 1364 975 facultas
1377 943 1563 978 conceditur
1571 947 1775 979 monasticam

1126 993 1290 1029 emittendi
1306 996 1547 1039 professionem,
1567 999 1721 1040 statuitur,
1742 1002 1776 1032 ut

1125 1047 1328 1081 canonicatus
1353 1052 1384 1082 et
1408 1048 1577 1092 dignitates
1605 1060 1683 1093 quas
1710 1053 1772 1084 im-

1124 1102 1285 1142 posterum
1304 1109 1418 1135 vacare
1435 1102 1612 1145 contigerit,
1633 1104 1671 1136 iis
1691 1112 1774 1148 quae

1123 1153 1352 1196 professionem
1382 1156 1516 1188 emisere
1550 1156 1772 1199 conferantur,

1122 1206 1195 1239 602.

1037 1258 1176 1292 XXXVI.
1201 1259 1370 1303 Religiosis
1387 1260 1550 1295 Societatis
1566 1262 1638 1296 Iesu
1662 1263 1770 1296 indul-

1125 1317 1189 1347 tum
1220 1314 1406 1347 conceditur
1434 1315 1572 1348 officium
1603 1316 1772 1358 recitandi,

1120 1376 1160 1401 ac
1182 1369 1312 1402 missam
1337 1369 1520 1403 celebrandi
1548 1369 1587 1402 de
1615 1372 1774 1404 communi

1123 1422 1319 1457 Confessoris
1339 1433 1402 1457 non
1419 1423 1580 1458 Pontificis
1593 1425 1644 1458 die
1654 1435 1710 1459 xm
1724 1427 1773 1459 iu-

1121 1479 1166 1511 nii
1192 1478 1232 1511 de
1254 1478 1350 1512 Beato
1374 1478 1503 1522 Aloysio
1524 1478 1680 1523 Gonzaga,
1698 1480 1772 1515 603.

1033 1531 1188 1565 XXXVII.
1199 1533 1390 1575 Suppressio
1404 1536 1435 1567 et
1448 1535 1601 1567 extInctio
1611 1535 1772 1576 parochia-

1120 1585 1158 1619 lis
1168 1587 1324 1619 ecclesiae
1334 1590 1462 1620 sanctae
1472 1586 1629 1621 Caeciliae
1638 1588 1677 1621 cle
1687 1587 1771 1623 Urbe

1118 1641 1150 1674 in
1174 1640 1280 1674 Monte
1312 1640 1463 1682 lordano,
1489 1650 1562 1674 cum
1593 1643 1771 1676 animarum

1117 1702 1214 1727 curae
1240 1695 1445 1727 translatione
1470 1694 1509 1727 ad
1536 1696 1689 1728 ecclesias
1714 1697 1771 1729 cir-

1118 1748 1321 1791 cumpositas,
1347 1751 1378 1781 et
1402 1757 1442 1780 ex
1467 1749 1536 1781 eius
1562 1748 1769 1792 proventibus

1118 1801 1252 1835 duorum
1289 1803 1533 1835 canonicatuum
1569 1803 1600 1834 in
1634 1800 1769 1836 ecclesia

1118 1856 1220 1889 sancti
1245 1854 1405 1888 Laurentii
1431 1856 1463 1887 in
1487 1854 1623 1889 Damaso
1641 1857 1770 1889 erectio-

1118 1918 1168 1949 neอพ
1183 1917 1219 1942 ac
1236 1907 1382 1941 eiusdem
1403 1907 1547 1942 reductio
1561 1908 1601 1942 ad
1619 1910 1767 1953 profanos

1118 1971 1211 2003 115115,
1245 1970 1304 1994 1106
1337 1971 1400 1994 11011
1432 1961 1574 1996 eiusdem
1606 1965 1768 1996 concessio

1115 2015 1360 2059 Congrcgationi
1377 2017 1505 2049 oratorii
1519 2014 1612 2049 Urbis
1628 2026 1684 2060 pro
1705 2025 1767 2049 amโ

1114 2069 1207 2112 pliori
1222 2069 1383 2101 sacristiae
1401 2077 1437 2101 ac
1457 2067 1595 2102 Oratorii
1619 2069 1766 2102 aedifica-

1114 2123 1198 2156 tione
1219 2125 1250 2155 et
1274 2122 1403 2165 propria
1427 2121 1539 2155 domus
1563 2121 1765 2163 dilatatione,

1113 2175 1187 2208 604.

1027 2227 1195 2262 XXXVIII.
1209 2227 1413 2261 Confirmatio
1427 2226 1547 2261 decreti
1566 2236 1675 2262 sacrae
1689 2228 1765 2262 Con-

1113 2282 1310 2325 gregatiffliis
1333 2281 1557 2324 episcoporum
1586 2285 1616 2314 et
1638 2283 1764 2324 reguta-

1112 2336 1195 2368 rium
1219 2344 1275 2378 pro
1300 2335 1477 2368 elevatione
1503 2333 1764 2377 congregationis

1112 2387 1374 2432 presbyterorum
1397 2387 1504 2421 Matris
1520 2386 1579 2420 Dei
1596 2386 1634 2420 ad
1649 2391 1763 2421 statum

1113 2442 1287 2484 religionis,
1302 2449 1375 2474 cum
1399 2439 1501 2474 tribus
1517 2441 1598 2474 votis
1615 2441 1765 2475 solemni-

1114 2493 1192 2533 bus,
1219 2494 1293 2527 (508.

1026 2546 1158 2580 XXXIX.
1183 2545 1384 2580 Confirmatio
1408 2545 1619 2590 quarumdam
1646 2546 1764 2580 littera-

1110 2609 1181 2633 rum
1206 2599 1450 2643 apostolicarum
1462 2602 1494 2632 et
1516 2599 1760 2643 privilegiorum
1815 2617 1820 2620 ฮ

1105 2663 1163 2698 pro
1178 2654 1312 2698 colteg10
1328 2652 1426 2690 studii
1444 2652 1604 2698 generalis
1618 2653 1756 2689 clvitatis
