<?xml version="1.0" encoding="UTF-8"?>
<!DOCTYPE html PUBLIC "-//W3C//DTD XHTML 1.0 Transitional//EN"
    "http://www.w3.org/TR/xhtml1/DTD/xhtml1-transitional.dtd">
<html xmlns="http://www.w3.org/1999/xhtml" xml:lang="en" lang="en">
 <head>
  <title>
</title>
<meta http-equiv="Content-Type" content="text/html;charset=utf-8" />
  <meta name='ocr-system' content='tesseract 3.04.00' />
  <meta name='ocr-capabilities' content='ocr_page ocr_carea ocr_par ocr_line ocrx_word'/>
</head>
<body>
  <div class='ocr_page' id='page_1' title='image "./bullarumdiplomat12cath_0211.png"; bbox 0 0 2293 3231; ppageno 0'>
   <div class='ocr_carea' id='block_1_1' title="bbox 0 0 82 3231">
    <p class='ocr_par' dir='ltr' id='par_1_1' title="bbox 0 0 82 3231">
     <span class='ocr_line' id='line_1_1' title="bbox 0 0 82 3231; baseline 0 0"><span class='ocrx_word' id='word_1_1' title='bbox 0 0 82 3231; x_wconf 95' lang='lat' dir='ltr'> </span> 
     </span>
    </p>
   </div>
   <div class='ocr_carea' id='block_1_2' title="bbox 89 326 273 356">
    <p class='ocr_par' dir='ltr' id='par_1_2' title="bbox 89 326 273 356">
     <span class='ocr_line' id='line_1_2' title="bbox 89 326 273 356; baseline -0.016 0"><span class='ocrx_word' id='word_1_2' title='bbox 89 328 139 356; x_wconf 75' lang='lat' dir='ltr'>An.</span> <span class='ocrx_word' id='word_1_3' title='bbox 155 327 183 355; x_wconf 89' lang='lat' dir='ltr'>C.</span> <span class='ocrx_word' id='word_1_4' title='bbox 208 326 273 354; x_wconf 73' lang='lat'>1619.</span> 
     </span>
    </p>
   </div>
   <div class='ocr_carea' id='block_1_3' title="bbox 88 493 270 542">
    <p class='ocr_par' dir='ltr' id='par_1_3' title="bbox 88 493 270 542">
     <span class='ocr_line' id='line_1_3' title="bbox 101 493 270 522; baseline -0.03 -6"><span class='ocrx_word' id='word_1_5' title='bbox 101 494 193 516; x_wconf 67' lang='lat' dir='ltr'>Eiectum</span> <span class='ocrx_word' id='word_1_6' title='bbox 202 493 270 522; x_wconf 72' lang='lat' dir='ltr'>abso!-</span> 
     </span>
     <span class='ocr_line' id='line_1_4' title="bbox 88 522 259 542; baseline -0.012 0"><span class='ocrx_word' id='word_1_7' title='bbox 88 522 117 542; x_wconf 81' lang='lat' dir='ltr'>vit</span> <span class='ocrx_word' id='word_1_8' title='bbox 131 526 144 541; x_wconf 80' lang='lat' dir='ltr'>a</span> <span class='ocrx_word' id='word_1_9' title='bbox 158 525 259 541; x_wconf 76' lang='lat' dir='ltr'>censuris.</span> 
     </span>
    </p>
   </div>
   <div class='ocr_carea' id='block_1_4' title="bbox 87 1656 270 1708">
    <p class='ocr_par' dir='ltr' id='par_1_4' title="bbox 87 1656 270 1708">
     <span class='ocr_line' id='line_1_5' title="bbox 100 1656 270 1683; baseline -0.006 -5"><span class='ocrx_word' id='word_1_10' title='bbox 100 1656 214 1683; x_wconf 71' lang='lat' dir='ltr'>nerogatio</span> <span class='ocrx_word' id='word_1_11' title='bbox 219 1661 270 1678; x_wconf 87' lang='lat' dir='ltr'>eon-</span> 
     </span>
     <span class='ocr_line' id='line_1_6' title="bbox 87 1686 206 1708; baseline -0.008 0"><span class='ocrx_word' id='word_1_12' title='bbox 87 1686 206 1708; x_wconf 74' lang='lat' dir='ltr'>uariorum.</span> 
     </span>
    </p>
   </div>
   <div class='ocr_carea' id='block_1_5' title="bbox 115 2031 235 2054">
    <p class='ocr_par' dir='ltr' id='par_1_5' title="bbox 115 2031 235 2054">
     <span class='ocr_line' id='line_1_7' title="bbox 115 2031 235 2054; baseline -0.008 -1"><span class='ocrx_word' id='word_1_13' title='bbox 115 2031 235 2054; x_wconf 80' lang='lat' dir='ltr'>Clausutae.</span> 
     </span>
    </p>
   </div>
   <div class='ocr_carea' id='block_1_6' title="bbox 933 326 1155 350">
    <p class='ocr_par' dir='ltr' id='par_1_6' title="bbox 933 326 1155 350">
     <span class='ocr_line' id='line_1_8' title="bbox 933 326 1155 350; baseline -0.005 0"><span class='ocrx_word' id='word_1_14' title='bbox 933 326 1051 350; x_wconf 74' lang='lat' dir='ltr'>PAULUS</span> <span class='ocrx_word' id='word_1_15' title='bbox 1071 326 1087 349; x_wconf 81' lang='lat' dir='ltr'>V</span> <span class='ocrx_word' id='word_1_16' title='bbox 1108 326 1155 350; x_wconf 73' lang='lat' dir='ltr'>Pr.</span> 
     </span>
    </p>
   </div>
   <div class='ocr_carea' id='block_1_7' title="bbox 281 373 1028 2653">
    <p class='ocr_par' dir='ltr' id='par_1_7' title="bbox 287 373 1025 470">
     <span class='ocr_line' id='line_1_9' title="bbox 287 373 1025 417; baseline 0.001 -11"><span class='ocrx_word' id='word_1_17' title='bbox 287 375 362 407; x_wconf 78' lang='lat' dir='ltr'>cura</span> <span class='ocrx_word' id='word_1_18' title='bbox 376 373 566 407; x_wconf 75' lang='lat' dir='ltr'>conscientia</span> <span class='ocrx_word' id='word_1_19' title='bbox 584 374 764 417; x_wconf 82' lang='lat' dir='ltr'>praesidere</span> <span class='ocrx_word' id='word_1_20' title='bbox 782 373 909 417; x_wconf 83' lang='lat' dir='ltr'>possint,</span> <span class='ocrx_word' id='word_1_21' title='bbox 928 384 1025 407; x_wconf 89' lang='lat' dir='ltr'>reme-</span> 
     </span>
     <span class='ocr_line' id='line_1_10' title="bbox 287 427 1001 470; baseline -0.001 -11"><span class='ocrx_word' id='word_1_22' title='bbox 287 427 346 467; x_wconf 87' lang='lat' dir='ltr'>dia,</span> <span class='ocrx_word' id='word_1_23' title='bbox 364 432 457 470; x_wconf 87' lang='lat' dir='ltr'>prout</span> <span class='ocrx_word' id='word_1_24' title='bbox 481 427 640 467; x_wconf 76' lang='lat' dir='ltr'>convenit,</span> <span class='ocrx_word' id='word_1_25' title='bbox 666 427 791 461; x_wconf 78' lang='lat' dir='ltr'>adhibet</span> <span class='ocrx_word' id='word_1_26' title='bbox 815 432 1001 470; x_wconf 89' lang='lat' dir='ltr'>opportuna.</span> 
     </span>
    </p>

    <p class='ocr_par' dir='ltr' id='par_1_8' title="bbox 281 479 1025 1628">
     <span class='ocr_line' id='line_1_11' title="bbox 329 479 1023 522; baseline -0.001 -11"><span class='ocrx_word' id='word_1_27' title='bbox 329 479 388 521; x_wconf 65' lang='lat' dir='ltr'>§l</span> <span class='ocrx_word' id='word_1_28' title='bbox 413 479 489 512; x_wconf 88' lang='lat' dir='ltr'>Cum</span> <span class='ocrx_word' id='word_1_29' title='bbox 516 479 618 522; x_wconf 86' lang='lat' dir='ltr'>itaque</span> <span class='ocrx_word' id='word_1_30' title='bbox 642 490 699 512; x_wconf 91' lang='lat' dir='ltr'>nos</span> <span class='ocrx_word' id='word_1_31' title='bbox 723 479 816 512; x_wconf 82' lang='lat' dir='ltr'>liodic</span> <span class='ocrx_word' id='word_1_32' title='bbox 842 479 1023 512; x_wconf 67' lang='lat' dir='ltr'>electionem</span> 
     </span>
     <span class='ocr_line' id='line_1_12' title="bbox 284 531 1024 576; baseline -0.003 -11"><span class='ocrx_word' id='word_1_33' title='bbox 284 532 322 565; x_wconf 88' lang='lat' dir='ltr'>dc</span> <span class='ocrx_word' id='word_1_34' title='bbox 347 534 479 576; x_wconf 72' lang='lat' dir='ltr'>persona</span> <span class='ocrx_word' id='word_1_35' title='bbox 505 534 556 566; x_wconf 72' lang='lat' dir='ltr'>tua</span> <span class='ocrx_word' id='word_1_36' title='bbox 585 532 615 564; x_wconf 90' lang='lat' dir='ltr'>in</span> <span class='ocrx_word' id='word_1_37' title='bbox 637 532 908 575; x_wconf 82' lang='lat' dir='ltr'>archiepiscopum</span> <span class='ocrx_word' id='word_1_38' title='bbox 931 531 1024 565; x_wconf 77' lang='lat' dir='ltr'>Salis-</span> 
     </span>
     <span class='ocr_line' id='line_1_13' title="bbox 284 585 1023 629; baseline -0.003 -11"><span class='ocrx_word' id='word_1_39' title='bbox 284 586 483 629; x_wconf 79' lang='lat' dir='ltr'>burgensem,</span> <span class='ocrx_word' id='word_1_40' title='bbox 503 586 634 619; x_wconf 77' lang='lat' dir='ltr'>ecclesia</span> <span class='ocrx_word' id='word_1_41' title='bbox 654 586 720 629; x_wconf 74' lang='lat' dir='ltr'>ipsa</span> <span class='ocrx_word' id='word_1_42' title='bbox 737 589 809 619; x_wconf 90' lang='lat' dir='ltr'>tunc</span> <span class='ocrx_word' id='word_1_43' title='bbox 827 590 913 618; x_wconf 79' lang='lat' dir='ltr'>corto</span> <span class='ocrx_word' id='word_1_44' title='bbox 930 585 1023 617; x_wconf 88' lang='lat' dir='ltr'>modo</span> 
     </span>
     <span class='ocr_line' id='line_1_14' title="bbox 283 639 1023 682; baseline -0.001 -10"><span class='ocrx_word' id='word_1_45' title='bbox 283 639 416 682; x_wconf 89' lang='lat' dir='ltr'>pastoris</span> <span class='ocrx_word' id='word_1_46' title='bbox 440 640 550 673; x_wconf 88' lang='lat' dir='ltr'>solatio</span> <span class='ocrx_word' id='word_1_47' title='bbox 582 640 745 679; x_wconf 74' lang='lat' dir='ltr'>destituta,</span> <span class='ocrx_word' id='word_1_48' title='bbox 770 639 918 672; x_wconf 84' lang='lat' dir='ltr'>canonice</span> <span class='ocrx_word' id='word_1_49' title='bbox 943 639 1023 671; x_wconf 87' lang='lat' dir='ltr'>eele-</span> 
     </span>
     <span class='ocr_line' id='line_1_15' title="bbox 283 692 1022 733; baseline 0 -8"><span class='ocrx_word' id='word_1_50' title='bbox 283 692 420 733; x_wconf 88' lang='lat' dir='ltr'>bratam,</span> <span class='ocrx_word' id='word_1_51' title='bbox 445 693 483 725; x_wconf 87' lang='lat' dir='ltr'>de</span> <span class='ocrx_word' id='word_1_52' title='bbox 508 694 640 727; x_wconf 76' lang='lat' dir='ltr'>fratrum</span> <span class='ocrx_word' id='word_1_53' title='bbox 665 698 845 726; x_wconf 86' lang='lat' dir='ltr'>nostrorum</span> <span class='ocrx_word' id='word_1_54' title='bbox 871 692 1022 732; x_wconf 89' lang='lat' dir='ltr'>consilio,</span> 
     </span>
     <span class='ocr_line' id='line_1_16' title="bbox 283 745 1024 790; baseline -0.001 -12"><span class='ocrx_word' id='word_1_55' title='bbox 283 745 453 788; x_wconf 78' lang='lat' dir='ltr'>apostolica</span> <span class='ocrx_word' id='word_1_56' title='bbox 478 746 643 780; x_wconf 73' lang='lat' dir='ltr'>autoritate</span> <span class='ocrx_word' id='word_1_57' title='bbox 668 746 835 790; x_wconf 89' lang='lat' dir='ltr'>approbari</span> <span class='ocrx_word' id='word_1_58' title='bbox 860 749 888 779; x_wconf 90' lang='lat' dir='ltr'>et</span> <span class='ocrx_word' id='word_1_59' title='bbox 913 745 1024 778; x_wconf 86' lang='lat' dir='ltr'>confir-</span> 
     </span>
     <span class='ocr_line' id='line_1_17' title="bbox 283 798 1024 843; baseline -0.001 -12"><span class='ocrx_word' id='word_1_60' title='bbox 283 798 389 839; x_wconf 87' lang='lat' dir='ltr'>mari¹,</span> <span class='ocrx_word' id='word_1_61' title='bbox 409 804 501 843; x_wconf 87' lang='lat' dir='ltr'>teque</span> <span class='ocrx_word' id='word_1_62' title='bbox 526 799 570 832; x_wconf 92' lang='lat' dir='ltr'>illi</span> <span class='ocrx_word' id='word_1_63' title='bbox 591 800 622 832; x_wconf 90' lang='lat' dir='ltr'>in</span> <span class='ocrx_word' id='word_1_64' title='bbox 639 800 910 843; x_wconf 84' lang='lat' dir='ltr'>archiepiscopum</span> <span class='ocrx_word' id='word_1_65' title='bbox 928 804 955 832; x_wconf 87' lang='lat' dir='ltr'>et</span> <span class='ocrx_word' id='word_1_66' title='bbox 974 809 1024 842; x_wconf 87' lang='lat' dir='ltr'>pa-</span> 
     </span>
     <span class='ocr_line' id='line_1_18' title="bbox 282 851 1022 895; baseline -0.001 -11"><span class='ocrx_word' id='word_1_67' title='bbox 282 856 397 884; x_wconf 87' lang='lat' dir='ltr'>storem</span> <span class='ocrx_word' id='word_1_68' title='bbox 422 852 593 895; x_wconf 81' lang='lat' dir='ltr'>praeficere</span> <span class='ocrx_word' id='word_1_69' title='bbox 618 852 830 885; x_wconf 86' lang='lat' dir='ltr'>intendamus:</span> <span class='ocrx_word' id='word_1_70' title='bbox 847 862 913 891; x_wconf 84' lang='lat' dir='ltr'>nos,</span> <span class='ocrx_word' id='word_1_71' title='bbox 930 861 968 884; x_wconf 89' lang='lat' dir='ltr'>ne</span> <span class='ocrx_word' id='word_1_72' title='bbox 985 851 1022 891; x_wconf 86' lang='lat' dir='ltr'>(si</span> 
     </span>
     <span class='ocr_line' id='line_1_19' title="bbox 282 904 1024 948; baseline 0 -11"><span class='ocrx_word' id='word_1_73' title='bbox 282 904 386 937; x_wconf 78' lang='lat' dir='ltr'>forsan</span> <span class='ocrx_word' id='word_1_74' title='bbox 418 905 574 948; x_wconf 79' lang='lat' dir='ltr'>aliquibus</span> <span class='ocrx_word' id='word_1_75' title='bbox 609 905 789 945; x_wconf 85' lang='lat' dir='ltr'>sententiis,</span> <span class='ocrx_word' id='word_1_76' title='bbox 823 905 964 938; x_wconf 81' lang='lat' dir='ltr'>censuris</span> <span class='ocrx_word' id='word_1_77' title='bbox 995 910 1024 937; x_wconf 90' lang='lat' dir='ltr'>et</span> 
     </span>
     <span class='ocr_line' id='line_1_20' title="bbox 282 957 1023 1001; baseline 0.003 -12"><span class='ocrx_word' id='word_1_78' title='bbox 282 957 391 1000; x_wconf 89' lang='lat' dir='ltr'>poenis</span> <span class='ocrx_word' id='word_1_79' title='bbox 406 957 622 991; x_wconf 86' lang='lat' dir='ltr'>ecclesiasticis</span> <span class='ocrx_word' id='word_1_80' title='bbox 636 957 749 1000; x_wconf 81' lang='lat' dir='ltr'>ligatus</span> <span class='ocrx_word' id='word_1_81' title='bbox 761 957 815 997; x_wconf 88' lang='lat' dir='ltr'>sis)</span> <span class='ocrx_word' id='word_1_82' title='bbox 829 957 1023 1001; x_wconf 80' lang='lat' dir='ltr'>approbatio,</span> 
     </span>
     <span class='ocr_line' id='line_1_21' title="bbox 283 1010 1025 1053; baseline 0 -11"><span class='ocrx_word' id='word_1_83' title='bbox 283 1010 480 1043; x_wconf 81' lang='lat' dir='ltr'>confirmatio</span> <span class='ocrx_word' id='word_1_84' title='bbox 496 1013 525 1043; x_wconf 87' lang='lat' dir='ltr'>et.</span> <span class='ocrx_word' id='word_1_85' title='bbox 540 1010 707 1053; x_wconf 79' lang='lat' dir='ltr'>praefectio</span> <span class='ocrx_word' id='word_1_86' title='bbox 731 1012 886 1053; x_wconf 86' lang='lat' dir='ltr'>praefatae</span> <span class='ocrx_word' id='word_1_87' title='bbox 905 1011 1025 1043; x_wconf 75' lang='lat' dir='ltr'>valeant</span> 
     </span>
     <span class='ocr_line' id='line_1_22' title="bbox 284 1063 1023 1106; baseline 0 -11"><span class='ocrx_word' id='word_1_88' title='bbox 284 1068 449 1106; x_wconf 85' lang='lat' dir='ltr'>propterea</span> <span class='ocrx_word' id='word_1_89' title='bbox 458 1063 694 1106; x_wconf 74' lang='lat' dir='ltr'>quomodolibet</span> <span class='ocrx_word' id='word_1_90' title='bbox 709 1063 860 1096; x_wconf 77' lang='lat' dir='ltr'>invalidae</span> <span class='ocrx_word' id='word_1_91' title='bbox 874 1064 1023 1106; x_wconf 88' lang='lat' dir='ltr'>reputari,</span> 
     </span>
     <span class='ocr_line' id='line_1_23' title="bbox 284 1115 1025 1160; baseline 0.001 -12"><span class='ocrx_word' id='word_1_92' title='bbox 284 1115 448 1159; x_wconf 86' lang='lat' dir='ltr'>providere</span> <span class='ocrx_word' id='word_1_93' title='bbox 473 1117 621 1157; x_wconf 74' lang='lat' dir='ltr'>volentes,</span> <span class='ocrx_word' id='word_1_94' title='bbox 642 1121 670 1150; x_wconf 88' lang='lat' dir='ltr'>te</span> <span class='ocrx_word' id='word_1_95' title='bbox 686 1127 703 1149; x_wconf 88' lang='lat' dir='ltr'>a</span> <span class='ocrx_word' id='word_1_96' title='bbox 720 1117 882 1160; x_wconf 80' lang='lat' dir='ltr'>quibusvis</span> <span class='ocrx_word' id='word_1_97' title='bbox 899 1127 1025 1160; x_wconf 85' lang='lat' dir='ltr'>suspen-</span> 
     </span>
     <span class='ocr_line' id='line_1_24' title="bbox 284 1169 1024 1213; baseline 0 -12"><span class='ocrx_word' id='word_1_98' title='bbox 284 1169 379 1202; x_wconf 88' lang='lat' dir='ltr'>sionis</span> <span class='ocrx_word' id='word_1_99' title='bbox 403 1173 432 1202; x_wconf 91' lang='lat' dir='ltr'>et</span> <span class='ocrx_word' id='word_1_100' title='bbox 456 1169 626 1209; x_wconf 83' lang='lat' dir='ltr'>interdicti,</span> <span class='ocrx_word' id='word_1_101' title='bbox 652 1169 782 1213; x_wconf 88' lang='lat' dir='ltr'>aliisque</span> <span class='ocrx_word' id='word_1_102' title='bbox 805 1170 1024 1203; x_wconf 83' lang='lat' dir='ltr'>ecclesiasticis</span> 
     </span>
     <span class='ocr_line' id='line_1_25' title="bbox 284 1222 1023 1267; baseline 0.001 -12"><span class='ocrx_word' id='word_1_103' title='bbox 284 1222 463 1263; x_wconf 78' lang='lat' dir='ltr'>sententiis,</span> <span class='ocrx_word' id='word_1_104' title='bbox 488 1223 628 1256; x_wconf 79' lang='lat' dir='ltr'>censuris</span> <span class='ocrx_word' id='word_1_105' title='bbox 657 1229 686 1255; x_wconf 86' lang='lat' dir='ltr'>et</span> <span class='ocrx_word' id='word_1_106' title='bbox 710 1224 835 1266; x_wconf 84' lang='lat' dir='ltr'>poenis,</span> <span class='ocrx_word' id='word_1_107' title='bbox 861 1224 885 1256; x_wconf 90' lang='lat' dir='ltr'>si</span> <span class='ocrx_word' id='word_1_108' title='bbox 910 1224 1023 1267; x_wconf 83' lang='lat' dir='ltr'>quibus</span> 
     </span>
     <span class='ocr_line' id='line_1_26' title="bbox 282 1275 1025 1318; baseline 0.003 -11"><span class='ocrx_word' id='word_1_109' title='bbox 282 1275 519 1318; x_wconf 77' lang='lat' dir='ltr'>quomodolibet</span> <span class='ocrx_word' id='word_1_110' title='bbox 543 1275 707 1308; x_wconf 84' lang='lat' dir='ltr'>innodatus</span> <span class='ocrx_word' id='word_1_111' title='bbox 731 1276 781 1316; x_wconf 75' lang='lat' dir='ltr'>sis,</span> <span class='ocrx_word' id='word_1_112' title='bbox 799 1276 837 1309; x_wconf 90' lang='lat' dir='ltr'>ad</span> <span class='ocrx_word' id='word_1_113' title='bbox 862 1277 922 1309; x_wconf 88' lang='lat' dir='ltr'>hoc</span> <span class='ocrx_word' id='word_1_114' title='bbox 938 1277 1025 1309; x_wconf 90' lang='lat' dir='ltr'>dum-</span> 
     </span>
     <span class='ocr_line' id='line_1_27' title="bbox 281 1329 1025 1374; baseline 0.003 -14"><span class='ocrx_word' id='word_1_115' title='bbox 281 1332 374 1369; x_wconf 80' lang='lat' dir='ltr'>taxat,</span> <span class='ocrx_word' id='word_1_116' title='bbox 394 1334 428 1361; x_wconf 91' lang='lat' dir='ltr'>ut</span> <span class='ocrx_word' id='word_1_117' title='bbox 452 1329 646 1372; x_wconf 82' lang='lat' dir='ltr'>approbatio,</span> <span class='ocrx_word' id='word_1_118' title='bbox 664 1329 872 1370; x_wconf 88' lang='lat' dir='ltr'>confirmatio,</span> <span class='ocrx_word' id='word_1_119' title='bbox 890 1335 917 1362; x_wconf 90' lang='lat' dir='ltr'>et</span> <span class='ocrx_word' id='word_1_120' title='bbox 938 1341 1025 1374; x_wconf 88' lang='lat' dir='ltr'>prae-</span> 
     </span>
     <span class='ocr_line' id='line_1_28' title="bbox 283 1381 1023 1426; baseline 0.003 -11"><span class='ocrx_word' id='word_1_121' title='bbox 283 1381 374 1415; x_wconf 86' lang='lat' dir='ltr'>fectio</span> <span class='ocrx_word' id='word_1_122' title='bbox 398 1383 564 1426; x_wconf 79' lang='lat' dir='ltr'>praefatae,</span> <span class='ocrx_word' id='word_1_123' title='bbox 584 1393 641 1415; x_wconf 89' lang='lat' dir='ltr'>nec</span> <span class='ocrx_word' id='word_1_124' title='bbox 658 1393 721 1415; x_wconf 92' lang='lat' dir='ltr'>non</span> <span class='ocrx_word' id='word_1_125' title='bbox 743 1383 883 1425; x_wconf 77' lang='lat' dir='ltr'>singulae</span> <span class='ocrx_word' id='word_1_126' title='bbox 903 1384 1023 1417; x_wconf 80' lang='lat' dir='ltr'>litterae</span> 
     </span>
     <span class='ocr_line' id='line_1_29' title="bbox 283 1434 1023 1478; baseline 0.003 -10"><span class='ocrx_word' id='word_1_127' title='bbox 283 1434 416 1478; x_wconf 87' lang='lat' dir='ltr'>desuper</span> <span class='ocrx_word' id='word_1_128' title='bbox 440 1435 662 1476; x_wconf 84' lang='lat' dir='ltr'>conficiendae,</span> <span class='ocrx_word' id='word_1_129' title='bbox 684 1447 774 1469; x_wconf 88' lang='lat' dir='ltr'>suum</span> <span class='ocrx_word' id='word_1_130' title='bbox 792 1437 1023 1470; x_wconf 87' lang='lat' dir='ltr'>sortiantur¹ef=</span> 
     </span>
     <span class='ocr_line' id='line_1_30' title="bbox 283 1488 1023 1532; baseline 0.004 -12"><span class='ocrx_word' id='word_1_131' title='bbox 283 1488 409 1529; x_wconf 86' lang='lat' dir='ltr'>fectum,</span> <span class='ocrx_word' id='word_1_132' title='bbox 423 1489 504 1521; x_wconf 74' lang='lat' dir='ltr'>dicta</span> <span class='ocrx_word' id='word_1_133' title='bbox 517 1489 687 1532; x_wconf 79' lang='lat' dir='ltr'>apostolica</span> <span class='ocrx_word' id='word_1_134' title='bbox 704 1490 899 1530; x_wconf 86' lang='lat' dir='ltr'>auctoritate,</span> <span class='ocrx_word' id='word_1_135' title='bbox 917 1494 1023 1524; x_wconf 89' lang='lat' dir='ltr'>tenore</span> 
     </span>
     <span class='ocr_line' id='line_1_31' title="bbox 284 1542 1023 1585; baseline 0.003 -11"><span class='ocrx_word' id='word_1_136' title='bbox 284 1542 516 1585; x_wconf 86' lang='lat' dir='ltr'>praesentium,</span> <span class='ocrx_word' id='word_1_137' title='bbox 541 1543 753 1583; x_wconf 86' lang='lat' dir='ltr'>absolvimus,</span> <span class='ocrx_word' id='word_1_138' title='bbox 786 1548 816 1576; x_wconf 86' lang='lat' dir='ltr'>et</span> <span class='ocrx_word' id='word_1_139' title='bbox 845 1544 1023 1577; x_wconf 88' lang='lat' dir='ltr'>absolutum</span> 
     </span>
     <span class='ocr_line' id='line_1_32' title="bbox 284 1595 566 1628; baseline 0 0"><span class='ocrx_word' id='word_1_140' title='bbox 284 1595 351 1628; x_wconf 85' lang='lat' dir='ltr'>sore</span> <span class='ocrx_word' id='word_1_141' title='bbox 372 1595 566 1628; x_wconf 83' lang='lat' dir='ltr'>nunciamus.</span> 
     </span>
    </p>

    <p class='ocr_par' dir='ltr' id='par_1_9' title="bbox 284 1648 1028 2013">
     <span class='ocr_line' id='line_1_33' title="bbox 329 1648 1025 1692; baseline 0.004 -11"><span class='ocrx_word' id='word_1_142' title='bbox 329 1649 344 1692; x_wconf 60' lang='grc' dir='ltr'><strong>ἓ</strong></span> <span class='ocrx_word' id='word_1_143' title='bbox 374 1648 403 1681; x_wconf 64' lang='lat'>2.</span> <span class='ocrx_word' id='word_1_144' title='bbox 434 1649 502 1682; x_wconf 88' lang='lat' dir='ltr'>Non</span> <span class='ocrx_word' id='word_1_145' title='bbox 525 1649 721 1683; x_wconf 85' lang='lat' dir='ltr'>obstantibus</span> <span class='ocrx_word' id='word_1_146' title='bbox 751 1651 1025 1684; x_wconf 85' lang='lat' dir='ltr'>constitutionibus</span> 
     </span>
     <span class='ocr_line' id='line_1_34' title="bbox 285 1702 1025 1747; baseline 0.003 -12"><span class='ocrx_word' id='word_1_147' title='bbox 285 1707 315 1735; x_wconf 88' lang='lat' dir='ltr'>et</span> <span class='ocrx_word' id='word_1_148' title='bbox 338 1702 589 1736; x_wconf 85' lang='lat' dir='ltr'>ordinationibus</span> <span class='ocrx_word' id='word_1_149' title='bbox 605 1704 793 1747; x_wconf 88' lang='lat' dir='ltr'>apostolicis,</span> <span class='ocrx_word' id='word_1_150' title='bbox 811 1715 846 1738; x_wconf 88' lang='lat' dir='ltr'>ac</span> <span class='ocrx_word' id='word_1_151' title='bbox 863 1705 962 1738; x_wconf 89' lang='lat' dir='ltr'>dictae</span> <span class='ocrx_word' id='word_1_152' title='bbox 979 1715 1025 1737; x_wconf 92' lang='lat' dir='ltr'>ec-</span> 
     </span>
     <span class='ocr_line' id='line_1_35' title="bbox 285 1755 1024 1799; baseline 0.003 -11"><span class='ocrx_word' id='word_1_153' title='bbox 285 1755 397 1788; x_wconf 86' lang='lat' dir='ltr'>clesiae</span> <span class='ocrx_word' id='word_1_154' title='bbox 426 1755 671 1799; x_wconf 80' lang='lat' dir='ltr'>Salisburgensis</span> <span class='ocrx_word' id='word_1_155' title='bbox 698 1757 791 1790; x_wconf 88' lang='lat' dir='ltr'>etiam</span> <span class='ocrx_word' id='word_1_156' title='bbox 826 1757 1024 1797; x_wconf 88' lang='lat' dir='ltr'>iuramento,</span> 
     </span>
     <span class='ocr_line' id='line_1_36' title="bbox 285 1809 1026 1854; baseline 0.001 -12"><span class='ocrx_word' id='word_1_157' title='bbox 285 1809 521 1843; x_wconf 87' lang='lat' dir='ltr'>confirmatione</span> <span class='ocrx_word' id='word_1_158' title='bbox 545 1810 734 1853; x_wconf 77' lang='lat' dir='ltr'>apostolica,</span> <span class='ocrx_word' id='word_1_159' title='bbox 770 1810 817 1843; x_wconf 86' lang='lat' dir='ltr'>vel</span> <span class='ocrx_word' id='word_1_160' title='bbox 842 1810 951 1854; x_wconf 88' lang='lat' dir='ltr'>quavis</span> <span class='ocrx_word' id='word_1_161' title='bbox 974 1811 1026 1843; x_wconf 85' lang='lat' dir='ltr'>fir-</span> 
     </span>
     <span class='ocr_line' id='line_1_37' title="bbox 284 1862 1026 1906; baseline 0.001 -11"><span class='ocrx_word' id='word_1_162' title='bbox 284 1862 392 1896; x_wconf 90' lang='lat' dir='ltr'>mitate</span> <span class='ocrx_word' id='word_1_163' title='bbox 415 1862 476 1895; x_wconf 77' lang='lat' dir='ltr'>alia</span> <span class='ocrx_word' id='word_1_164' title='bbox 501 1862 670 1906; x_wconf 87' lang='lat' dir='ltr'>roboratis)</span> <span class='ocrx_word' id='word_1_165' title='bbox 695 1863 816 1897; x_wconf 87' lang='lat' dir='ltr'>statutis</span> <span class='ocrx_word' id='word_1_166' title='bbox 840 1868 871 1896; x_wconf 86' lang='lat' dir='ltr'>et</span> <span class='ocrx_word' id='word_1_167' title='bbox 895 1873 1026 1897; x_wconf 87' lang='lat' dir='ltr'>consue-</span> 
     </span>
     <span class='ocr_line' id='line_1_38' title="bbox 284 1915 1028 1960; baseline 0.003 -12"><span class='ocrx_word' id='word_1_168' title='bbox 284 1915 467 1957; x_wconf 89' lang='lat' dir='ltr'>tudinibus,</span> <span class='ocrx_word' id='word_1_169' title='bbox 496 1916 671 1960; x_wconf 88' lang='lat' dir='ltr'>ceterisque</span> <span class='ocrx_word' id='word_1_170' title='bbox 703 1916 867 1951; x_wconf 84' lang='lat' dir='ltr'>contrariis</span> <span class='ocrx_word' id='word_1_171' title='bbox 900 1917 1028 1960; x_wconf 89' lang='lat' dir='ltr'>quibus-</span> 
     </span>
     <span class='ocr_line' id='line_1_39' title="bbox 286 1979 429 2013; baseline 0 -11"><span class='ocrx_word' id='word_1_172' title='bbox 286 1979 429 2013; x_wconf 87' lang='lat' dir='ltr'>cumque.</span> 
     </span>
    </p>

    <p class='ocr_par' dir='ltr' id='par_1_10' title="bbox 285 2014 1028 2385">
     <span class='ocr_line' id='line_1_40' title="bbox 330 2014 1027 2065; baseline 0.001 -10"><span class='ocrx_word' id='word_1_173' title='bbox 330 2023 345 2065; x_wconf 62' lang='grc' dir='ltr'><strong>ἓ</strong></span> <span class='ocrx_word' id='word_1_174' title='bbox 368 2021 397 2055; x_wconf 84' lang='grc'>3.</span> <span class='ocrx_word' id='word_1_175' title='bbox 419 2022 501 2056; x_wconf 89' lang='lat' dir='ltr'>Nulli</span> <span class='ocrx_word' id='word_1_176' title='bbox 518 2014 594 2065; x_wconf 78' lang='lat' dir='ltr'>ergo</span> <span class='ocrx_word' id='word_1_177' title='bbox 612 2022 739 2055; x_wconf 89' lang='lat' dir='ltr'>omnino</span> <span class='ocrx_word' id='word_1_178' title='bbox 756 2023 920 2055; x_wconf 88' lang='lat' dir='ltr'>hominum</span> <span class='ocrx_word' id='word_1_179' title='bbox 937 2023 1027 2057; x_wconf 87' lang='lat' dir='ltr'>liceat</span> 
     </span>
     <span class='ocr_line' id='line_1_41' title="bbox 286 2075 1027 2118; baseline 0.001 -11"><span class='ocrx_word' id='word_1_180' title='bbox 286 2075 366 2108; x_wconf 91' lang='lat' dir='ltr'>hanc</span> <span class='ocrx_word' id='word_1_181' title='bbox 400 2075 548 2118; x_wconf 79' lang='lat' dir='ltr'>paginam</span> <span class='ocrx_word' id='word_1_182' title='bbox 589 2079 715 2109; x_wconf 87' lang='lat' dir='ltr'>nostrae</span> <span class='ocrx_word' id='word_1_183' title='bbox 751 2076 959 2108; x_wconf 87' lang='lat' dir='ltr'>absolutionis</span> <span class='ocrx_word' id='word_1_184' title='bbox 998 2081 1027 2108; x_wconf 88' lang='lat' dir='ltr'>et</span> 
     </span>
     <span class='ocr_line' id='line_1_42' title="bbox 285 2128 1028 2171; baseline 0.001 -10"><span class='ocrx_word' id='word_1_185' title='bbox 285 2128 494 2162; x_wconf 88' lang='lat' dir='ltr'>nunciationis</span> <span class='ocrx_word' id='word_1_186' title='bbox 518 2129 700 2171; x_wconf 81' lang='lat' dir='ltr'>infringere,</span> <span class='ocrx_word' id='word_1_187' title='bbox 727 2130 774 2162; x_wconf 78' lang='lat' dir='ltr'>vel</span> <span class='ocrx_word' id='word_1_188' title='bbox 794 2130 821 2162; x_wconf 87' lang='lat' dir='ltr'>ei</span> <span class='ocrx_word' id='word_1_189' title='bbox 839 2140 916 2163; x_wconf 89' lang='lat' dir='ltr'>ausu</span> <span class='ocrx_word' id='word_1_190' title='bbox 933 2135 1028 2162; x_wconf 87' lang='lat' dir='ltr'>teme-</span> 
     </span>
     <span class='ocr_line' id='line_1_43' title="bbox 287 2182 1028 2226; baseline 0.003 -12"><span class='ocrx_word' id='word_1_191' title='bbox 287 2182 371 2215; x_wconf 85' lang='lat' dir='ltr'>rario</span> <span class='ocrx_word' id='word_1_192' title='bbox 391 2182 578 2216; x_wconf 86' lang='lat' dir='ltr'>contrahire.</span> <span class='ocrx_word' id='word_1_193' title='bbox 600 2182 631 2215; x_wconf 88' lang='lat' dir='ltr'>Si</span> <span class='ocrx_word' id='word_1_194' title='bbox 651 2182 720 2226; x_wconf 86' lang='lat' dir='ltr'>quis</span> <span class='ocrx_word' id='word_1_195' title='bbox 737 2188 840 2215; x_wconf 89' lang='lat' dir='ltr'>autem</span> <span class='ocrx_word' id='word_1_196' title='bbox 857 2184 916 2216; x_wconf 88' lang='lat' dir='ltr'>hoc</span> <span class='ocrx_word' id='word_1_197' title='bbox 934 2187 1028 2217; x_wconf 89' lang='lat' dir='ltr'>atten-</span> 
     </span>
     <span class='ocr_line' id='line_1_44' title="bbox 287 2234 1027 2278; baseline 0 -10"><span class='ocrx_word' id='word_1_198' title='bbox 287 2238 352 2268; x_wconf 85' lang='lat' dir='ltr'>tare</span> <span class='ocrx_word' id='word_1_199' title='bbox 376 2235 633 2278; x_wconf 85' lang='lat' dir='ltr'>praesumpserit,</span> <span class='ocrx_word' id='word_1_200' title='bbox 663 2234 907 2277; x_wconf 79' lang='lat' dir='ltr'>indignationem</span> <span class='ocrx_word' id='word_1_201' title='bbox 928 2236 1027 2268; x_wconf 91' lang='lat' dir='ltr'>omni-</span> 
     </span>
     <span class='ocr_line' id='line_1_45' title="bbox 286 2288 1026 2332; baseline 0 -11"><span class='ocrx_word' id='word_1_202' title='bbox 286 2288 420 2332; x_wconf 87' lang='lat' dir='ltr'>potentis</span> <span class='ocrx_word' id='word_1_203' title='bbox 443 2288 508 2328; x_wconf 90' lang='lat' dir='ltr'>Dei,</span> <span class='ocrx_word' id='word_1_204' title='bbox 532 2299 567 2321; x_wconf 85' lang='lat' dir='ltr'>ae</span> <span class='ocrx_word' id='word_1_205' title='bbox 591 2288 755 2322; x_wconf 87' lang='lat' dir='ltr'>beatorum</span> <span class='ocrx_word' id='word_1_206' title='bbox 780 2289 863 2322; x_wconf 91' lang='lat' dir='ltr'>Petri</span> <span class='ocrx_word' id='word_1_207' title='bbox 888 2293 917 2323; x_wconf 88' lang='lat' dir='ltr'>et</span> <span class='ocrx_word' id='word_1_208' title='bbox 939 2289 1026 2322; x_wconf 89' lang='lat' dir='ltr'>Pauli</span> 
     </span>
     <span class='ocr_line' id='line_1_46' title="bbox 287 2341 1024 2385; baseline 0.001 -12"><span class='ocrx_word' id='word_1_209' title='bbox 287 2341 502 2385; x_wconf 86' lang='lat' dir='ltr'>apostolorum</span> <span class='ocrx_word' id='word_1_210' title='bbox 526 2341 603 2381; x_wconf 78' lang='lat' dir='ltr'>eius,</span> <span class='ocrx_word' id='word_1_211' title='bbox 629 2352 661 2373; x_wconf 93' lang='lat' dir='ltr'>se</span> <span class='ocrx_word' id='word_1_212' title='bbox 677 2342 799 2374; x_wconf 73' lang='lat' dir='ltr'>noverit</span> <span class='ocrx_word' id='word_1_213' title='bbox 815 2342 1024 2375; x_wconf 87' lang='lat' dir='ltr'>incursurum.</span> 
     </span>
    </p>

    <p class='ocr_par' dir='ltr' id='par_1_11' title="bbox 288 2394 1026 2589">
     <span class='ocr_line' id='line_1_47' title="bbox 331 2394 1025 2438; baseline 0 -11"><span class='ocrx_word' id='word_1_214' title='bbox 331 2394 442 2428; x_wconf 88' lang='lat' dir='ltr'>Datum</span> <span class='ocrx_word' id='word_1_215' title='bbox 468 2395 585 2427; x_wconf 83' lang='lat' dir='ltr'>Romae</span> <span class='ocrx_word' id='word_1_216' title='bbox 616 2394 697 2438; x_wconf 88' lang='lat' dir='ltr'>apud</span> <span class='ocrx_word' id='word_1_217' title='bbox 722 2399 864 2427; x_wconf 89' lang='lat' dir='ltr'>sanctum</span> <span class='ocrx_word' id='word_1_218' title='bbox 888 2395 1025 2427; x_wconf 87' lang='lat' dir='ltr'>Marcum</span> 
     </span>
     <span class='ocr_line' id='line_1_48' title="bbox 288 2448 1026 2488; baseline 0 -8"><span class='ocrx_word' id='word_1_219' title='bbox 288 2457 369 2481; x_wconf 89' lang='lat' dir='ltr'>anno</span> <span class='ocrx_word' id='word_1_220' title='bbox 408 2448 633 2481; x_wconf 87' lang='lat' dir='ltr'>lncarnationis</span> <span class='ocrx_word' id='word_1_221' title='bbox 674 2448 853 2480; x_wconf 84' lang='lat' dir='ltr'>Dominicae</span> <span class='ocrx_word' id='word_1_222' title='bbox 893 2457 1001 2481; x_wconf 74' lang='lat' dir='ltr'>nncxn</span> <span class='ocrx_word' id='word_1_223' title='bbox 1018 2474 1026 2488; x_wconf 85' lang='lat'>‚</span> 
     </span>
     <span class='ocr_line' id='line_1_49' title="bbox 288 2502 1026 2546; baseline -0.003 -10"><span class='ocrx_word' id='word_1_224' title='bbox 288 2512 342 2536; x_wconf 87' lang='lat' dir='ltr'>xlv</span> <span class='ocrx_word' id='word_1_225' title='bbox 378 2502 525 2535; x_wconf 84' lang='lat' dir='ltr'>kalendas</span> <span class='ocrx_word' id='word_1_226' title='bbox 564 2502 629 2535; x_wconf 88' lang='lat' dir='ltr'>iulii</span> <span class='ocrx_word' id='word_1_227' title='bbox 648 2529 655 2543; x_wconf 92' lang='lat'>,</span> <span class='ocrx_word' id='word_1_228' title='bbox 691 2502 891 2546; x_wconf 77' lang='lat' dir='ltr'>pontificatus</span> <span class='ocrx_word' id='word_1_229' title='bbox 927 2502 1026 2535; x_wconf 82' lang='lat' dir='ltr'>nostri</span> 
     </span>
     <span class='ocr_line' id='line_1_50' title="bbox 288 2566 459 2589; baseline 0.006 -1"><span class='ocrx_word' id='word_1_230' title='bbox 288 2566 369 2589; x_wconf 89' lang='lat' dir='ltr'>anno</span> <span class='ocrx_word' id='word_1_231' title='bbox 394 2566 459 2589; x_wconf 84' lang='lat' dir='ltr'>v111.</span> 
     </span>
    </p>

    <p class='ocr_par' dir='ltr' id='par_1_12' title="bbox 324 2617 903 2653">
     <span class='ocr_line' id='line_1_51' title="bbox 324 2617 903 2653; baseline 0 -9"><span class='ocrx_word' id='word_1_232' title='bbox 324 2617 382 2644; x_wconf 86' lang='lat' dir='ltr'>Dat.</span> <span class='ocrx_word' id='word_1_233' title='bbox 399 2617 444 2645; x_wconf 83' lang='lat' dir='ltr'>die</span> <span class='ocrx_word' id='word_1_234' title='bbox 462 2617 492 2645; x_wconf 88' lang='grc'>18</span> <span class='ocrx_word' id='word_1_235' title='bbox 512 2617 576 2644; x_wconf 87' lang='lat' dir='ltr'>iunii</span> <span class='ocrx_word' id='word_1_236' title='bbox 594 2617 674 2652; x_wconf 75' lang='lat'>1612,</span> <span class='ocrx_word' id='word_1_237' title='bbox 691 2621 766 2653; x_wconf 88' lang='lat' dir='ltr'>pont.</span> <span class='ocrx_word' id='word_1_238' title='bbox 787 2625 830 2644; x_wconf 89' lang='lat' dir='ltr'>an.</span> <span class='ocrx_word' id='word_1_239' title='bbox 849 2624 903 2644; x_wconf 80' lang='lat' dir='ltr'>vm.</span> 
     </span>
    </p>
   </div>
   <div class='ocr_carea' id='block_1_8' title="bbox 328 2723 1023 2760">
    <p class='ocr_par' dir='ltr' id='par_1_13' title="bbox 328 2723 1023 2760">
     <span class='ocr_line' id='line_1_52' title="bbox 328 2723 1023 2760; baseline -0.001 -9"><span class='ocrx_word' id='word_1_240' title='bbox 328 2725 338 2752; x_wconf 85' lang='lat'><strong>1</strong></span> <span class='ocrx_word' id='word_1_241' title='bbox 360 2723 453 2752; x_wconf 85' lang='lat' dir='ltr'>Melius</span> <span class='ocrx_word' id='word_1_242' title='bbox 462 2723 520 2760; x_wconf 84' lang='lat' dir='ltr'>lege</span> <span class='ocrx_word' id='word_1_243' title='bbox 531 2725 693 2760; x_wconf 79' lang='lat' dir='ltr'>approbare</span> <span class='ocrx_word' id='word_1_244' title='bbox 704 2726 731 2753; x_wconf 83' lang='lat' dir='ltr'>et</span> <span class='ocrx_word' id='word_1_245' title='bbox 744 2725 917 2759; x_wconf 76' lang='lat' dir='ltr'>confir-mare</span> <span class='ocrx_word' id='word_1_246' title='bbox 932 2724 1023 2759; x_wconf 59' lang='lat' dir='ltr'>(nm).</span> 
     </span>
    </p>
   </div>
   <div class='ocr_carea' id='block_1_9' title="bbox 1039 382 1045 1906">
    <p class='ocr_par' dir='ltr' id='par_1_14' title="bbox 1039 382 1045 1906">
     <span class='ocr_line' id='line_1_53' title="bbox 1039 382 1045 1906; baseline 0 0"><span class='ocrx_word' id='word_1_247' title='bbox 1039 382 1045 1906; x_wconf 95' lang='lat' dir='ltr'> </span> 
     </span>
    </p>
   </div>
   <div class='ocr_carea' id='block_1_10' title="bbox 1061 373 1799 486">
    <p class='ocr_par' dir='ltr' id='par_1_15' title="bbox 1061 373 1799 486">
     <span class='ocr_line' id='line_1_54' title="bbox 1373 373 1479 407; baseline -0.019 0"><span class='ocrx_word' id='word_1_248' title='bbox 1373 373 1479 407; x_wconf 78' lang='lat' dir='ltr'>CCVII.</span> 
     </span>
     <span class='ocr_line' id='line_1_55' title="bbox 1061 444 1799 486; baseline 0 -10"><span class='ocrx_word' id='word_1_249' title='bbox 1061 444 1272 486; x_wconf 74' lang='lat' dir='ltr'>Confirmatio</span> <span class='ocrx_word' id='word_1_250' title='bbox 1304 444 1467 477; x_wconf 78' lang='lat' dir='ltr'>electionis</span> <span class='ocrx_word' id='word_1_251' title='bbox 1496 444 1601 477; x_wconf 80' lang='lat' dir='ltr'>Marci</span> <span class='ocrx_word' id='word_1_252' title='bbox 1632 444 1729 477; x_wconf 68' lang='lat' dir='ltr'>Sicini</span> <span class='ocrx_word' id='word_1_253' title='bbox 1761 444 1799 476; x_wconf 83' lang='lat' dir='ltr'>ab</span> 
     </span>
    </p>
   </div>
   <div class='ocr_carea' id='block_1_11' title="bbox 1101 496 1800 593">
    <p class='ocr_par' dir='ltr' id='par_1_16' title="bbox 1101 496 1800 593">
     <span class='ocr_line' id='line_1_56' title="bbox 1103 496 1800 540; baseline -0.003 -10"><span class='ocrx_word' id='word_1_254' title='bbox 1103 497 1271 540; x_wconf 75' lang='lat' dir='ltr'>Aleaemps</span> <span class='ocrx_word' id='word_1_255' title='bbox 1287 498 1323 529; x_wconf 75' lang='lat' dir='ltr'>in</span> <span class='ocrx_word' id='word_1_256' title='bbox 1341 497 1617 540; x_wconf 75' lang='lat' dir='ltr'>archiepiscopum</span> <span class='ocrx_word' id='word_1_257' title='bbox 1635 496 1800 530; x_wconf 76' lang='lat' dir='ltr'>salisbur-</span> 
     </span>
     <span class='ocr_line' id='line_1_57' title="bbox 1101 550 1259 593; baseline 0.006 -11"><span class='ocrx_word' id='word_1_258' title='bbox 1101 550 1259 593; x_wconf 58' lang='lat' dir='ltr'>yensenffi.</span> 
     </span>
    </p>
   </div>
   <div class='ocr_carea' id='block_1_12' title="bbox 1058 631 1798 776">
    <p class='ocr_par' dir='ltr' id='par_1_17' title="bbox 1058 631 1798 776">
     <span class='ocr_line' id='line_1_58' title="bbox 1281 631 1577 665; baseline 0 -7"><span class='ocrx_word' id='word_1_259' title='bbox 1281 631 1392 658; x_wconf 86' lang='lat' dir='ltr'>Paulus</span> <span class='ocrx_word' id='word_1_260' title='bbox 1414 631 1577 665; x_wconf 81' lang='lat' dir='ltr'>Episcopus</span> 
     </span>
     <span class='ocr_line' id='line_1_59' title="bbox 1256 685 1612 718; baseline 0 -6"><span class='ocrx_word' id='word_1_261' title='bbox 1256 692 1363 712; x_wconf 82' lang='lat' dir='ltr'>servus</span> <span class='ocrx_word' id='word_1_262' title='bbox 1382 693 1534 713; x_wconf 85' lang='lat' dir='ltr'>servorum</span> <span class='ocrx_word' id='word_1_263' title='bbox 1550 685 1612 718; x_wconf 84' lang='lat' dir='ltr'>Dei,</span> 
     </span>
     <span class='ocr_line' id='line_1_60' title="bbox 1058 747 1798 776; baseline 0 -2"><span class='ocrx_word' id='word_1_264' title='bbox 1058 747 1173 776; x_wconf 82' lang='lat' dir='ltr'>Dilecto</span> <span class='ocrx_word' id='word_1_265' title='bbox 1196 747 1258 774; x_wconf 82' lang='lat' dir='ltr'>filio</span> <span class='ocrx_word' id='word_1_266' title='bbox 1280 748 1378 775; x_wconf 85' lang='lat' dir='ltr'>Marco</span> <span class='ocrx_word' id='word_1_267' title='bbox 1399 747 1493 774; x_wconf 86' lang='lat' dir='ltr'>Sitico</span> <span class='ocrx_word' id='word_1_268' title='bbox 1519 755 1553 775; x_wconf 84' lang='lat' dir='ltr'>ex</span> <span class='ocrx_word' id='word_1_269' title='bbox 1577 747 1738 775; x_wconf 79' lang='lat' dir='ltr'>comitibus</span> <span class='ocrx_word' id='word_1_270' title='bbox 1763 747 1798 775; x_wconf 82' lang='lat' dir='ltr'>ab</span> 
     </span>
    </p>
   </div>
   <div class='ocr_carea' id='block_1_13' title="bbox 1092 791 1800 870">
    <p class='ocr_par' dir='ltr' id='par_1_18' title="bbox 1092 791 1800 870">
     <span class='ocr_line' id='line_1_61' title="bbox 1092 791 1800 826; baseline 0.001 -8"><span class='ocrx_word' id='word_1_271' title='bbox 1092 793 1244 825; x_wconf 77' lang='lat' dir='ltr'>Altaemps</span> <span class='ocrx_word' id='word_1_272' title='bbox 1260 793 1358 818; x_wconf 82' lang='lat' dir='ltr'>electo</span> <span class='ocrx_word' id='word_1_273' title='bbox 1375 791 1607 826; x_wconf 71' lang='lat' dir='ltr'>Salishurqensi,</span> <span class='ocrx_word' id='word_1_274' title='bbox 1624 792 1752 819; x_wconf 82' lang='lat' dir='ltr'>salutem</span> <span class='ocrx_word' id='word_1_275' title='bbox 1769 794 1800 819; x_wconf 75' lang='lat' dir='ltr'>ot</span> 
     </span>
     <span class='ocr_line' id='line_1_62' title="bbox 1093 836 1549 870; baseline -0.004 -6"><span class='ocrx_word' id='word_1_276' title='bbox 1093 836 1286 870; x_wconf 80' lang='lat' dir='ltr'>apostolicam</span> <span class='ocrx_word' id='word_1_277' title='bbox 1301 836 1549 863; x_wconf 83' lang='lat' dir='ltr'>benedictionem.</span> 
     </span>
    </p>
   </div>
   <div class='ocr_carea' id='block_1_14' title="bbox 1057 907 1801 1853">
    <p class='ocr_par' dir='ltr' id='par_1_19' title="bbox 1057 907 1801 1790">
     <span class='ocr_line' id='line_1_63' title="bbox 1102 907 1798 950; baseline -0.001 -11"><span class='ocrx_word' id='word_1_278' title='bbox 1102 907 1210 939; x_wconf 73' lang='lat' dir='ltr'>Divina</span> <span class='ocrx_word' id='word_1_279' title='bbox 1236 907 1418 950; x_wconf 86' lang='lat' dir='ltr'>disponente</span> <span class='ocrx_word' id='word_1_280' title='bbox 1443 907 1618 946; x_wconf 80' lang='lat' dir='ltr'>clementia,</span> <span class='ocrx_word' id='word_1_281' title='bbox 1643 907 1732 939; x_wconf 87' lang='lat' dir='ltr'>cuius</span> <span class='ocrx_word' id='word_1_282' title='bbox 1756 907 1798 938; x_wconf 91' lang='lat' dir='ltr'>in-</span> 
     </span>
     <span class='ocr_line' id='line_1_64' title="bbox 1058 959 1798 1002; baseline 0 -11"><span class='ocrx_word' id='word_1_283' title='bbox 1058 959 1216 993; x_wconf 80' lang='lat' dir='ltr'>scrutabili</span> <span class='ocrx_word' id='word_1_284' title='bbox 1241 959 1436 1002; x_wconf 74' lang='lat' dir='ltr'>providentia</span> <span class='ocrx_word' id='word_1_285' title='bbox 1455 959 1683 992; x_wconf 83' lang='lat' dir='ltr'>ordinationem</span> <span class='ocrx_word' id='word_1_286' title='bbox 1701 959 1798 992; x_wconf 90' lang='lat' dir='ltr'>susci-</span> 
     </span>
     <span class='ocr_line' id='line_1_65' title="bbox 1058 1012 1800 1056; baseline 0 -12"><span class='ocrx_word' id='word_1_287' title='bbox 1058 1013 1146 1056; x_wconf 89' lang='lat' dir='ltr'>piunt</span> <span class='ocrx_word' id='word_1_288' title='bbox 1178 1013 1340 1052; x_wconf 75' lang='lat' dir='ltr'>universa,</span> <span class='ocrx_word' id='word_1_289' title='bbox 1366 1013 1396 1045; x_wconf 91' lang='lat' dir='ltr'>in</span> <span class='ocrx_word' id='word_1_290' title='bbox 1422 1012 1611 1056; x_wconf 88' lang='lat' dir='ltr'>apostolicae</span> <span class='ocrx_word' id='word_1_291' title='bbox 1641 1012 1800 1055; x_wconf 81' lang='lat' dir='ltr'>dignitatis</span> 
     </span>
     <span class='ocr_line' id='line_1_66' title="bbox 1058 1065 1799 1108; baseline 0.001 -12"><span class='ocrx_word' id='word_1_292' title='bbox 1058 1065 1195 1108; x_wconf 71' lang='lat' dir='ltr'>specula,</span> <span class='ocrx_word' id='word_1_293' title='bbox 1209 1065 1329 1097; x_wconf 90' lang='lat' dir='ltr'>meritis</span> <span class='ocrx_word' id='word_1_294' title='bbox 1344 1065 1415 1098; x_wconf 85' lang='lat' dir='ltr'>licet</span> <span class='ocrx_word' id='word_1_295' title='bbox 1432 1065 1615 1108; x_wconf 81' lang='lat' dir='ltr'>imparibus,</span> <span class='ocrx_word' id='word_1_296' title='bbox 1630 1065 1799 1105; x_wconf 88' lang='lat' dir='ltr'>constituti,</span> 
     </span>
     <span class='ocr_line' id='line_1_67' title="bbox 1058 1117 1800 1151; baseline 0 -2"><span class='ocrx_word' id='word_1_297' title='bbox 1058 1117 1095 1149; x_wconf 90' lang='lat' dir='ltr'>ad</span> <span class='ocrx_word' id='word_1_298' title='bbox 1113 1117 1273 1150; x_wconf 76' lang='lat' dir='ltr'>universas</span> <span class='ocrx_word' id='word_1_299' title='bbox 1290 1117 1376 1151; x_wconf 88' lang='lat' dir='ltr'>orbis</span> <span class='ocrx_word' id='word_1_300' title='bbox 1393 1117 1540 1150; x_wconf 80' lang='lat' dir='ltr'>ecelesias</span> <span class='ocrx_word' id='word_1_301' title='bbox 1557 1118 1655 1150; x_wconf 83' lang='lat' dir='ltr'>aciem</span> <span class='ocrx_word' id='word_1_302' title='bbox 1676 1121 1800 1151; x_wconf 83' lang='lat' dir='ltr'>nostrae</span> 
     </span>
     <span class='ocr_line' id='line_1_68' title="bbox 1058 1171 1799 1215; baseline 0 -12"><span class='ocrx_word' id='word_1_303' title='bbox 1058 1171 1316 1204; x_wconf 83' lang='lat' dir='ltr'>considerationis</span> <span class='ocrx_word' id='word_1_304' title='bbox 1336 1171 1546 1210; x_wconf 80' lang='lat' dir='ltr'>extendimus;</span> <span class='ocrx_word' id='word_1_305' title='bbox 1568 1175 1595 1205; x_wconf 90' lang='lat' dir='ltr'>et</span> <span class='ocrx_word' id='word_1_306' title='bbox 1613 1182 1671 1215; x_wconf 88' lang='lat' dir='ltr'>pro</span> <span class='ocrx_word' id='word_1_307' title='bbox 1692 1182 1799 1204; x_wconf 88' lang='lat' dir='ltr'>earum</span> 
     </span>
     <span class='ocr_line' id='line_1_69' title="bbox 1058 1224 1801 1267; baseline 0 -11"><span class='ocrx_word' id='word_1_308' title='bbox 1058 1228 1139 1258; x_wconf 88' lang='lat' dir='ltr'>statu</span> <span class='ocrx_word' id='word_1_309' title='bbox 1151 1224 1317 1257; x_wconf 81' lang='lat' dir='ltr'>salubriter</span> <span class='ocrx_word' id='word_1_310' title='bbox 1331 1224 1495 1267; x_wconf 79' lang='lat' dir='ltr'>dirigendo</span> <span class='ocrx_word' id='word_1_311' title='bbox 1512 1224 1674 1267; x_wconf 87' lang='lat' dir='ltr'>apostolici</span> <span class='ocrx_word' id='word_1_312' title='bbox 1686 1224 1801 1257; x_wconf 73' lang='lat' dir='ltr'>favoris</span> 
     </span>
     <span class='ocr_line' id='line_1_70' title="bbox 1058 1277 1801 1320; baseline 0 -11"><span class='ocrx_word' id='word_1_313' title='bbox 1058 1277 1207 1314; x_wconf 80' lang='lat' dir='ltr'>auxilium</span> <span class='ocrx_word' id='word_1_314' title='bbox 1233 1277 1428 1309; x_wconf 54' lang='lat' dir='ltr'>adhibemus.</span> <span class='ocrx_word' id='word_1_315' title='bbox 1447 1277 1506 1309; x_wconf 84' lang='lat' dir='ltr'>Sed</span> <span class='ocrx_word' id='word_1_316' title='bbox 1523 1278 1560 1309; x_wconf 89' lang='lat' dir='ltr'>de</span> <span class='ocrx_word' id='word_1_317' title='bbox 1578 1277 1638 1309; x_wconf 89' lang='lat' dir='ltr'>illis</span> <span class='ocrx_word' id='word_1_318' title='bbox 1654 1287 1711 1310; x_wconf 91' lang='lat' dir='ltr'>nos</span> <span class='ocrx_word' id='word_1_319' title='bbox 1730 1288 1801 1320; x_wconf 91' lang='lat' dir='ltr'>pro-</span> 
     </span>
     <span class='ocr_line' id='line_1_71' title="bbox 1057 1329 1800 1374; baseline 0 -12"><span class='ocrx_word' id='word_1_320' title='bbox 1057 1331 1183 1374; x_wconf 79' lang='lat' dir='ltr'>pensius</span> <span class='ocrx_word' id='word_1_321' title='bbox 1207 1330 1345 1373; x_wconf 75' lang='lat' dir='ltr'>cogitare</span> <span class='ocrx_word' id='word_1_322' title='bbox 1374 1330 1536 1371; x_wconf 71' lang='lat' dir='ltr'>convenit,</span> <span class='ocrx_word' id='word_1_323' title='bbox 1561 1341 1638 1373; x_wconf 86' lang='lat' dir='ltr'>quas</span> <span class='ocrx_word' id='word_1_324' title='bbox 1661 1329 1800 1373; x_wconf 88' lang='lat' dir='ltr'>propriis</span> 
     </span>
     <span class='ocr_line' id='line_1_72' title="bbox 1058 1383 1800 1427; baseline -0.001 -12"><span class='ocrx_word' id='word_1_325' title='bbox 1058 1394 1165 1416; x_wconf 82' lang='lat' dir='ltr'>carere</span> <span class='ocrx_word' id='word_1_326' title='bbox 1192 1383 1372 1427; x_wconf 88' lang='lat' dir='ltr'>pastoribus</span> <span class='ocrx_word' id='word_1_327' title='bbox 1396 1383 1564 1423; x_wconf 85' lang='lat' dir='ltr'>intuemur,</span> <span class='ocrx_word' id='word_1_328' title='bbox 1583 1387 1615 1416; x_wconf 91' lang='lat' dir='ltr'>ut</span> <span class='ocrx_word' id='word_1_329' title='bbox 1633 1383 1693 1415; x_wconf 88' lang='lat' dir='ltr'>illis</span> <span class='ocrx_word' id='word_1_330' title='bbox 1714 1383 1800 1415; x_wconf 80' lang='lat' dir='ltr'>iuxta</span> 
     </span>
     <span class='ocr_line' id='line_1_73' title="bbox 1058 1436 1798 1480; baseline -0.001 -11"><span class='ocrx_word' id='word_1_331' title='bbox 1058 1447 1112 1469; x_wconf 86' lang='lat' dir='ltr'>cor</span> <span class='ocrx_word' id='word_1_332' title='bbox 1128 1442 1272 1469; x_wconf 87' lang='lat' dir='ltr'>nostrum</span> <span class='ocrx_word' id='word_1_333' title='bbox 1289 1442 1429 1480; x_wconf 87' lang='lat' dir='ltr'>pastores</span> <span class='ocrx_word' id='word_1_334' title='bbox 1445 1436 1667 1480; x_wconf 79' lang='lat' dir='ltr'>praeficiantur</span> <span class='ocrx_word' id='word_1_335' title='bbox 1684 1436 1798 1476; x_wconf 89' lang='lat' dir='ltr'>idonei,</span> 
     </span>
     <span class='ocr_line' id='line_1_74' title="bbox 1057 1489 1801 1533; baseline -0.001 -11"><span class='ocrx_word' id='word_1_336' title='bbox 1057 1489 1110 1533; x_wconf 82' lang='lat' dir='ltr'>qui</span> <span class='ocrx_word' id='word_1_337' title='bbox 1128 1490 1313 1522; x_wconf 74' lang='lat' dir='ltr'>commissos</span> <span class='ocrx_word' id='word_1_338' title='bbox 1332 1489 1389 1522; x_wconf 89' lang='lat' dir='ltr'>sibi</span> <span class='ocrx_word' id='word_1_339' title='bbox 1407 1490 1542 1533; x_wconf 89' lang='lat' dir='ltr'>populos</span> <span class='ocrx_word' id='word_1_340' title='bbox 1561 1500 1619 1533; x_wconf 87' lang='lat' dir='ltr'>per</span> <span class='ocrx_word' id='word_1_341' title='bbox 1638 1500 1726 1522; x_wconf 86' lang='lat' dir='ltr'>suam</span> <span class='ocrx_word' id='word_1_342' title='bbox 1744 1489 1801 1522; x_wconf 84' lang='lat' dir='ltr'>cir-</span> 
     </span>
     <span class='ocr_line' id='line_1_75' title="bbox 1058 1542 1800 1586; baseline 0 -11"><span class='ocrx_word' id='word_1_343' title='bbox 1058 1543 1323 1586; x_wconf 84' lang='lat' dir='ltr'>cumspectionem</span> <span class='ocrx_word' id='word_1_344' title='bbox 1345 1543 1507 1586; x_wconf 81' lang='lat' dir='ltr'>providam</span> <span class='ocrx_word' id='word_1_345' title='bbox 1525 1548 1555 1574; x_wconf 89' lang='lat' dir='ltr'>et</span> <span class='ocrx_word' id='word_1_346' title='bbox 1571 1542 1800 1585; x_wconf 76' lang='lat' dir='ltr'>providentiam</span> 
     </span>
     <span class='ocr_line' id='line_1_76' title="bbox 1058 1596 1801 1640; baseline 0 -12"><span class='ocrx_word' id='word_1_347' title='bbox 1058 1596 1316 1640; x_wconf 86' lang='lat' dir='ltr'>circumspectam</span> <span class='ocrx_word' id='word_1_348' title='bbox 1334 1596 1502 1629; x_wconf 88' lang='lat' dir='ltr'>salubriter</span> <span class='ocrx_word' id='word_1_349' title='bbox 1514 1596 1661 1638; x_wconf 78' lang='lat' dir='ltr'>dirigant,</span> <span class='ocrx_word' id='word_1_350' title='bbox 1675 1602 1705 1629; x_wconf 86' lang='lat' dir='ltr'>et</span> <span class='ocrx_word' id='word_1_351' title='bbox 1718 1596 1801 1629; x_wconf 88' lang='lat' dir='ltr'>bona</span> 
     </span>
     <span class='ocr_line' id='line_1_77' title="bbox 1058 1650 1800 1693; baseline 0 -11"><span class='ocrx_word' id='word_1_352' title='bbox 1058 1650 1261 1682; x_wconf 84' lang='lat' dir='ltr'>ecclesiarum</span> <span class='ocrx_word' id='word_1_353' title='bbox 1290 1650 1429 1693; x_wconf 88' lang='lat' dir='ltr'>ipsarum</span> <span class='ocrx_word' id='word_1_354' title='bbox 1461 1660 1523 1682; x_wconf 89' lang='lat' dir='ltr'>non</span> <span class='ocrx_word' id='word_1_355' title='bbox 1555 1650 1655 1682; x_wconf 92' lang='lat' dir='ltr'>solum</span> <span class='ocrx_word' id='word_1_356' title='bbox 1684 1650 1800 1692; x_wconf 79' lang='lat' dir='ltr'>guber-</span> 
     </span>
     <span class='ocr_line' id='line_1_78' title="bbox 1058 1703 1799 1744; baseline 0.001 -9"><span class='ocrx_word' id='word_1_357' title='bbox 1058 1707 1130 1737; x_wconf 87' lang='lat' dir='ltr'>nent</span> <span class='ocrx_word' id='word_1_358' title='bbox 1154 1703 1287 1744; x_wconf 82' lang='lat' dir='ltr'>utiliter,</span> <span class='ocrx_word' id='word_1_359' title='bbox 1312 1703 1365 1736; x_wconf 89' lang='lat' dir='ltr'>sed</span> <span class='ocrx_word' id='word_1_360' title='bbox 1390 1703 1481 1736; x_wconf 87' lang='lat' dir='ltr'>etiam</span> <span class='ocrx_word' id='word_1_361' title='bbox 1508 1703 1701 1736; x_wconf 90' lang='lat' dir='ltr'>multimodis</span> <span class='ocrx_word' id='word_1_362' title='bbox 1725 1703 1799 1736; x_wconf 80' lang='lat' dir='ltr'>effe-</span> 
     </span>
     <span class='ocr_line' id='line_1_79' title="bbox 1058 1757 1358 1790; baseline -0.003 -1"><span class='ocrx_word' id='word_1_363' title='bbox 1058 1760 1128 1790; x_wconf 89' lang='lat' dir='ltr'>rant</span> <span class='ocrx_word' id='word_1_364' title='bbox 1150 1757 1358 1790; x_wconf 86' lang='lat' dir='ltr'>incrementis.</span> 
     </span>
    </p>

    <p class='ocr_par' dir='ltr' id='par_1_20' title="bbox 1103 1809 1799 1853">
     <span class='ocr_line' id='line_1_80' title="bbox 1103 1809 1799 1853; baseline 0 -11"><span class='ocrx_word' id='word_1_365' title='bbox 1103 1810 1117 1853; x_wconf 73' lang='lat'>§</span> <span class='ocrx_word' id='word_1_366' title='bbox 1142 1810 1170 1842; x_wconf 81' lang='lat'>1.</span> <span class='ocrx_word' id='word_1_367' title='bbox 1196 1809 1275 1842; x_wconf 85' lang='lat' dir='ltr'>Sane</span> <span class='ocrx_word' id='word_1_368' title='bbox 1298 1820 1409 1853; x_wconf 86' lang='lat' dir='ltr'>nuper,</span> <span class='ocrx_word' id='word_1_369' title='bbox 1434 1814 1599 1853; x_wconf 84' lang='lat' dir='ltr'>postquam</span> <span class='ocrx_word' id='word_1_370' title='bbox 1625 1820 1682 1843; x_wconf 92' lang='lat' dir='ltr'>nos</span> <span class='ocrx_word' id='word_1_371' title='bbox 1707 1819 1799 1843; x_wconf 83' lang='lat' dir='ltr'>vene-</span> 
     </span>
    </p>
   </div>
   <div class='ocr_carea' id='block_1_15' title="bbox 1702 314 1995 352">
    <p class='ocr_par' dir='ltr' id='par_1_21' title="bbox 1702 314 1995 352">
     <span class='ocr_line' id='line_1_81' title="bbox 1702 314 1995 352; baseline 0.014 -4"><span class='ocrx_word' id='word_1_372' title='bbox 1702 314 1764 348; x_wconf 78' lang='lat'>173</span> <span class='ocrx_word' id='word_1_373' title='bbox 1810 325 1862 351; x_wconf 71' lang='lat' dir='ltr'>Au.</span> <span class='ocrx_word' id='word_1_374' title='bbox 1877 324 1906 352; x_wconf 84' lang='lat' dir='ltr'>c.</span> <span class='ocrx_word' id='word_1_375' title='bbox 1928 324 1995 352; x_wconf 76' lang='lat'><strong>1612</strong></span> 
     </span>
    </p>
   </div>
   <div class='ocr_carea' id='block_1_16' title="bbox 1839 915 1961 937">
    <p class='ocr_par' dir='ltr' id='par_1_22' title="bbox 1839 915 1961 937">
     <span class='ocr_line' id='line_1_82' title="bbox 1839 915 1961 937; baseline 0.008 -1"><span class='ocrx_word' id='word_1_376' title='bbox 1839 915 1961 937; x_wconf 78' lang='lat' dir='ltr'>Exordium.</span> 
     </span>
    </p>
   </div>
   <div class='ocr_carea' id='block_1_17' title="bbox 1842 1817 1998 1838">
    <p class='ocr_par' dir='ltr' id='par_1_23' title="bbox 1842 1817 1998 1838">
     <span class='ocr_line' id='line_1_83' title="bbox 1842 1817 1998 1838; baseline 0 0"><span class='ocrx_word' id='word_1_377' title='bbox 1842 1817 1935 1838; x_wconf 69' lang='lat' dir='ltr'>vacante</span> <span class='ocrx_word' id='word_1_378' title='bbox 1959 1819 1998 1838; x_wconf 63' lang='lat' dir='ltr'>Sa-</span> 
     </span>
    </p>
   </div>
   <div class='ocr_carea' id='block_1_18' title="bbox 1814 1844 1998 1870">
    <p class='ocr_par' dir='ltr' id='par_1_24' title="bbox 1814 1844 1998 1870">
     <span class='ocr_line' id='line_1_84' title="bbox 1814 1844 1998 1870; baseline 0 -5"><span class='ocrx_word' id='word_1_379' title='bbox 1814 1844 1941 1870; x_wconf 72' lang='lat' dir='ltr'>lishurgensi</span> <span class='ocrx_word' id='word_1_380' title='bbox 1965 1850 1998 1865; x_wconf 82' lang='lat' dir='ltr'>ec-</span> 
     </span>
    </p>
   </div>
   <div class='ocr_carea' id='block_1_19' title="bbox 1059 1863 1886 1906">
    <p class='ocr_par' dir='ltr' id='par_1_25' title="bbox 1059 1863 1886 1906">
     <span class='ocr_line' id='line_1_85' title="bbox 1059 1863 1886 1906; baseline -0.001 -11"><span class='ocrx_word' id='word_1_381' title='bbox 1059 1863 1150 1896; x_wconf 88' lang='lat' dir='ltr'>rabili</span> <span class='ocrx_word' id='word_1_382' title='bbox 1174 1863 1262 1895; x_wconf 86' lang='lat' dir='ltr'>fratri</span> <span class='ocrx_word' id='word_1_383' title='bbox 1278 1868 1385 1896; x_wconf 90' lang='lat' dir='ltr'>nostro</span> <span class='ocrx_word' id='word_1_384' title='bbox 1406 1863 1572 1906; x_wconf 77' lang='lat' dir='ltr'>Wolfango</span> <span class='ocrx_word' id='word_1_385' title='bbox 1593 1863 1799 1904; x_wconf 88' lang='lat' dir='ltr'>Theodorico,</span> <span class='ocrx_word' id='word_1_386' title='bbox 1814 1872 1886 1894; x_wconf 76' lang='lat' dir='ltr'>etesia.</span> 
     </span>
    </p>
   </div>
   <div class='ocr_carea' id='block_1_20' title="bbox 1059 1915 1803 2653">
    <p class='ocr_par' dir='ltr' id='par_1_26' title="bbox 1059 1915 1803 2653">
     <span class='ocr_line' id='line_1_86' title="bbox 1059 1915 1799 1959; baseline 0.001 -11"><span class='ocrx_word' id='word_1_387' title='bbox 1059 1915 1297 1959; x_wconf 85' lang='lat' dir='ltr'>archiepiscopo</span> <span class='ocrx_word' id='word_1_388' title='bbox 1310 1916 1385 1949; x_wconf 89' lang='lat' dir='ltr'>olim</span> <span class='ocrx_word' id='word_1_389' title='bbox 1399 1916 1639 1959; x_wconf 77' lang='lat' dir='ltr'>Salisburgensi,</span> <span class='ocrx_word' id='word_1_390' title='bbox 1653 1916 1799 1959; x_wconf 80' lang='lat' dir='ltr'>regimini</span> 
     </span>
     <span class='ocr_line' id='line_1_87' title="bbox 1060 1969 1798 2012; baseline 0 -10"><span class='ocrx_word' id='word_1_391' title='bbox 1060 1975 1090 2002; x_wconf 83' lang='lat' dir='ltr'>et</span> <span class='ocrx_word' id='word_1_392' title='bbox 1103 1969 1362 2003; x_wconf 88' lang='lat' dir='ltr'>administrationi</span> <span class='ocrx_word' id='word_1_393' title='bbox 1379 1969 1528 2002; x_wconf 84' lang='lat' dir='ltr'>eeclesiae</span> <span class='ocrx_word' id='word_1_394' title='bbox 1542 1969 1798 2012; x_wconf 73' lang='lat' dir='ltr'>salisburgensis,</span> 
     </span>
     <span class='ocr_line' id='line_1_88' title="bbox 1060 2022 1799 2066; baseline -0.001 -10"><span class='ocrx_word' id='word_1_395' title='bbox 1060 2023 1110 2056; x_wconf 87' lang='lat' dir='ltr'>cui</span> <span class='ocrx_word' id='word_1_396' title='bbox 1136 2028 1208 2055; x_wconf 88' lang='lat' dir='ltr'>tunc</span> <span class='ocrx_word' id='word_1_397' title='bbox 1233 2028 1387 2066; x_wconf 83' lang='lat' dir='ltr'>praeerat,</span> <span class='ocrx_word' id='word_1_398' title='bbox 1405 2023 1437 2055; x_wconf 91' lang='lat' dir='ltr'>in</span> <span class='ocrx_word' id='word_1_399' title='bbox 1461 2022 1606 2055; x_wconf 87' lang='lat' dir='ltr'>manibus</span> <span class='ocrx_word' id='word_1_400' title='bbox 1622 2023 1727 2055; x_wconf 86' lang='lat' dir='ltr'>dilecti</span> <span class='ocrx_word' id='word_1_401' title='bbox 1743 2023 1799 2055; x_wconf 85' lang='lat' dir='ltr'>filii</span> 
     </span>
     <span class='ocr_line' id='line_1_89' title="bbox 1060 2075 1799 2119; baseline 0.001 -12"><span class='ocrx_word' id='word_1_402' title='bbox 1060 2075 1201 2118; x_wconf 81' lang='lat' dir='ltr'>magistri</span> <span class='ocrx_word' id='word_1_403' title='bbox 1226 2075 1359 2109; x_wconf 79' lang='lat' dir='ltr'>Antonio</span> <span class='ocrx_word' id='word_1_404' title='bbox 1380 2075 1462 2115; x_wconf 78' lang='lat' dir='ltr'>Diaz,</span> <span class='ocrx_word' id='word_1_405' title='bbox 1480 2076 1511 2107; x_wconf 90' lang='lat' dir='ltr'>in</span> <span class='ocrx_word' id='word_1_406' title='bbox 1535 2077 1669 2119; x_wconf 79' lang='lat' dir='ltr'>utraque</span> <span class='ocrx_word' id='word_1_407' title='bbox 1694 2075 1799 2118; x_wconf 79' lang='lat' dir='ltr'>signa-</span> 
     </span>
     <span class='ocr_line' id='line_1_90' title="bbox 1060 2128 1801 2172; baseline 0.001 -11"><span class='ocrx_word' id='word_1_408' title='bbox 1060 2131 1130 2162; x_wconf 80' lang='lat' dir='ltr'>tura</span> <span class='ocrx_word' id='word_1_409' title='bbox 1147 2130 1255 2162; x_wconf 77' lang='lat' dir='ltr'>nostra</span> <span class='ocrx_word' id='word_1_410' title='bbox 1276 2128 1479 2161; x_wconf 84' lang='lat' dir='ltr'>referendarii</span> <span class='ocrx_word' id='word_1_411' title='bbox 1496 2139 1531 2161; x_wconf 91' lang='lat' dir='ltr'>ac</span> <span class='ocrx_word' id='word_1_412' title='bbox 1549 2129 1648 2161; x_wconf 89' lang='lat' dir='ltr'>nostri</span> <span class='ocrx_word' id='word_1_413' title='bbox 1668 2133 1699 2162; x_wconf 90' lang='lat' dir='ltr'>et</span> <span class='ocrx_word' id='word_1_414' title='bbox 1715 2130 1801 2172; x_wconf 85' lang='lat' dir='ltr'>Apo-</span> 
     </span>
     <span class='ocr_line' id='line_1_91' title="bbox 1060 2181 1803 2225; baseline 0 -11"><span class='ocrx_word' id='word_1_415' title='bbox 1060 2182 1187 2216; x_wconf 83' lang='lat' dir='ltr'>stolicae</span> <span class='ocrx_word' id='word_1_416' title='bbox 1211 2181 1298 2215; x_wconf 81' lang='lat' dir='ltr'>Sedis</span> <span class='ocrx_word' id='word_1_417' title='bbox 1323 2181 1353 2214; x_wconf 91' lang='lat' dir='ltr'>in</span> <span class='ocrx_word' id='word_1_418' title='bbox 1377 2181 1438 2214; x_wconf 87' lang='lat' dir='ltr'>illis</span> <span class='ocrx_word' id='word_1_419' title='bbox 1458 2181 1600 2225; x_wconf 87' lang='lat' dir='ltr'>partibus</span> <span class='ocrx_word' id='word_1_420' title='bbox 1619 2181 1735 2222; x_wconf 82' lang='lat' dir='ltr'>nuncii,</span> <span class='ocrx_word' id='word_1_421' title='bbox 1754 2192 1803 2214; x_wconf 86' lang='lat' dir='ltr'>ce-</span> 
     </span>
     <span class='ocr_line' id='line_1_92' title="bbox 1060 2235 1799 2279; baseline 0 -12"><span class='ocrx_word' id='word_1_422' title='bbox 1060 2235 1169 2275; x_wconf 86' lang='lat' dir='ltr'>dendi,</span> <span class='ocrx_word' id='word_1_423' title='bbox 1194 2240 1223 2269; x_wconf 91' lang='lat' dir='ltr'>et</span> <span class='ocrx_word' id='word_1_424' title='bbox 1248 2235 1305 2279; x_wconf 84' lang='lat' dir='ltr'>ipsi</span> <span class='ocrx_word' id='word_1_425' title='bbox 1330 2236 1463 2269; x_wconf 82' lang='lat' dir='ltr'>Antonio</span> <span class='ocrx_word' id='word_1_426' title='bbox 1488 2235 1602 2268; x_wconf 80' lang='lat' dir='ltr'>nuncio</span> <span class='ocrx_word' id='word_1_427' title='bbox 1627 2235 1799 2268; x_wconf 82' lang='lat' dir='ltr'>cessionem</span> 
     </span>
     <span class='ocr_line' id='line_1_93' title="bbox 1060 2288 1800 2332; baseline -0.001 -11"><span class='ocrx_word' id='word_1_428' title='bbox 1060 2289 1238 2322; x_wconf 87' lang='lat' dir='ltr'>huiusmodi</span> <span class='ocrx_word' id='word_1_429' title='bbox 1269 2289 1441 2332; x_wconf 78' lang='lat' dir='ltr'>apostolica</span> <span class='ocrx_word' id='word_1_430' title='bbox 1475 2289 1658 2322; x_wconf 83' lang='lat' dir='ltr'>auctoritate</span> <span class='ocrx_word' id='word_1_431' title='bbox 1688 2288 1800 2321; x_wconf 89' lang='lat' dir='ltr'>admit-</span> 
     </span>
     <span class='ocr_line' id='line_1_94' title="bbox 1059 2342 1798 2386; baseline -0.003 -10"><span class='ocrx_word' id='word_1_432' title='bbox 1059 2342 1153 2382; x_wconf 87' lang='lat' dir='ltr'>tendi,</span> <span class='ocrx_word' id='word_1_433' title='bbox 1177 2353 1298 2376; x_wconf 80' lang='lat' dir='ltr'>necnon</span> <span class='ocrx_word' id='word_1_434' title='bbox 1315 2343 1436 2376; x_wconf 86' lang='lat' dir='ltr'>dilectis</span> <span class='ocrx_word' id='word_1_435' title='bbox 1454 2342 1526 2375; x_wconf 86' lang='lat' dir='ltr'>filiis</span> <span class='ocrx_word' id='word_1_436' title='bbox 1543 2343 1678 2386; x_wconf 82' lang='lat' dir='ltr'>capitulo</span> <span class='ocrx_word' id='word_1_437' title='bbox 1699 2342 1798 2374; x_wconf 86' lang='lat' dir='ltr'>dictae</span> 
     </span>
     <span class='ocr_line' id='line_1_95' title="bbox 1059 2395 1800 2439; baseline 0 -11"><span class='ocrx_word' id='word_1_438' title='bbox 1059 2395 1209 2428; x_wconf 86' lang='lat' dir='ltr'>ecelesiae</span> <span class='ocrx_word' id='word_1_439' title='bbox 1234 2395 1285 2437; x_wconf 86' lang='lat' dir='ltr'>(ad</span> <span class='ocrx_word' id='word_1_440' title='bbox 1310 2407 1388 2439; x_wconf 85' lang='lat' dir='ltr'>quos</span> <span class='ocrx_word' id='word_1_441' title='bbox 1417 2396 1527 2428; x_wconf 88' lang='lat' dir='ltr'>electio</span> <span class='ocrx_word' id='word_1_442' title='bbox 1559 2405 1712 2438; x_wconf 84' lang='lat' dir='ltr'>personae</span> <span class='ocrx_word' id='word_1_443' title='bbox 1737 2395 1800 2428; x_wconf 90' lang='lat' dir='ltr'>ido-</span> 
     </span>
     <span class='ocr_line' id='line_1_96' title="bbox 1059 2448 1799 2492; baseline -0.001 -11"><span class='ocrx_word' id='word_1_444' title='bbox 1059 2459 1135 2482; x_wconf 87' lang='lat' dir='ltr'>neae</span> <span class='ocrx_word' id='word_1_445' title='bbox 1159 2449 1190 2481; x_wconf 91' lang='lat' dir='ltr'>in</span> <span class='ocrx_word' id='word_1_446' title='bbox 1214 2449 1487 2492; x_wconf 85' lang='lat' dir='ltr'>archiepiscopum</span> <span class='ocrx_word' id='word_1_447' title='bbox 1512 2448 1799 2491; x_wconf 72' lang='lat' dir='ltr'>salisburg-ensem,</span> 
     </span>
     <span class='ocr_line' id='line_1_97' title="bbox 1060 2501 1800 2544; baseline 0 -11"><span class='ocrx_word' id='word_1_448' title='bbox 1060 2502 1133 2534; x_wconf 90' lang='lat' dir='ltr'>dum</span> <span class='ocrx_word' id='word_1_449' title='bbox 1159 2501 1289 2533; x_wconf 84' lang='lat' dir='ltr'>eeclesia</span> <span class='ocrx_word' id='word_1_450' title='bbox 1314 2502 1379 2544; x_wconf 90' lang='lat' dir='ltr'>ipsa</span> <span class='ocrx_word' id='word_1_451' title='bbox 1403 2512 1461 2544; x_wconf 90' lang='lat' dir='ltr'>pro</span> <span class='ocrx_word' id='word_1_452' title='bbox 1487 2505 1625 2544; x_wconf 89' lang='lat' dir='ltr'>tempore</span> <span class='ocrx_word' id='word_1_453' title='bbox 1643 2505 1739 2542; x_wconf 77' lang='lat' dir='ltr'>vacat,</span> <span class='ocrx_word' id='word_1_454' title='bbox 1756 2501 1800 2534; x_wconf 92' lang='lat' dir='ltr'>illi</span> 
     </span>
     <span class='ocr_line' id='line_1_98' title="bbox 1060 2554 1799 2599; baseline 0 -12"><span class='ocrx_word' id='word_1_455' title='bbox 1060 2566 1116 2599; x_wconf 85' lang='lat' dir='ltr'>per</span> <span class='ocrx_word' id='word_1_456' title='bbox 1147 2555 1323 2588; x_wconf 85' lang='lat' dir='ltr'>Romanum</span> <span class='ocrx_word' id='word_1_457' title='bbox 1357 2554 1538 2588; x_wconf 77' lang='lat' dir='ltr'>Pontificem</span> <span class='ocrx_word' id='word_1_458' title='bbox 1570 2565 1628 2598; x_wconf 89' lang='lat' dir='ltr'>pro</span> <span class='ocrx_word' id='word_1_459' title='bbox 1657 2559 1799 2599; x_wconf 86' lang='lat' dir='ltr'>tempore</span> 
     </span>
     <span class='ocr_line' id='line_1_99' title="bbox 1060 2607 1800 2653; baseline 0 -12"><span class='ocrx_word' id='word_1_460' title='bbox 1060 2608 1241 2642; x_wconf 81' lang='lat' dir='ltr'>existentem</span> <span class='ocrx_word' id='word_1_461' title='bbox 1259 2607 1296 2640; x_wconf 90' lang='lat' dir='ltr'>ad</span> <span class='ocrx_word' id='word_1_462' title='bbox 1314 2608 1499 2641; x_wconf 71' lang='lat' dir='ltr'>electionem</span> <span class='ocrx_word' id='word_1_463' title='bbox 1515 2607 1694 2641; x_wconf 87' lang='lat' dir='ltr'>huiusmodi</span> <span class='ocrx_word' id='word_1_464' title='bbox 1712 2619 1800 2653; x_wconf 80' lang='lat' dir='ltr'>prae-</span> 
     </span>
    </p>
   </div>
   <div class='ocr_carea' id='block_1_21' title="bbox 1096 2722 1585 2761">
    <p class='ocr_par' dir='ltr' id='par_1_27' title="bbox 1096 2722 1585 2761">
     <span class='ocr_line' id='line_1_100' title="bbox 1096 2722 1585 2761; baseline 0.002 -11"><span class='ocrx_word' id='word_1_465' title='bbox 1096 2725 1104 2750; x_wconf 85' lang='lat' dir='ltr'>t</span> <span class='ocrx_word' id='word_1_466' title='bbox 1129 2722 1166 2751; x_wconf 70' lang='lat' dir='ltr'>Ex</span> <span class='ocrx_word' id='word_1_467' title='bbox 1187 2728 1285 2759; x_wconf 82' lang='lat' dir='ltr'>regest.</span> <span class='ocrx_word' id='word_1_468' title='bbox 1308 2724 1333 2751; x_wconf 88' lang='lat' dir='ltr'>in</span> <span class='ocrx_word' id='word_1_469' title='bbox 1355 2723 1472 2752; x_wconf 80' lang='lat' dir='ltr'>Cancell.</span> <span class='ocrx_word' id='word_1_470' title='bbox 1490 2725 1585 2761; x_wconf 82' lang='lat' dir='ltr'>Apost.</span> 
     </span>
    </p>
   </div>
  </div>
 </body>
</html>
