2293 3231
302 286 349 314 An.
375 286 402 314 c.
425 287 490 316 im
542 279 601 314 ¹52

1078 287 1257 312 armanum
1281 287 1436 312 nontaxt'n

504 342 608 370 torum
626 336 756 373 decem.
781 335 940 369 bononeni
966 340 1084 379 septem
1110 345 1182 368 cum
1199 335 1247 368 di·
1281 340 1453 375 tractuum,
1470 340 1741 377 testamentorum,
1762 346 1818 370 seu
1834 336 2025 370 instrumen-

503 390 634 423 dimidio
648 402 655 426 2

1282 393 1404 426 torum,
1425 399 1461 421 ac
1484 399 1543 432 pro
1568 389 1629 422 illis
1653 389 1683 422 in
1704 389 1862 434 publicam
1888 389 2023 423 sormam

547 441 597 475 84.
625 443 726 486 l'squc
744 443 782 475 ad
800 452 956 474 summam
978 446 1140 474 scutorum
1158 441 1248 484 quin-
1281 440 1402 482 dandis,
1419 451 1474 475 nec
1492 451 1555 475 non
1571 441 1745 475 cassatione
1767 442 1953 476 eorumdem
1965 469 1972 482 ,
1995 446 2025 476 et

502 496 668 538 quaginta,
686 495 843 528 bononeni
865 494 1116 537 vigintiquinque
1124 505 1132 534 ;

1263 499 1265 542 j
1281 494 1349 527 aliis
1358 494 1396 527 dc
1405 494 1520 538 quibus
1536 495 1566 528 in
1580 495 1735 539 praesenti
1749 497 1819 528 taxa
1831 506 1893 529 non
1906 501 1951 529 est
1965 495 2026 529 dis-

548 548 598 582 85.
627 549 728 592 Usque
753 548 791 580 ad
815 558 1049 591 quamcumque
1073 557 1246 587 summam,
1262 545 1265 574 1
1281 547 1432 591 positum,
1449 553 1593 581 servetur
1617 553 1686 581 taxa
1710 552 1900 582 statutorum
1920 548 2022 582 Urbis.

503 601 660 634 bononcni
684 601 1044 644 quadragintaquinque.

547 654 597 687 86.
625 654 684 687 l‘ro
709 654 918 687 bannimentis
935 654 973 686 ad
991 653 1168 687 instantiam
1185 649 1248 697 pri-

502 712 644 740 vatarum
669 717 894 750 personarum,
920 707 950 739 in
971 712 1071 740 totum
1090 706 1156 739 iulii
1173 706 1245 739 duo.

547 758 597 792 87.
617 760 676 793 Pro
693 760 865 804 sequestris
885 760 1086 803 generalibus
1102 770 1161 803 pro
1181 759 1248 792 uni-

503 813 702 846 versitatibus
715 813 830 846 artium
845 813 1122 853 carrecteriorum,
1136 813 1248 856 impas—

502 873 661 905 satorum.
679 873 708 900 et
725 872 970 900 exoneratorum
988 866 1176 905 barcarum,
1194 865 1248 899 bo-

501 921 616 953 noneni
633 920 911 964 trigintaquinque.

546 972 597 1007 88.
617 973 678 1006 Pro
701 973 932 1017 specificatione
950 973 1171 1013 materiarum,
1197 973 1249 1005 bo-

502 1027 617 1061 noneni
642 1027 715 1060 duo.

547 1081 597 1115 89.
616 1081 677 1114 Pro
694 1081 871 1114 iuramento
888 1081 1073 1120 calumniae,
1091 1080 1246 1114 bononeni

504 1134 575 1168 duo.

546 1187 598 1221 90.
624 1187 685 1221 Pro
709 1197 835 1221 accessu
860 1187 898 1220 ad
923 1187 1028 1220 locum
1053 1186 1248 1221 differentiae

504 1241 535 1273 in
559 1241 659 1281 Urbe,
684 1240 842 1274 bononeni
867 1240 1139 1284 vigintiquinque3

547 1293 599 1326 91.
625 1294 719 1327 Extra
744 1293 859 1327 Urbem
891 1293 972 1326 infra
996 1293 1058 1325 duo
1083 1293 1247 1333 milliaria,

504 1347 570 1380 iulii
603 1347 763 1391 quinque;

547 1400 600 1434 902.
626 1401 659 1434 In
683 1401 752 1433 aliis
769 1400 846 1434 locis
863 1400 1155 1444 longinquioribus,
1182 1411 1249 1433 scu-

505 1460 571 1488 tum
588 1465 697 1487 unum.

547 1508 599 1541 93.
626 1508 686 1541 Pro
704 1508 850 1541 mandato
866 1507 904 1541 de
922 1507 1123 1540 restituendis
1139 1508 1248 1551 pigno-

503 1561 601 1601 ribus,
617 1572 634 1594 a
651 1562 759 1595 decem
777 1561 868 1601 inl'ra,
884 1561 1043 1594 bononeni
1060 1561 1199 1604 quinque
1213 1573 1220 1601 3

547 1615 599 1648 94.
616 1615 662 1648 Ab
680 1615 751 1648 inde
768 1624 864 1658 supra
888 1624 988 1658 usque
1005 1614 1043 1646 ad
1061 1624 1247 1657 quamcum-

503 1678 563 1712 que
580 1677 735 1701 summam
747 1695 754 1707 ,
771 1667 866 1703 iulius
883 1677 972 1699 unus.

547 1721 598 1755 95.
616 1722 676 1755 Pro
690 1725 824 1765 patente,
837 1721 921 1765 quod
939 1721 1042 1754 soluto
1056 1720 1171 1754 damno
1185 1730 1247 1753 non

504 1779 645 1809 teneatur
661 1775 698 1807 ad
716 1785 850 1819 poenam
865 1785 923 1818 pro
937 1774 1074 1817 carrigio
1088 1773 1247 1817 lignorum

503 1828 543 1861 ad
567 1829 704 1868 Urbem,
729 1828 822 1860 etiam
847 1838 905 1871 pro
930 1827 1074 1871 pluribus
1099 1827 1246 1867 insimul,

503 1883 569 1915 iulii
592 1882 740 1926 quinque.

547 1936 599 1968 96.
629 1936 689 1968 Pro
719 1935 958 1968 inhibitionibus
989 1934 1098 1977 vigore
1130 1934 1247 1967 decreti

503 1999 646 2022 camerae
675 1989 705 2022 in
736 1988 985 2032 reassumptione
1015 1997 1181 2020 causarum
1209 1987 1247 2019 ab

503 2042 565 2076 alio
589 2041 758 2082 tribunali,
781 2046 881 2074 stante
904 2041 988 2084 quod
1012 2041 1117 2083 agitur
1141 2041 1179 2073 de
1204 2040 1249 2073 iu-

504 2095 684 2128 risdictione
704 2095 872 2138 Riparnm,
894 2093 960 2126 iulii
978 2099 1050 2126 tres.

548 2149 599 2182 97,
626 2149 685 2181 Pro
715 2148 857 2192 quolibet
885 2147 959 2180 solio
990 2150 1147 2181 extractus
1176 2147 1246 2181 sacti

505 2202 589 2235 iuxta
620 2202 876 2234 reformationem
902 2200 1095 2233 Sanctissimi
1124 2201 1246 2234 Domini

504 2255 625 2296 Nostri,
642 2255 798 2288 hononcni
816 2260 888 2287 tres.

547 2308 599 2341 98.
620 2308 782 2341 Admissus
804 2307 841 2339 ad
863 2306 1028 2340 iuramenti
1053 2307 1247 2350 paupertatis

503 2363 603 2395 solvat
618 2372 676 2406 pro
693 2361 868 2394 medietate.

547 2415 598 2449 99.
624 2415 685 2448 Pro
709 2414 881 2447 cassatione
905 2413 1073 2446 cuiuslibet
1097 2413 1247 2447 inventio-

503 2467 570 2509 nis,
589 2468 682 2501 iulius
698 2478 789 2501 unus.

548 2520 621 2554 1100.
648 2521 684 2553 Et
708 2521 867 2565 praedicta
892 2524 960 2554 taxa
977 2525 1134 2561 servetur,
1152 2520 1245 2554 etiam

503 2574 588 2617 quod
606 2574 636 2606 in
653 2577 747 2607 causa
764 2575 844 2607 adsit
867 2575 914 2607 vel
931 2574 1129 2618 superveniat
1158 2585 1246 2607 com·

504 2627 620 2660 missio.

549 2680 622 2713 slot.
651 2681 711 2714 Pro
740 2681 843 2724 rogitu
872 2691 1146 2725 quorumcumque
1171 2691 1245 2714 con-

1325 600 1399 633 10-2.
1413 602 1568 634 Tenentur
1584 611 1710 645 quoque
1726 601 1866 635 notarius
1881 601 2025 645 partibus

1280 654 1459 698 petentibus
1480 654 1762 688 instrumentorum
1781 654 1887 698 copias
1900 654 1938 687 dc
1955 653 2025 697 qui-

1281 708 1339 740 bus
1356 711 1485 750 rogatus
1501 708 1558 742 suit
1576 707 1710 748 tradere,
1728 713 1756 741 et
1773 718 1832 752 pro
1849 707 1895 741 eis
1914 707 2025 740 iulium

1281 770 1379 793 unum
1393 771 1453 804 pro
1471 761 1652 794 centenario
1665 765 1827 795 scutorum
1841 761 1898 803 (ita
1910 765 2026 800 tamen,

1282 813 1366 857 quod
1384 824 1443 858 pro
1460 814 1570 857 quavis
1586 815 1710 847 summa
1726 813 1820 847 iulios
1837 813 1947 846 decem
1963 822 2028 847 non

1282 861 1429 910 excedatl
1443 867 1584 911 recipere
1601 866 1714 911 possit,
1734 872 1763 899 et
1780 876 1844 900 non
1860 866 1959 906 ultra,
1977 876 2028 899 ex-

1283 920 1381 964 ceptis
1405 920 1623 953 instrumentis
1646 920 1849 960 locationum,
1866 929 1925 963 pro
1948 929 2028 963 quo-

1283 984 1353 1006 rum
1378 973 1477 1017 copiis
1502 983 1564 1006 non
1588 973 1670 1007 ultra
1691 973 1785 1006 iulios
1805 972 1884 1006 duos
1901 971 2028 1015 exigere

1281 1026 1389 1070 possit.

1328 1078 1404 1113 103.
1414 1079 1447 1112 In
1461 1079 1563 1113 causis
1576 1079 1795 1113 criminalibus
1808 1083 1911 1112 servet
1923 1082 2026 1111 taxam

1282 1132 1381 1165 felicis
1397 1132 1623 1166 recordationis
1636 1132 1681 1165 Pii
1695 1132 1796 1176 Papae
1811 1132 1847 1165 lv
1861 1141 1878 1164 a
1891 1130 2027 1165 Sanctis-

1283 1185 1363 1219 simo
1382 1185 1516 1219 Domino
1533 1186 1646 1219 Nostro
1662 1185 1850 1219 innovatam.

1327 1239 1400 1272 104.
1420 1239 1480 1272 Pro
1492 1239 1742 1283 praesentatione
1760 1237 1931 1278 monitorii,
1944 1236 2025 1270 inhi-

1283 1292 1426 1333 bitionis,
1451 1292 1614 1336 sequestri,
1631 1303 1689 1336 pro
1706 1292 1845 1336 qualibet
1869 1292 2023 1335 persona,

1283 1347 1441 1380 bononeni
1459 1346 1532 1380 duo.

1328 1401 1400 1435 tO5.
1415 1402 1476 1434 Pro
1492 1401 1630 1445 qualibet
1649 1401 1794 1434 citatione
1812 1401 1842 1433 in
1859 1400 1958 1442 curia,
1972 1400 2027 1434 ho-

1264 1494 1267 1505 ι
1282 1465 1425 1488 nonetlus
1445 1465 1526 1488 unus
1539 1466 1546 1490 ζ

1328 1508 1402 1541 106.
1421 1508 1514 1542 Extra
1531 1508 1653 1541 curiam
1671 1508 1751 1541 infra
1766 1518 1864 1541 uuum
1882 1507 2026 1549 milliare,

1265 1563 1267 1570 ⁴
1283 1572 1342 1605 pro
1358 1562 1498 1605 qualibet
1515 1563 1662 1605 persona,
1683 1561 1840 1595 bononcni
1857 1566 1937 1602 tres;

1326 1615 1401 1648 407.
1427 1615 1459 1648 ln
1478 1615 1566 1647 curia
1590 1615 1620 1647 in
1638 1615 1716 1648 locis
1732 1615 1922 1658 longinquis,
1940 1615 2026 1649 vide-

1283 1669 1354 1703 licet
1369 1669 1408 1701 ad
1425 1668 1535 1712 llipam
1546 1696 1553 1707 ,
1571 1668 1609 1701 ad
1630 1668 1777 1701 ecclesias
1794 1669 2025 1709 Lateranenses,

1282 1723 1329 1755 vel
1348 1726 1472 1756 sanetae
1493 1722 1606 1755 Mariae
1623 1721 1758 1762 Maioris,
1779 1726 1807 1754 et
1826 1721 1949 1762 similia,
1966 1721 2025 1756 bo-

1282 1775 1397 1809 noneni
1414 1776 1486 1809 duo.

1326 1829 1400 1863 ⁴108.
1421 1830 1482 1863 Pro
1502 1829 1648 1863 citatione
1667 1828 1849 1872 exequenda
1874 1829 1905 1861 in
1929 1831 2024 1862 causa

1283 1883 1437 1917 criminali
1466 1888 1576 1916 eontra
1603 1883 1752 1916 officiales
1781 1882 1902 1923 curiae,
1927 1882 2024 1917 bono-

1281 1937 1353 1970 ncni
1370 1937 1442 1970 duo.

1326 1990 1400 2024 2109.
1428 1990 1489 2023 Pro
1516 1990 1725 2034 exequutione
1754 1990 1928 2024 litterarum
1956 2001 2024 2024 mo-

1281 2043 1475 2076 nitorialium
1496 2042 1735 2086 rogatorialium
1767 2043 1923 2076 citationis
1952 2053 2025 2076 exe-

1282 2097 1423 2140 quendae
1437 2102 1525 2129 extra
1538 2096 1658 2129 curiam
1674 2096 1757 2129 ultra
1771 2096 1914 2137 milliare,
1928 2097 2024 2130 solva-

1282 2155 1333 2182 tur
1349 2149 1481 2182 arbitrio
1499 2149 1619 2182 iudicis.

1326 2203 1339 2235 ‘l
1353 2202 1399 2236 10.
1419 2203 1478 2236 Pro
1495 2203 1738 2243 subhastatione,
1752 2208 1782 2236 et
1797 2202 2023 2236 deliberatione

1282 2256 1451 2300 pignorum
1476 2266 1530 2289 seu
1555 2256 1730 2297 bonorum,
1756 2266 1855 2300 usquc
1877 2256 1915 2288 ad
1936 2261 2023 2289 scuta

1281 2308 1355 2348 tria,
1370 2309 1556 2341 bononenus
1572 2318 1653 2341 unus
1670 2318 1728 2351 pro
1750 2307 1892 2351 quolibet
1915 2312 2021 2347 scuto;

1281 2362 1319 2394 al)
1337 2362 1407 2394 inde
1423 2371 1528 2405 supra,
1545 2361 1608 2394 duo
1628 2371 1687 2404 pro
1703 2360 1844 2404 quolibet
1859 2365 1947 2394 scuto
1958 2387 1966 2401 ,
1981 2360 2022 2395 ita

1282 2420 1386 2448 tamen
1406 2414 1491 2458 quod
1508 2423 1571 2446 non
1588 2413 1716 2447 excedat
1733 2413 1763 2445 in
1780 2417 1879 2447 totum
1899 2419 2023 2447 scutum

1281 2478 1389 2501 unum.

1326 2522 1339 2555 ‘l
1348 2521 1361 2554 ‘l
1370 2521 1399 2554 «1.
1414 2520 1623 2554 Mandatarius
1634 2523 1775 2553 tencatur
1788 2525 1947 2564 praestare
1960 2519 2024 2553 ido-

1281 2584 1372 2606 neam
1398 2573 1574 2606 cautionem
1595 2572 1728 2605 arbitrio
1753 2572 1864 2605 iudicis
1887 2572 1927 2605 de
1945 2572 2023 2606 fide-

1281 2627 1352 2660 liter
1368 2626 1559 2665 exercendo,
1575 2625 1613 2659 de
1639 2625 1860 2668 consignandis
1878 2628 1908 2658 et
1931 2625 2022 2658 resti-

1280 2680 1402 2715 tuendis
1425 2679 1631 2724 pignoribus,
1655 2688 1691 2711 ac
1719 2678 1821 2722 pretio
1850 2678 2021 2722 pignorum

2038 287 2088 315 An.
2107 287 2137 316 c.
2154 288 2179 316 t

2038 1249 2222 1325 ppupitiiiidgiaiig:
