2293 3231
120 286 169 313 An.
184 285 212 312 C.
236 284 303 312 1619

188 987 304 1009 luiniacum

120 1014 303 1040 praedictumcon-

120 1041 178 1062 cedit
188 1041 220 1063 iis.
229 1047 263 1067 qu·
276 1042 305 1062 in—

119 1068 229 1089 terfuerint
258 1074 305 1094 pro-

121 1095 252 1116 cessionibus
270 1095 305 1115 hic

121 1122 260 1145 enumeratis,
279 1127 304 1141 ac

120 1148 209 1195 ffcefim
223 1149 272 1173 alia,
283 1150 304 1168 ut

136 1180 162 1195 ic.

140 2699 266 2721 Absentihus
278 2700 316 2721 sor·

944 282 1063 306 Pstutirs

1091 283 1106 304 v
1133 282 1178 304 rr.
1737 268 1801 300 4535

1846 278 1894 303 An.
1912 277 1939 303 C.
1964 277 2030 303 1619

319 342 379 375 que
392 333 534 364 locorum
555 332 749 371 constitutos,
767 330 938 374 apostolica
956 335 1060 363 aucto·
1075 337 1076 349 ³
1094 329 1237 361 tidelibus
1255 333 1341 360 extra
1361 327 1476 361 l‘rbem
1491 325 1705 365 existentibus,
1720 326 1750 357 in
1767 325 1832 369 qui·
1847 345 1901 360 mam
1917 341 1967 362 mua
1983 348 2031 362 0012.

319 385 408 419 ritate
431 391 571 428 paterne,
596 384 748 427 enixeque
774 384 976 427 requirimus,
998 394 1060 415 mo-
1075 388 1078 427 ',
1094 382 1198 414 busvis
1224 381 1411 420 civitatibus,
1433 379 1526 413 terris
1543 385 1570 412 et
1590 379 1675 419 locis,
1694 379 1746 421 qui
1764 389 1834 422 pro-

319 449 429 471 nemus
447 443 476 471 et
493 438 523 470 in
544 438 676 470 Domino
694 437 899 469 adhortamur
916 436 952 468 ad
970 436 1060 467 infra-

319 491 436 534 scripta
461 491 570 524 devote
595 490 810 534 peragendum
835 495 862 522 et
889 489 1060 532 adimplen-

319 545 404 585 dum,
418 555 453 577 ac
468 544 505 577 ad
520 545 617 578 Deum
634 544 755 576 Patrem
770 543 1058 576 1uisericordiarum
1075 557 1077 561 ¹

319 598 473 631 orandum
489 625 496 638 ,
523 603 555 631 ut
580 609 637 642 per
668 598 788 630 viscera
824 591 1077 630 miseriti-ordiaei

319 662 392 684 suae
417 651 511 684 fidem
538 652 723 685 catholicam
748 656 930 694 protegere,
947 651 985 682 ab
1003 650 1060 683 ho-

319 705 413 738 stium
428 705 592 738 conatibus
612 711 642 737 et
660 705 780 738 insidiis
797 704 972 746 defendere,
991 704 1061 736 hae-

318 759 414 792 resim
447 759 625 803 extirpare,
651 758 848 803 principibus
880 758 1059 791 christianis

319 824 430 857 pacem
455 819 484 846 et
508 823 614 846 veram
640 812 840 846 concordiam
865 811 1004 851 donare,
1024 822 1059 844 ae

319 867 490 911 praecipue
515 866 732 910 praesentibus
752 865 908 898 Ecclesiae
929 864 1061 898 necessi-

321 920 433 953 tatibus
458 920 624 953 subvenire
649 919 805 963 dignetur.

364 975 379 1017 g
402 974 431 1007 3.
457 974 676 1015 Quamobrem,
698 973 735 1006 de
758 972 981 1016 omnipotentis
1006 971 1060 1004 Dei

321 1026 550 1065 misericordia,
568 1037 603 1060 ac
622 1027 787 1060 beatorum
813 1026 894 1059 Petri
919 1031 949 1058 et
974 1025 1059 1058 Pauli

320 1080 535 1124 apostolorum
551 1080 617 1113 eius
631 1080 815 1112 auctoritate
828 1079 947 1119 contisi,
957 1090 993 1111 ex
1006 1079 1059 1111 illa

320 1133 436 1176 ligandi
454 1139 545 1177 atque
560 1133 700 1167 solvendi
725 1137 887 1177 potestate,
901 1143 993 1176 quam
1009 1143 1061 1166 no—

318 1187 367 1220 bis
387 1188 548 1228 Dominus,
566 1188 686 1220 meritis
715 1187 842 1219 minime
866 1186 1062 1229 suifraganti-

319 1241 388 1282 buS,
402 1240 543 1282 contulit,
557 1241 710 1274 universis
726 1246 753 1273 et
772 1240 904 1283 singulis
918 1240 1062 1273 christili—

319 1294 441 1328 delibus
455 1295 485 1327 in
497 1295 579 1327 alma
594 1294 676 1327 Urbe
690 1294 850 1338 praedicta
865 1293 1060 1337 degentibus,

320 1349 374 1392 qui
399 1348 594 1381 solemnibus
620 1347 891 1391 processionibus,
921 1357 998 1390 quas
1023 1346 1061 1378 ab

320 1403 451 1436 ecclesia
476 1408 599 1436 sanctae
624 1402 736 1435 Mariae
768 1402 959 1444 Angelorum
984 1411 1063 1433 nun-

321 1459 432 1500 cupata
448 1456 487 1489 ad
502 1456 665 1489 basilicam
685 1460 809 1488 sanctae
833 1455 947 1488 Mariae
971 1454 1079 1488 Maio-'

321 1510 374 1550 ris,
400 1516 429 1542 et
453 1510 491 1542 ah
517 1510 650 1542 ecclesia
679 1514 802 1542 sanctae
828 1509 941 1541 Mariae.
965 1520 1062 1552 super

320 1563 490 1596 Minervam
508 1564 545 1596 ad
570 1563 733 1595 ecclesiam
752 1567 876 1595 sanetae
894 1562 1006 1595 Mariae
1024 1562 1061 1595 de

321 1617 434 1650 Anima
458 1617 576 1660 pariter
599 1620 827 1659 nuncupatam,
849 1616 925 1648 scria
949 1617 1061 1659 quarta

322 1676 351 1703 et
368 1672 454 1705 sexta
467 1681 524 1703 nos
538 1671 677 1714 sequenti
693 1669 900 1709 hebdomada,
914 1672 976 1702 una
991 1681 1061 1703 cum

323 1725 553 1759 venerabilibus
584 1725 736 1758 fratribus
775 1725 889 1758 nostris
914 1726 942 1757 S.
969 1725 1002 1757 R.
1029 1725 1060 1757 E.

321 1779 547 1819 cardinalibus,
565 1779 872 1822 christianorumque
898 1789 1008 1821 regum
1033 1784 1060 1810 et

321 1833 499 1877 principum
529 1833 613 1876 apud
640 1844 697 1865 nos
725 1838 755 1865 et
779 1833 990 1876 Apostolicam
1012 1832 1080 1865 Sem

322 1886 393 1919 dem
419 1886 609 1926 oratoribus,
627 1887 836 1929 onmibusque
862 1886 1008 1929 praelatis
1034 1891 1063 1918 et

323 1939 518 1983 proceribus,
543 1939 753 1982 universoque
777 1940 862 1972 clero
890 1945 916 1971 et
944 1939 1062 1983 populo

324 2002 467 2034 agemus,
488 1992 708 2032 interfuerint,
734 1998 787 2025 aut
816 1992 870 2036 qui
905 1992 1063 2035 praedicta

325 2045 371 2078 vel
404 2046 488 2078 illam
524 2045 666 2089 sequenti
705 2045 903 2078 hebdomada
938 2045 1062 2077 easdem

324 2098 470 2132 ecelesias
499 2099 547 2131 vel
576 2098 653 2131 duas
678 2099 802 2131 illarum
832 2099 941 2131 saltem
967 2100 1063 2131 semel

325 2152 527 2191 visitaverint,
542 2152 648 2195 ibique
661 2152 781 2192 devote,
799 2157 948 2196 utsupra,
966 2153 1063 2185 Deum

325 2206 494 2246 oraverint,
512 2216 547 2238 ac.
567 2206 644 2238 seria
668 2208 780 2249 quarta
796 2209 824 2239 et
842 2208 929 2238 sexta
945 2217 979 2239 ac
998 2206 1066 2239 sab-

324 2259 397 2292 bato
426 2259 566 2292 eiusdem
594 2259 641 2291 vel
669 2259 826 2302 sequentis
851 2259 1065 2292 hebdomadae

326 2313 542 2353 ieiunaverint,
568 2318 597 2346 et
620 2318 748 2356 peccata
773 2323 828 2345 sua
852 2313 985 2346 confessi
1002 2314 1067 2346 fue-

325 2366 398 2407 rint,
415 2372 508 2410 atque
525 2366 556 2399 in
573 2366 676 2410 primo
700 2366 749 2399 die
774 2366 943 2406 dominico,
958 2367 1005 2399 vel
1023 2378 1067 2399 se-

326 2421 439 2460 cundo,
460 2431 515 2454 seu
539 2421 647 2452 saltem
676 2420 737 2453 alio
766 2420 922 2452 dictarum
953 2420 1067 2453 hebdo-

327 2474 491 2507 madarum
515 2474 586 2516 die,
612 2474 844 2507 sanctissinuuu
877 2474 1066 2506 Eueni-istim}

328 2533 558 2562 sacramentum
591 2533 772 2561 reverenter
797 2527 1012 2571 susceperint,
1038 2532 1065 2560 et

329 2583 543 2628 eleemosflnas
575 2582 612 2615 ad
644 2582 789 2622 libitum,
815 2587 904 2625 prout
933 2582 1067 2615 charitas

330 2635 461 2679 singulis
485 2635 687 2680 suggesserit,
705 2636 849 2668 fecerint:

376 2691 390 2733 ἓ
414 2691 443 2723 li.
469 2691 585 2724 Ceteris
610 2701 684 2723 vero
716 2690 861 2723 omnibns
886 2694 911 2723 ct
937 2690 1068 2732 singulis

1075 430 1077 456 ἶ
1094 435 1227 468 cessioni
1244 435 1281 467 ab
1296 434 1469 467 Ordinariis
1486 434 1639 473 locorum,
1658 433 1705 465 vel
1723 443 1834 465 eorum

1093 489 1238 528 vicariis,
1264 500 1318 521 seu
1344 488 1549 527 otlicialibus,
1579 488 1624 519 vel
1656 487 1694 519 de
1723 497 1834 519 eorum

1094 542 1250 583 mandato,
1276 549 1315 583 ct,
1342 543 1415 586 ipsis
1440 541 1668 583 ‹tent-tentibus,
1694 551 1749 584 per
1771 551 1835 580 eos,

1094 597 1146 639 qui
1164 597 1206 629 ibi
1227 608 1333 630 curam
1360 597 1537 629 animarum
1556 599 1713 635 exercent,
1732 595 1836 638 prima

1094 652 1141 683 vel
1159 651 1295 684 secunda
1325 651 1510 687 hedomada,
1531 655 1697 693 postquam
1727 648 1765 681 ad
1789 658 1838 680 eo-

1094 716 1164 738 rum
1190 705 1332 738 notitiam
1357 705 1415 737 hae
1440 709 1567 737 nostrae
1600 704 1722 736 litterae
1747 703 1837 735 dere-

1093 758 1207 798 nerint,
1222 757 1405 790 indicendae
1420 763 1449 790 et
1462 756 1612 800 agendae,
1628 755 1837 793 interfuerint,

1094 812 1141 845 vel
1167 812 1330 845 ecclesiam
1357 822 1411 844 seu
1443 811 1591 844 ccclesias
1628 821 1683 854 per
1708 809 1837 843 eosdem

1094 865 1302 909 designandas
1316 866 1424 898 saltem
1446 865 1542 897 semel
1561 863 1763 903 visitaverint,
1782 863 1839 894 ibi-

1094 930 1164 963 que,
1189 923 1222 953 ut
1247 929 1352 962 supra,
1379 919 1478 951 Deum
1503 917 1672 957 oraverint,
1697 927 1731 949 ac
1760 916 1838 949 feria

1094 976 1215 1017 quarta,
1230 975 1315 1006 sexta
1330 977 1358 1005 et
1374 971 1502 1005 sabbato
1520 971 1650 1003 alterius
1667 981 1701 1003 ex
1716 969 1838 1002 duabus

1094 1025 1301 1059 hebdomadis
1318 1025 1356 1058 ab
1376 1024 1494 1058 eisdem
1512 1023 1700 1067 deputandis
1718 1023 1838 1055 ieiuna-

1094 1080 1211 1119 verint,
1237 1080 1419 1123 pariterque
1446 1083 1573 1122 peccata
1598 1088 1653 1109 sua
1682 1076 1837 1115 confessi,

1094 1145 1130 1167 ac
1151 1134 1348 1167 sanctissima
1381 1132 1605 1166 communione
1637 1131 1744 1164 refecti
1770 1131 1838 1162 sue-

1094 1188 1167 1228 rint,
1185 1194 1213 1221 et
1231 1189 1445 1231 eleemosynas
1466 1186 1610 1220 similiter
1628 1196 1686 1229 pro
1706 1184 1838 1217 arbitrio

1095 1253 1150 1275 suo
1176 1242 1317 1281 fecerint,
1335 1241 1550 1285 plenissimam
1567 1239 1709 1272 omnium
1731 1248 1839 1282 pecca-

1094 1301 1200 1329 torum
1225 1306 1355 1328 suorum
1375 1293 1601 1337 indulgentiam
1626 1297 1656 1325 et
1680 1291 1839 1325 remissio-

1094 1360 1184 1389 nem⁷
1210 1349 1289 1382 sicut
1314 1349 1344 1380 in
1377 1358 1459 1381 anno
1492 1347 1616 1379 iubilaei
1642 1345 1838 1379 visitantibus

1095 1408 1196 1436 certas
1216 1403 1363 1436 ecelesias
1383 1402 1464 1434 intra
1481 1406 1509 1433 et
1528 1406 1616 1433 extra
1630 1400 1746 1433 Urbem
1764 1410 1839 1433 eon·

1096 1457 1163 1490 cedi
1188 1456 1367 1498 consuevit,
1393 1461 1500 1488 tenore
1533 1454 1745 1498 praesentium
1770 1463 1840 1486 con—

1096 1510 1236 1543 cedimus
1261 1515 1291 1542 et
1315 1509 1498 1552 elargimur.

1141 1565 1155 1607 g
1180 1564 1208 1596 5.
1234 1563 1422 1606 Navigantes
1446 1572 1532 1602 vero,
1550 1565 1603 1595 aut
1624 1561 1683 1593 iter
1699 1565 1837 1604 agentes,

1096 1622 1130 1649 ut
1147 1627 1217 1650 cum
1243 1616 1382 1660 primum
1400 1615 1438 1648 ad
1457 1625 1511 1647 sua
1528 1625 1597 1647 sese
1617 1614 1777 1647 domicilia
1794 1624 1840 1646 re-

1096 1670 1247 1714 ceperint,
1269 1668 1492 1713 suprascriptis
1516 1667 1663 1701 omnibus
1687 1667 1839 1710 peractis,

1096 1730 1128 1757 ut
1147 1734 1241 1767 supra
1266 1723 1410 1756 camdem
1435 1721 1661 1764 indulgentiam
1687 1720 1838 1764 consequi

1096 1778 1213 1821 possint
1240 1783 1267 1810 et
1294 1778 1431 1815 valeant3

1142 1831 1197 1875 56.
1214 1831 1422 1874 Regularibus
1442 1835 1546 1863 autem
1565 1828 1709 1872 personis
1728 1829 1840 1861 utrius-

1097 1896 1157 1929 que
1182 1896 1295 1925 sexus,
1321 1885 1352 1917 in
1377 1883 1521 1917 claustris
1546 1887 1698 1926 perpetuo
1723 1882 1840 1924 degen-

1099 1939 1202 1978 tibus,
1234 1948 1356 1971 necnon
1381 1937 1449 1969 aliis
1481 1936 1744 1980 quibuscumque,
1778 1940 1840 1968 tam

1099 1993 1200 2028 laicis,
1225 2003 1319 2036 quam
1352 1990 1539 2033 religiosis¹,
1565 1990 1760 2023 secularibus
1785 2000 1841 2021 seu

1099 2046 1307 2089 regularibus,
1325 2046 1356 2077 in
1377 2055 1503 2078 carcere
1529 2049 1581 2077 aut
1606 2044 1637 2076 in
1662 2043 1841 2087 captivitate

1099 2100 1315 2139 existentibus,
1343 2100 1392 2132 vel
1416 2099 1520 2142 aliqua
1545 2097 1688 2141 corporis
1713 2096 1843 2129 infirmi-

1098 2160 1160 2187 tate
1185 2165 1239 2187 seu
1256 2153 1317 2186 alio
1335 2162 1535 2197 quocumque
1551 2151 1778 2195 impedimento
1791 2150 1841 2182 de-

1100 2207 1213 2247 tentis,
1245 2207 1298 2250 qui
1333 2217 1429 2250 supra
1463 2216 1609 2249 expressa
1647 2205 1693 2237 vel
1731 2214 1840 2236 eorum

1100 2261 1203 2304 aliqua
1227 2266 1387 2304 praestare
1418 2259 1640 2303 nequiverint,
1669 2264 1701 2290 ut
1726 2257 1842 2291 confes-

1100 2314 1210 2353 sarius,
1228 2325 1332 2357 quem,
1350 2319 1384 2346 ut
1403 2313 1484 2346 infra
1502 2312 1665 2354 elegerint,
1682 2310 1843 2355 praedicta

1100 2368 1205 2401 omnia
1235 2372 1263 2399 et
1289 2367 1429 2409 singula,
1458 2366 1505 2399 vel
1531 2376 1641 2399 eorum
1666 2365 1785 2408 aliqua,
1812 2365 1842 2397 in

1101 2421 1160 2453 alia
1173 2420 1296 2464 pietatis
1309 2431 1407 2463 opera
1422 2425 1627 2456 commutare,
1645 2419 1693 2451 vcl
1710 2418 1741 2450 iu
1758 2417 1843 2450 aliud

1101 2474 1282 2519 proximum
1308 2480 1432 2517 tempus
1460 2483 1633 2517 prorogare
1663 2472 1770 2516 possit,
1796 2482 1844 2505 ca-

1101 2541 1160 2572 que
1186 2529 1360 2571 iniungere,
1377 2539 1457 2572 quae
1484 2528 1542 2571 ipsi
1568 2526 1764 2571 poenitentes
1781 2526 1845 2559 effi-

1101 2593 1173 2615 cere
1198 2586 1355 2626 poterunt,
1376 2582 1493 2625 pariter
1519 2581 1720 2614 concedimus
1745 2585 1772 2612 et
1800 2580 1845 2613 in-

1101 2636 1278 2679 dulgemus.
1792 2671 1796 2673 λ

1137 2699 1149 2725 1
1164 2698 1258 2726 Nescio
1267 2706 1300 2726 an
1312 2706 1365 2726 non
1376 2698 1521 2733 legendum
1536 2698 1734 2727 ecclesiasticis
1744 2702 1780 2733 (n.
1793 2703 1842 2733 w.

1848 368 1950 393 sequendi
1970 374 2031 394 prae-

1848 394 1928 413 scribit.

1907 1573 1958 1593 nem
1978 1573 2038 1594 itine-

1854 1600 1957 1619 rantibus.

1872 1839 1923 1860 Item
1938 1839 2040 1860 claustra-

1854 1866 1909 1887 libus
1922 1869 1942 1886 et
1953 1866 2040 1886 murinis

1856 1893 1888 1913 vel
1903 1893 1999 1918 captivis.
