2293 3231
76 283 124 309 Αιι.
145 280 174 308 (2.
192 280 255 308 ¹621

119 1295 241 1322 Transumpt
246 1296 263 1317 is

81 1323 149 1344 danda
160 1322 219 1344 fides.

885 274 1061 301 GnEGonlUs
1082 276 1123 300 w
1145 277 1191 300 [Ψ.

274 331 350 367 cata,
364 324 486 369 aliaque
495 324 633 369 supellex
647 324 856 358 ecclesiastica
871 334 906 357 ex
921 327 1012 357 causa

273 379 417 425 pignoris
436 381 515 424 capi,
532 380 629 424 recipi
647 380 694 413 rel
713 379 854 417 distrahi,
871 385 923 412 aut
940 379 1015 411 alias

272 433 509 477 quomodolibet
528 433 675 477 occupari
693 433 838 477 debeant)
853 432 1012 466 observari

272 486 449 527 volumus¹3
474 486 616 530 quinimo
642 487 797 529 volumus,
813 491 846 521 ut
867 486 949 519 illius
965 497 1014 520 oc-

274 539 398 572 casione
412 539 573 580 ccclesiae,
591 540 792 580 monasteria,
816 539 938 583 aliaque
963 539 1013 583 pia

273 596 304 625 et
328 602 416 625 sacra
436 592 504 625 loca
529 602 747 636 quaecumque
763 591 875 624 debitis
891 597 1014 636 propte-

273 654 326 678 rca
351 655 414 678 non
438 645 621 678 fraudentur
645 645 818 689 ohsequiis,
842 655 877 678 ac
902 645 1014 677 divinis

274 698 306 730 in
322 697 359 730 iis
377 698 479 731 cultus
495 698 652 731 Altissimo
673 698 889 731 famulantium
906 702 936 731 ct
955 697 1013 730 mi-

273 751 447 784 nistrorum
467 761 618 784 numerus
641 752 819 784 nullatcnus
844 751 1012 792 minuatur,

273 813 376 848 neque
385 805 429 837 eis
443 814 572 848 quoquo
586 804 679 837 modo
697 803 833 837 iniuncta
850 813 945 837 onera
962 808 1014 838 aut

272 858 325 902 pia
349 867 428 902 quae
453 858 592 890 exerceri
617 857 717 891 solent
739 867 835 901 opera
859 862 889 890 et
912 857 1013 890 officia

274 910 338 944 ullo
356 910 450 944 modo
466 910 649 943 minuantur
666 921 720 943 seu
736 910 946 953 negligantur,
960 910 1013 943 sed

273 963 402 997 illorum
422 973 562 1007 congrue
581 967 808 1008 supportentur
827 974 923 997 onera
943 974 1015 997 con-

274 1022 383 1057 sueta;
410 1027 469 1050 nec
501 1017 667 1061 quisquam
683 1045 691 1058 ,
716 1017 809 1051 etiam
840 1018 932 1060 plura
963 1023 1014 1050 aut

274 1071 406 1104 sortasse
428 1070 581 1104 beneficia
612 1075 665 1103 aut
696 1071 863 1115 pensiones
891 1071 1013 1114 quanti—

275 1134 411 1168 cumque
434 1124 549 1156 valoris
573 1124 738 1164 obtinens,
762 1135 820 1167 pro
844 1123 1013 1166 quietantia

273 1177 357 1211 ultra
371 1176 555 1221 vigesimam
571 1181 693 1221 partem
710 1177 803 1210 unius
819 1177 906 1210 aurei
922 1187 1014 1209 num-

275 1231 319 1264 mi
342 1231 522 1275 persolvere
546 1235 694 1274 cogatur3

321 1284 378 1328 §st
396 1284 610 1318 Praesentium
627 1295 702 1318 vero
718 1284 895 1317 litterarum
914 1294 1015 1317 exem-

276 1339 337 1382 pla,
351 1338 443 1371 etiam
464 1338 627 1382 impressa,
640 1338 755 1371 notarii
777 1338 895 1382 publici
919 1347 1014 1370 manu

278 1391 463 1434 subscripta,
481 1401 516 1424 ae
540 1395 593 1425 tuo
618 1391 721 1434 sigillo
746 1391 918 1434 obsignata⁷
935 1401 1016 1424 eam-

278 1444 350 1478 dem
374 1445 406 1477 in
430 1445 546 1478 iudicio
570 1450 600 1478 et
625 1451 712 1478 extra
737 1445 814 1478 illud
837 1446 955 1489 ubique
974 1446 1017 1479 lo-

278 1509 388 1532 corum
402 1498 497 1532 fidem
510 1499 622 1539 facero,
635 1509 730 1543 quam
747 1499 831 1543 ipsae
848 1499 1016 1542 originales

279 1552 426 1593 facerent,
443 1552 468 1584 si
493 1556 595 1585 essent
619 1552 774 1585 exhibitae
798 1553 845 1585 vel
864 1557 1015 1586 ostensae.

321 1605 433 1638 Datum
458 1605 592 1643 Romae,
618 1605 701 1649 apud
725 1605 755 1638 S.
788 1605 930 1645 Petrum,
959 1605 1016 1638 sub

278 1659 393 1692 annulo
417 1658 599 1698 Piscatoris,
617 1658 667 1692 die
686 1668 775 1692 xxvn
788 1659 862 1692 maii
886 1669 1016 1700 noem,

277 1712 479 1756 pontificatus
495 1712 595 1745 nostri
613 1722 695 1745 anno
711 1722 731 1745 1.

314 1764 373 1793 Dat.
389 1765 433 1793 die
448 1765 481 1793 27
497 1765 563 1793 maii
579 1765 657 1800 1621,
673 1765 769 1801 pontif.
785 1773 855 1793 anno
869 1772 886 1793 1.

619 1873 680 1906 XV.

282 1934 492 1978 Confirmatio
508 1934 749 1969 nonnullarum
775 1935 962 1969 litterarum
982 1946 1017 1968 α-

320 1985 565 2028 postoliearum‚
574 1985 693 2028 quibus
701 1986 869 2026 statuitur,
876 1990 912 2018 n!
926 1985 1019 2019 cccle-

324 2033 459 2073 siastz'ci,
477 2037 542 2066 tam
551 2032 710 2066 seculares
723 2044 824 2078 quam
837 2034 1015 2078 reynlares,

326 2081 466 2114 civitatis
480 2081 707 2124 Bononiensis,
720 2083 764 2116 acl
775 2093 871 2127 opera
884 2082 1019 2127 publica

325 2134 520 2164 concurrant
530 2129 552 2163 ³.

494 2196 650 2232 Gregorius
660 2197 739 2231 Papa
748 2197 805 2231 XV,

423 2241 460 2269 ad
479 2241 613 2269 futuram
631 2241 675 2269 rei
694 2241 876 2270 memoriam.

1048 336 1119 357 suas
1136 325 1193 357 sub
1211 324 1259 356 dic
1279 335 1297 357 x
1315 325 1417 356 martii
1440 332 1502 358 amc
1522 323 1552 356 in
1573 322 1666 355 simili
1685 323 1782 355 sormi

1049 378 1154 411 Brevis
1179 377 1337 422 expeditas
1362 376 1509 417 litteras&
1530 376 1727 410 decreverint
1756 381 1786 409 et

1048 431 1271 471 ordinaverim,
1297 435 1328 464 ut
1354 430 1390 463 ad
1416 430 1617 464 resectionem
1642 434 1673 462 et
1696 439 1786 473 repa-

1047 484 1223 525 rationem,
1257 484 1587 526 constructionemque
1622 482 1785 526 pontium,

1047 537 1186 577 riarum,
1212 546 1380 579 aggerum,
1406 536 1586 576 fluminum,
1610 535 1786 579 aquaeduc-

1048 596 1134 623 tuum
1146 596 1175 623 et
1185 591 1318 624 aliorum
1329 591 1478 623 similium
1488 600 1632 634 operum,
1643 589 1674 622 in
1686 589 1786 633 publi-

1047 655 1129 684 cum,
1146 654 1324 681 commune,
1341 649 1394 677 aut
1416 644 1573 687 privatum
1596 643 1784 676 beneficium

1048 697 1222 738 factorum,
1247 706 1357 730 omnes
1389 696 1529 739 religiosi
1562 695 1725 738 regulares
1755 699 1786 728 et

1048 750 1215 791 seculares,
1239 750 1449 783 Mendicantes
1473 755 1502 782 et
1526 759 1588 782 non
1612 749 1787 782 Mendican-

1047 809 1103 845 tes,
1117 809 1147 836 et
1160 813 1376 848 quaecumque
1393 803 1516 842 domus,
1532 802 1709 846 hospitalia,
1723 812 1786 836 mo-

1047 857 1192 897 nasteria,
1209 862 1239 889 et
1263 856 1322 890 alia
1346 856 1415 890 loca
1440 857 1501 900 pia,
1519 861 1549 890 et
1573 865 1683 889 omnes
1707 855 1786 888 aliae

1047 920 1199 954 personae
1226 910 1426 954 quantumvis
1455 908 1670 953 privilegiatae
1698 912 1729 941 ct
1753 918 1785 941 e-

1047 969 1190 1008 xemptae
1201 964 1334 997 civitatis
1345 969 1472 997 nostrae
1481 962 1696 1002 Bononiensis,
1706 972 1786 1006 quae

1047 1028 1084 1050 ex
1101 1017 1191 1051 dictis
1209 1017 1359 1061 operibus
1379 1017 1554 1057 utilitatem,
1571 1015 1786 1049 commodum-

1047 1081 1107 1114 que
1132 1077 1390 1115 consequuntur‚
1413 1082 1472 1115 pro
1500 1072 1568 1103 rata
1595 1079 1787 1103 concurrere

1047 1125 1213 1163 deberent;
1234 1125 1380 1168 idemque
1404 1130 1548 1168 tempore
1571 1123 1669 1157 felicis
1693 1123 1786 1156 etiam

1047 1178 1276 1211 reeordationis
1300 1178 1387 1210 Pauli
1412 1178 1512 1221 Papae
1531 1178 1565 1217 V,
1582 1177 1675 1209 etiam
1700 1186 1788 1220 prae-

1047 1231 1222 1265 decessoris
1245 1231 1355 1271 nostri,
1379 1233 1473 1264 causa
1497 1230 1636 1273 cognita,
1661 1239 1718 1273 per
1741 1229 1789 1262 lit-

1048 1290 1130 1318 teras
1160 1285 1199 1319 de
1227 1285 1311 1318 illius
1341 1285 1451 1318 ordine
1482 1288 1640 1317 emanatas
1669 1282 1788 1317 servari

1048 1339 1162 1372 debere
1178 1339 1307 1372 omnino
1325 1338 1506 1371 mandatum
1526 1337 1634 1371 fuerit:

1093 1394 1108 1437 ἓ
1132 1393 1161 1426 02.
1187 1393 1259 1433 Nos,
1284 1393 1397 1425 harum
1418 1391 1652 1436 praedictarum
1669 1390 1788 1423 littera·
1803 1433 1816 1454 fi
1831 1403 1914 1453 Εῃῗφω
1936 1409 1986 1425 con-

1819 1438 1878 1454 rma.

1048 1457 1119 1479 rum
1144 1452 1270 1479 tenores
1298 1445 1515 1490 praesentibus
1546 1455 1605 1488 pro
1634 1444 1789 1488 expressis

1050 1501 1208 1542 habentes,
1226 1504 1314 1533 motu
1330 1499 1472 1543 proprio,
1489 1502 1519 1533 et
1535 1509 1573 1531 ex
1590 1499 1676 1531 certa
1693 1497 1791 1531 scien-

1050 1554 1091 1587 tia
1107 1564 1143 1586 ac
1157 1554 1279 1586 matura
1300 1552 1524 1586 deliberatione
1544 1551 1672 1591 nostris,
1685 1550 1790 1584 omnia

1050 1611 1080 1640 et
1103 1607 1226 1649 singula
1245 1607 1276 1638 in
1299 1605 1391 1639 dictis
1414 1605 1526 1639 litteris
1551 1607 1706 1644 contenta,
1719 1614 1791 1648 apo-

1051 1660 1161 1693 stolica
1191 1660 1395 1699 auctoritate,
1421 1665 1529 1692 tenore
1557 1657 1790 1702 praesentium,

1051 1713 1264 1757 approbamus
1289 1718 1318 1745 et
1343 1712 1578 1751 confirmamus,
1599 1710 1723 1754 illisque
1747 1710 1792 1743 in-

1051 1765 1205 1799 violabilis
1222 1766 1411 1810 apostolicae
1427 1765 1586 1798 firmitatis
1602 1764 1701 1798 robur
1718 1764 1792 1797 adii-

1052 1820 1170 1860 cimus‚
1195 1825 1241 1861 et,
1264 1810 1415 1864 quatenus
1440 1829 1518 1863 opus
1550 1818 1611 1859 sit,
1640 1817 1678 1851 de
1708 1827 1790 1851 novo

1052 1873 1262 1907 concedimus.

1097 1928 1111 1971 ἓ
1134 1927 1164 1960 3.
1194 1927 1261 1960 Non
1293 1926 1487 1959 obstantibus
1515 1924 1790 1959 constitutionibus

1052 1986 1082 2014 et
1106 1980 1356 2014 ordinationibus
1388 1979 1587 2024 apostolicis,
1616 1978 1790 2022 ceterisque

1053 2034 1218 2069 contrariis
1243 2034 1505 2078 quibuscumque.

1096 2089 1206 2122 Datum
1238 2089 1367 2129 Romae,
1383 2088 1466 2132 apud
1494 2092 1633 2121 sanctam
1661 2086 1790 2120 Mariam

1052 2142 1212 2183 Maiorem,
1231 2141 1289 2175 sub
1313 2141 1428 2174 annulo
1453 2140 1639 2181 piscatoris,
1664 2140 1714 2173 die
1737 2149 1791 2173 xiv

1052 2196 1130 2229 iunii
1155 2205 1284 2236 noem,
1308 2194 1509 2239 pontificatus
1533 2194 1634 2228 nostri
1657 2203 1739 2227 anno
1760 2203 1778 2226 1.

1089 2258 1147 2285 Dat.
1168 2258 1212 2285 die
1234 2258 1266 2286 14
1284 2258 1349 2285 iunii
1371 2257 1450 2291 1621,
1470 2256 1566 2293 pontif.
1587 2264 1631 2284 an.
1652 2263 1671 2284 1.

1689 264 1747 299 551
1799 275 1846 301 Αη,
1865 274 1894 302 c.
1913 275 1974 302 16-21

1806 1946 1915 1969 contraria
1926 1946 1978 1967 tollit

99 2317 203 2339 Reosnset
215 2316 268 2338 Pon-

327 2300 342 2343 ἓ
357 2299 387 2332 ²1.
402 2299 478 2334 Cum
495 2299 570 2332 alias
587 2299 685 2332 felicis
701 2299 930 2333 recordationis
947 2299 1020 2334 Gre-

86 2345 165 2367 tineam
189 2345 268 2367 Consti-

86 2373 185 2397 tationes,
192 2372 269 2399 quibus

283 2353 392 2397 gorius
422 2353 488 2387 XIII
521 2363 578 2398 per
609 2364 681 2387 suas
718 2353 776 2388 sub
807 2353 857 2386 die
891 2363 924 2387 xi
953 2354 1018 2387 iulii

88 2399 194 2423 statuitur,
203 2400 227 2419 ιιι
235 2403 268 2418 ec-

88 2424 204 2446 ·„smtffi
229 2423 269 2446 Βο-
283 2407 454 2448 Manxi11⁸‚
478 2412 508 2440 et
531 2407 673 2442 Clemens
692 2398 915 2448 vlll,‘R0mani
939 2407 1019 2441 Pon-

88 2450 270 2505 iitffssssffiopessff
283 2460 382 2495 tifices
405 2460 665 2506 praedecessores
694 2461 813 2502 nostri,
836 2461 930 2494 etiam
962 2471 1020 2506 per

89 2507 223 2528 concurrant.

1382 2387 1456 2420 XVI.

1051 2466 1278 2510 Exemptiones
1301 2465 1482 2500 nonnullae
1512 2466 1626 2510 leqatis
1651 2471 1680 2500 et
1703 2467 1788 2501 vice-

1098 2520 1223 2564 leqatis,
1243 2524 1271 2553 et
1287 2519 1554 2564 quoernaeoribus
1570 2520 1714 2554 civitatis
1732 2520 1792 2555 Bo-

321 2551 333 2577 1
350 2549 436 2578 Verba
453 2551 600 2580 observari
614 2552 744 2580 volumus
764 2560 812 2580 uos
831 2552 970 2587 addimus,
992 2557 1020 2580 ut
1096 2569 1263 2603 nom-ensis
1287 2568 1507 2603 conceduntur
1521 2570 1531 2586 2

285 2602 344 2631 sup.
359 2602 421 2631 pag.
437 2595 489 2623 463
504 2599 576 2646 αἰεὶ
589 2596 636 2624 481
656 2597 671 2624 b
686 2598 725 2629 (n.
740 2596 789 2632 r).

321 2639 338 2666 2
356 2638 395 2666 Ex
412 2639 519 2676 Regest.
539 2649 568 2668 m
587 2641 688 2669 Secret.
708 2641 786 2670 Brev.

1089 2641 1100 2667 1
1119 2640 1174 2668 Hae
1189 2648 1295 2676 quaque
1305 2640 1391 2668 Clem.
1403 2640 1463 2668 VIII
1477 2640 1583 2669 litterae
1592 2640 1690 2670 desunt
1698 2641 1789 2679 (nm).
1832 2665 1837 2667 .

322 2683 339 2713 3
353 2682 424 2716 Quas
437 2692 492 2713 non
504 2689 569 2721 puto
583 2685 634 2722 legi
647 2685 675 2713 iu
690 2686 822 2716 Bullario
837 2688 876 2721 (n.
891 2686 942 2722 r.).·

1087 2686 1104 2714 2
1123 2685 1162 2714 Ex
1181 2685 1289 2722 Regest.
1309 2685 1337 2714 in
1357 2686 1462 2714 secret.
1482 2685 1560 2715 Brev.
