2293 3231
111 273 161 301 An.
178 272 206 300 C.
228 272 291 300 ¹62¹

141 1133 259 1155 clausum.

99 1765 102 1767 Δ
130 1774 244 1805 nei-ogone
253 1778 301 1796 con·

118 1804 240 1823 uariorum.

917 268 1039 293 ‹inEGon
1044 269 1091 293 ms
1117 269 1157 293 XV
1181 268 1229 291 Pr.

308 319 382 351 tiam
409 323 440 351 et
470 323 614 351 tenorem
644 317 768 358 venire,
791 322 846 350 aut
879 317 1047 361 quicquam

308 371 392 405 aliud
408 371 524 412 moliri,
545 371 709 412 intentare,
727 375 779 403 aut
804 371 953 404 innovare
970 380 1048 414 quo-

308 436 370 470 quo
395 425 489 459 modo
513 424 647 458 audeant
672 425 719 458 vel
744 429 963 469 praesumant:
984 424 1050 466 qui-

308 479 394 512 nimo
418 479 518 512 dietae
537 478 721 519 abbatissae,
747 488 802 511 seu
826 477 1006 521 priorissae,
1020 482 1049 509 et

309 532 461 566 moniales
482 541 591 565 omnes
617 536 646 564 et
670 530 811 574 singulae
835 530 937 563 eidem
957 529 1049 562 Petro

310 585 473 626 moderno,
491 588 521 618 et
536 595 595 628 pro
622 589 764 628 tempore
788 583 931 617 existenti
949 582 1050 615 dictae

309 638 568 682 Congregationis
578 637 713 671 Oratorii
731 637 910 681 praeposito
924 646 1051 679 genera-

310 692 342 734 li,
356 697 386 726 et
402 692 470 726 aliis
484 692 606 726 duobus
617 691 795 736 praedictis,
809 696 968 734 tamquam
987 689 1051 722 suis

311 745 526 791 superioribus
543 746 627 779 iuxta
649 745 860 790 praesentium
874 744 1050 777 litterarum

310 803 455 833 tenorem
475 804 606 844 pareant
622 803 653 832 et
670 799 895 842 obtemperent,
912 796 1050 840 alioquin

312 853 514 894 sententiam,
540 853 604 886 sive
627 862 775 897 poenam,
800 861 894 894 quam
919 850 978 883 rite
1003 855 1050 882 tu-

312 907 384 941 lerit
408 918 464 941 seu
487 906 630 941 statuerit
652 906 685 938 in
708 905 851 945 rebelleS,
876 907 976 938 ratam
1000 903 1069 941 ha·‚

313 961 456 994 bebimus
487 966 518 994 et
551 960 719 1000 faciemus,
743 963 872 991 auctore
900 957 1050 997 Domino,

312 1025 412 1059 usque
427 1014 466 1047 ad
490 1013 732 1047 satisfactionem
750 1011 938 1054 condignam
956 1010 1052 1043 invio-

311 1067 448 1101 labiliter
463 1066 635 1100 observari.

357 1121 372 1164 ξ
397 1120 425 1153 7.
454 1120 664 1153 Decernentes
691 1119 897 1152 nihilominus
928 1117 1052 1161 praedi-

313 1177 393 1214 ctas,
418 1178 448 1206 et
471 1177 651 1217 praesentes
682 1172 816 1212 litteras,
842 1174 872 1205 et
894 1170 997 1203 onmia
1023 1161 1070 1202 etl

312 1226 436 1269 singula
454 1226 487 1259 in
511 1226 572 1259 illis
597 1230 759 1265 contenta,
784 1224 883 1257 valida
908 1224 999 1256 firma
1024 1228 1070 1255 etz

312 1280 451 1313 efficacia
467 1290 535 1313 esse
547 1285 576 1313 et
594 1280 670 1320 sore,
683 1289 718 1312 ac
732 1278 770 1311 ab
788 1277 935 1311 omnibus
952 1282 979 1310 et
995 1276 1053 1309 sin·
1069 1305 1071 1320 ι

313 1333 395 1376 gulis
424 1333 593 1377 praedictis
622 1332 844 1365 inviolabiliter
876 1325 1071 1378 miserim-r}

313 1391 343 1419 et
367 1386 409 1419 ita
425 1396 482 1431 per
499 1396 716 1430 quoscumque
732 1385 851 1418 iudices
875 1383 1053 1417 ordinarios

314 1444 344 1472 et
364 1439 534 1483 delegatos,
548 1439 641 1472 etiam
659 1448 825 1472 causarum
848 1437 954 1481 palatii
979 1447 1052 1480 apo-

314 1494 416 1527 stolici
436 1494 606 1534 auditores,
623 1493 739 1537 ubique
765 1492 897 1525 iudicari
926 1496 956 1524 et
981 1490 1055 1523 defi-

313 1547 374 1581 niri
398 1548 524 1588 debere,
542 1559 577 1581 ac
591 1547 715 1581 irritum
740 1551 770 1580 ct
794 1547 885 1579 inane
902 1545 1053 1589 quidquid

313 1611 404 1635 secus
417 1612 511 1646 super
530 1601 578 1634 his
603 1612 620 1634 a
638 1611 807 1645 quoquam,
824 1600 933 1644 quavis
952 1604 1055 1632 aueto—

314 1655 414 1696 ritate,
439 1655 574 1689 scienter
600 1655 645 1688 vel
670 1655 862 1698 ignoranter,
888 1653 1072 1696 contigat-it

315 1709 470 1743 attentari.

360 1763 375 1807 g
388 1762 417 1797 8.
431 1764 500 1798 Non
515 1763 712 1797 obstantibus
725 1762 871 1796 omnibus
888 1762 958 1797 illis„
977 1772 1054 1805 quae

316 1816 417 1851 dictus
440 1817 554 1851 Paulus
578 1817 803 1861 praedecessor
828 1816 859 1849 in
876 1815 993 1849 eisdem
1010 1815 1072 1847 lit-¹

316 1871 391 1904 teris
416 1871 513 1904 voluit
536 1881 599 1904 non
624 1871 762 1906 obstare,
788 1870 960 1912 ceterisque
986 1879 1056 1901 eon-

317 1923 422 1957 trariis
438 1924 699 1968 quibuscumque.

360 1977 473 2010 Datum
493 1978 625 2018 Romae,
650 1977 731 2021 apud
748 1982 889 2010 sanctum
916 1976 1054 2015 Petrum,

317 2030 375 2063 sub
384 2031 500 2065 annulo
508 2031 686 2072 piscatoris,
696 2031 746 2064 die
756 2042 799 2065 xx
810 2030 914 2065 martii
925 2039 1054 2067 Mncxxi,

317 2084 516 2127 pontificatus
533 2084 631 2118 nostri
649 2094 730 2117 anno
749 2095 767 2117 i.
916 2121 920 2124 ,

353 2147 411 2174 Dat.
433 2148 476 2176 die
495 2149 530 2175 20
550 2148 639 2175 martii
653 2147 733 2182 1621,
750 2147 846 2182 pontit.
863 2155 906 2173 an.
925 2153 941 2172 i.

676 2271 710 2304 v.

319 2354 519 2388 Monasteria
530 2352 729 2386 monialium
740 2353 991 2395 reformaturum
1003 2349 1059 2384 Or-

365 2408 453 2443 dinis
469 2408 575 2447 sanczi
594 2406 762 2440 Benedicti
779 2406 811 2438 in
834 2415 932 2447 reyno
948 2404 1057 2437 Fran-
1073 2394 1075 2399 ’

363 2463 431 2495 ciae
444 2462 694 2495 committuntur
714 2471 808 2493 curae
827 2458 1009 2492 cardinalis
1022 2458 1059 2490 de

363 2515 435 2557 Rez,
457 2515 692 2558 archiepiscopi
704 2513 907 2551 Senonensis5
924 2516 952 2544 et
969 2522 1060 2554 supe-
1075 2534 1076 2539 ,

364 2569 463 2602 rioris
473 2568 706 2602 monachorum
721 2568 970 2610 reformatorwn
981 2566 1061 2598 eius-

365 2621 437 2655 dem
452 2620 587 2655 Ordinis
602 2621 708 2654 sancti
727 2619 897 2653 Benedicti
909 2618 926 2650 ¹.

361 2684 372 2710 t
393 2682 431 2711 Ex
449 2682 560 2719 aegest.
582 2684 609 2710 in
628 2683 730 2712 secret.
753 2681 828 2709 Brev.

1727 254 1788 287 507
1836 263 1884 289 Αη.
1901 262 1928 289 c,
1952 262 2015 289 1621

1283 314 1442 350 Gregorius
1462 314 1540 348 Papa
1560 313 1617 347 XV,

1206 361 1241 387 ad
1259 363 1434 394 perpetuam
1450 358 1494 387 rei
1513 357 1693 386 memoriam.

1127 422 1172 455 Ad
1196 421 1356 454 militantis
1374 420 1528 454 Ecclesiae
1546 420 1699 463 regimen,
1717 418 1822 451 divina

1083 475 1298 519 dispositione,
1316 473 1435 507 meritis
1460 474 1532 506 licet
1557 472 1732 517 imparibus
1752 480 1822 504 eve-

1084 528 1134 569 cti,
1160 528 1236 560 illud
1261 538 1337 571 prae
1362 526 1474 560 ceteris
1499 526 1674 560 curandum
1698 535 1819 570 propo-

1084 581 1214 621 suimus,
1227 586 1259 613 ut
1269 581 1491 623 religiosorum
1501 580 1633 613 Ordines
1645 579 1684 613 ad
1697 579 1823 624 pristini

1084 635 1236 678 cuiusque
1262 635 1416 677 regularis
1448 644 1559 667 eorum
1588 633 1720 666 instituti
1749 643 1824 666 nor-

1084 698 1178 729 mam,
1203 693 1353 731 quantum
1380 698 1451 721 cum
1481 687 1614 720 Domino
1638 696 1824 730 possumuS‚

1085 742 1319 783 reduceremus
1334 748 1364 775 et
1376 746 1553 786 propterea,
1566 740 1620 784 qui
1641 743 1697 773 sua
1715 743 1824 784 sponte

1085 795 1247 838 religionis
1272 800 1302 828 et
1318 795 1462 828 arctioris
1480 794 1559 828 vitae
1577 793 1643 827 zelo
1660 792 1745 827 ducti
1765 792 1825 836 pri-

1085 849 1183 881 stinae
1207 849 1346 891 regulae,
1371 858 1465 891 quani
1489 858 1562 880 suae
1588 847 1750 889 religionis
1775 856 1826 879 au-

1085 906 1188 935 ctores
1201 906 1417 945 susceperunt,
1428 901 1659 934 observantiam
1679 900 1826 944 amplecti

1085 961 1113 988 et
1123 956 1161 988 de
1170 961 1275 988 cetero
1289 954 1402 987 sectari
1419 953 1607 994 desiderant,
1622 953 1749 986 eosdem
1762 963 1825 986 non

1085 1009 1187 1042 solum
1208 1008 1239 1041 in
1260 1019 1370 1041 eorum
1390 1008 1553 1051 proposito
1573 1008 1751 1048 confovere,
1772 1006 1826 1039 sed

1086 1063 1179 1096 etiam
1197 1062 1382 1106 opportunis
1402 1062 1561 1095 favoribus
1581 1067 1611 1095 et
1627 1061 1736 1104 gratiis
1757 1071 1826 1104 pro-

1086 1116 1173 1160 sequi
1191 1117 1337 1149 solemus.

1131 1170 1146 1213 J}
1170 1170 1199 1203 1.
1218 1169 1340 1214 Exponi
1356 1169 1513 1213 siquidem
1529 1169 1620 1202 nobis
1637 1179 1738 1212 nuper
1755 1168 1829 1201 fecit
1868 1176 1964 1198 sonuum
1983 1182 2026 1198 mo.

1087 1224 1289 1257 charissimus
1302 1224 1334 1256 in
1346 1223 1469 1257 Christo
1479 1223 1563 1256 filius
1578 1226 1685 1256 noster
1697 1221 1828 1255 Ludovi-
1842 1203 2028 1251 l'ssssffisszffll'sslt

1844 1264 1862 1277 m
1879 1257 1947 1277 Gallia
1967 1263 2027 1282 rupu-

1087 1289 1141 1311 ous
1158 1278 1354 1311 Francorum
1371 1287 1426 1309 rex
1441 1275 1729 1316 christianissimus,
1743 1274 1827 1319 quod
1844 1284 1952 1304 mmmm
1971 1289 2028 1303 com.

1843 1311 1905 1331 missa
1917 1316 1980 1331 curae
1990 1309 2028 1331 at-

1087 1342 1149 1364 non
1174 1331 1215 1364 ita
1239 1330 1362 1375 pridem
1387 1340 1485 1363 unum
1508 1329 1735 1363 monasterium
1760 1338 1828 1361 mo·
1844 1338 1899 1374 ως
1940 1342 2027 1366 geum<

1087 1385 1217 1417 nialium
1238 1384 1481 1417 reformatarum
1507 1386 1759 1426 nuncupatarum
1777 1380 1830 1415 Or·
1844 1364 2026 1412 gsScfflreffipo-

1088 1438 1168 1469 dinis
1192 1437 1289 1470 saneti
1309 1437 1467 1470 Benedicti
1489 1437 1547 1470 sub
1571 1436 1652 1468 illius
1670 1435 1830 1479 primitiva

1088 1491 1198 1533 regula
1221 1490 1253 1523 in
1277 1490 1473 1530 pictaviensi,
1496 1494 1526 1522 et
1551 1489 1725 1522 successive
1742 1488 1781 1520 ad
1798 1488 1831 1519 il—

1089 1546 1147 1578 lius
1173 1545 1268 1577 instar
1293 1545 1378 1578 aliud
1398 1545 1430 1577 in
1446 1543 1674 1587 Andegavensi,
1692 1553 1728 1576 ac
1745 1542 1830 1575 aliud

1089 1599 1119 1631 in
1139 1599 1293 1632 Leonensi
1311 1598 1499 1639 civitatibus,
1514 1608 1571 1631 nec
1592 1608 1656 1631 non
1671 1597 1829 1640 reliquum

1090 1653 1120 1685 in
1134 1652 1250 1696 oppido
1268 1652 1355 1685 della
1372 1652 1433 1685 Val
1449 1651 1694 1685 Cenomanensis
1710 1650 1831 1683 dioece-

1089 1707 1130 1739 sis
1155 1706 1345 1740 monasteria
1370 1710 1485 1746 erecta,
1502 1716 1538 1738 ac
1562 1715 1656 1738 curae
1673 1710 1704 1737 et
1719 1704 1832 1747 guber-

1089 1761 1140 1793 nio
1165 1760 1353 1793 dilectorum
1377 1760 1516 1793 filiorum
1533 1758 1654 1791 abbatis
1675 1757 1831 1800 generalis

1089 1819 1116 1845 et
1136 1814 1364 1846 monachorum
1383 1811 1637 1855 congregationis
1650 1811 1760 1844 beatae
1773 1811 1831 1844 Ma-

1089 1867 1154 1899 riae
1182 1866 1336 1899 Fuliensis
1367 1866 1461 1899 etiam
1489 1869 1689 1909 nuncupatae
1717 1864 1832 1897 Cister-

1089 1920 1185 1953 cienis
1210 1920 1335 1953 Ordinis
1352 1919 1521 1953 commissa
1537 1919 1675 1959 suerunt,
1690 1928 1749 1951 nec
1768 1927 1831 1950 non

1089 1974 1127 2006 ad
1152 1973 1342 2007 monasteria
1359 1972 1540 2006 huiusmodi
1558 1971 1717 2015 quondam
1735 1973 1831 2004 Anto—

1090 2027 1139 2059 nia
1164 2027 1203 2060 do
1227 2027 1367 2066 Orleans‚
1387 2025 1462 2058 dum
1488 2025 1573 2066 vixit,
1598 2024 1750 2068 priorissa
1767 2035 1832 2057 mo-

1090 2081 1216 2114 nasterii
1242 2080 1425 2114 monialium
1451 2080 1489 2113 de
1514 2080 1683 2113 Lencastro
1707 2078 1833 2112 Ordinis

1091 2136 1196 2169 Fontis
1212 2135 1339 2169 Ebraldi
1356 2134 1413 2168 sub
1429 2134 1540 2177 regula
1558 2134 1656 2167 sancti
1674 2132 1833 2166 Benedicti

1092 2189 1291 2222 Pirtaviensis
1316 2188 1486 2229 dioecesis,
1510 2198 1545 2220 ac
1577 2187 1720 2220 diversae
1751 2184 1829 2218 aliae

1090 2243 1164 2275 dieti
1195 2241 1376 2276 monasterii
1405 2241 1557 2275 moniales
1587 2239 1727 2273 melioris
1752 2239 1832 2271 vitae

1091 2296 1192 2329 studio
1217 2296 1339 2336 ductae,
1364 2295 1401 2328 de
1426 2294 1551 2328 licentia
1573 2293 1660 2326 Sedis
1677 2292 1833 2336 Apostoli-

1091 2361 1157 2389 eae,
1176 2361 1209 2383 se
1225 2349 1463 2384 transtulerunt.

1136 2405 1150 2445 ξ
1174 2404 1202 2436 2.
1225 2403 1301 2436 Cum
1326 2407 1440 2439 autem,
1458 2402 1537 2435 sicut
1553 2401 1661 2434 eadem
1679 2400 1832 2444 expositio

1092 2456 1309 2499 subiungebat,
1323 2466 1398 2488 cura
1423 2460 1453 2487 et
1469 2455 1658 2498 gubernium
1676 2453 1831 2487 dictorum
1848 2458 2031 2506 ffoofeinfurffiaffg

1093 2509 1356 2542 iumiasteriorum
1366 2508 1565 2551 regularibus
1576 2507 1760 2541 eorumdem
1770 2517 1835 2540 mo·
1849 2512 1968 2559 },¹3;{⁰{.}5}¹;
1995 2517 2033 2558 gg}

1093 2564 1265 2596 nat-horum
1284 2561 1432 2595 institutis
1446 2561 1645 2595 adversetur:
1663 2567 1694 2595 et
1709 2566 1836 2605 propte·
1849 2543 1992 2587 demandarip

1092 2627 1147 2650 rea
1165 2616 1214 2649 his
1236 2621 1266 2649 et
1289 2615 1359 2648 aliis
1382 2615 1477 2649 certis
1501 2615 1538 2649 de
1560 2615 1662 2649 causis
1682 2615 1779 2648 abbas
1804 2619 1833 2647 et

1093 2670 1238 2703 monachi
1273 2669 1453 2702 huiusmodi
1488 2679 1581 2702 curae
1615 2672 1642 2703 et
1679 2669 1832 2711 gubernio

1865 430 1997 454 Prooemium

1924 2405 2033 2426 Dimiaesim

1848 2434 1922 2458 postea
1960 2432 2029 2453 huius·
