2293 3231
5 139 7 142 -
0 5 15 135 sat-*u-

117 297 170 324 An.
187 295 215 323 C.
237 296 305 324 1614

173 1626 293 1647 net-larario

110 1653 167 1680 quod
210 1652 294 1678 praedi-

110 1682 166 1700 ctae.
180 1679 294 1700 electiones

110 1707 161 1726 siant
212 1706 293 1732 :imque

109 1733 186 1753 sciam.

148 2524 239 2545 Aliorum
255 2530 291 2544 au-

107 2553 148 2571 lein
171 2556 208 2576 per
231 2551 291 2571 tabas

107 2579 206 2598 secretas.

960 298 1078 321 nactus

316 343 346 376 in
370 343 644 377 constitutionibus
661 344 733 377 dicti
759 344 882 378 Ordinis
907 345 987 377 inter
1004 352 1072 377 coe-1

315 393 383 429 tera'
405 401 554 438 cavetur,
579 398 683 441 quod,
710 399 739 430 in
764 398 916 431 electione
941 398 1072 442 prioris⁴

314 449 470 492 generalis
484 449 673 491 huiusmodi,
684 451 794 497 'scriba
804 451 835 483 in
849 451 956 494 paucis
969 451 1055 483 schc-
1070 442 1072 467 ’ἶ

314 501 396 535 dulis
421 501 537 535 scribat
561 503 651 546 plura
675 503 802 536 nomina
819 509 850 536 et
866 503 1055 546 cognomina

314 554 437 587 diversa
462 560 587 599 patrum
619 556 656 588 ab
681 556 869 589 electoribus
894 556 1000 600 petita,
1025 561 1071 598 et1

314 607 398 651 quod
411 608 626 652 unusquisque
636 620 672 641 ex
691 609 879 642 electoribus
892 614 976 652 petat
990 609 1055 652 plu·
1069 605 1071 618 ¹

313 671 347 694 ra
363 660 491 694 nomina
507 661 705 694 diversorum
731 662 762 694 in
779 661 911 694 diversis
926 660 1055 694 schedu-
1069 684 1071 711 l

313 713 351 746 lis
376 713 481 754 scribi,
499 724 536 746 ex
561 714 675 757 quibus
699 714 784 747 illam
808 719 928 747 tantum
953 714 1071 754 mittat:

313 765 345 798 in
368 765 508 807 bussula‚
525 766 557 799 in
574 777 635 810 qua
652 767 746 800 suerit
761 776 877 800 nomen
894 771 923 799 et
940 777 1054 809 cogno·
1069 759 1071 763 ¹

313 828 385 851 men
409 818 492 852 illius
516 819 630 862 patris,
655 830 748 863 quem
773 819 839 863 ipse
863 819 998 852 voluerit
1021 819 1071 851 in=

312 870 451 915 priorem
477 872 658 915 generalem
679 872 810 916 eligere)
828 871 965 904 dubitari
982 881 1054 904 con-

312 923 438 967 tigerit,
464 934 503 957 an
534 935 592 969 per
623 924 880 959 Constitutionem
912 929 1051 958 nostram

312 976 558 1020 suprascriptam
584 977 706 1010 scribae
721 976 931 1009 ministerium
949 976 1053 1009 huius-

311 1028 397 1062 modi
422 1028 579 1062 sublatum
604 1029 706 1069 suerit,
736 1029 778 1061 ita
801 1033 835 1061 ut
859 1028 986 1061 nomina
1010 1028 1053 1061 di-

311 1091 477 1115 versorum
508 1082 641 1115 fratrum
670 1082 709 1114 ab
738 1081 928 1115 electoribus
955 1081 1052 1125 petita

310 1144 368 1178 per
382 1133 519 1167 scribam
535 1133 567 1167 in
583 1134 716 1167 diversis
733 1133 900 1174 schedulis,
914 1138 947 1166 ut
964 1144 1053 1178 prae-

310 1187 419 1227 fertur,
430 1186 526 1220 scribi
539 1187 675 1231 amplius
690 1197 752 1220 non
766 1187 900 1231 possint3
917 1191 947 1220 et
964 1198 1052 1230 prae-

310 1245 411 1281 terea,
436 1240 584 1284 quoniam
610 1241 701 1274 nobis
725 1241 858 1274 innotuit
883 1241 1051 1274 electiones

310 1293 454 1337 priorum
479 1294 719 1337 provincialium
744 1300 774 1327 et
798 1295 1050 1327 conventualium

310 1348 506 1391 aliorumque
531 1348 712 1381 officialium
730 1348 761 1380 in
786 1348 931 1391 capitulis
955 1359 1050 1391 genc-

309 1402 428 1435 ralibus
453 1408 483 1434 et
507 1402 753 1445 provincialibus
789 1402 964 1446 respective
993 1414 1051 1446 per

310 1460 429 1489 secreta
453 1462 483 1488 et
507 1456 611 1488 clausa
633 1456 791 1498 suffragia,
808 1461 840 1488 ut
863 1457 1068 1499 praefertur„

310 1509 368 1543 hoc
394 1514 440 1542 est
464 1519 521 1553 per
537 1514 673 1542 secretas
695 1508 859 1541 schedulas
876 1509 915 1542 ob
940 1520 1049 1542 eorum

310 1562 542 1596 multitudinem
560 1562 685 1595 difficile
703 1563 771 1595 sieri
790 1573 894 1606 posse:

354 1618 369 1660 ᾗ
393 1616 422 1649 2.
440 1617 513 1656 Nos,
532 1617 604 1650 licet
627 1616 811 1650 Constitutio
837 1620 942 1650 nostra
962 1628 1051 1660 prae-

309 1670 393 1703 dicta
417 1670 490 1703 satis
515 1675 622 1714 aperta
648 1671 703 1709 sit,
729 1671 765 1702 ad
791 1681 917 1703 onmem
946 1676 1049 1703 tamen

309 1723 489 1766 ambigendi
507 1723 704 1756 occasionem
729 1723 907 1763 tollendam,
929 1734 1049 1756 omnes-

308 1788 368 1820 que
407 1777 682 1820 interpretationes
718 1776 846 1810 Concilii
877 1776 1049 1810 Tridentini

308 1829 463 1869 decretis,
489 1833 676 1873 nostraeque
706 1830 823 1870 menti,
849 1835 878 1862 et
911 1836 1047 1863 secretae

307 1882 454 1916 electioni
487 1883 662 1916 contrarias
694 1883 819 1927 penitus
844 1883 994 1916 arcendas
1019 1890 1047 1917 et

306 1935 531 1980 prohibendus,
552 1941 581 1969 et
608 1937 645 1968 ad
663 1935 869 1979 amputandas
886 1947 1049 1980 quascum-

307 1999 367 2033 que
393 1989 601 2029 difficultates,
618 2000 696 2033 quae
721 1994 847 2032 possent
873 1990 903 2022 in
928 1990 1049 2033 praedi-

307 2042 365 2075 ctis
390 2042 595 2075 electionibus
625 2042 761 2083 exoriri,
791 2043 964 2086 apostolica
997 2054 1048 2076 au-

307 2094 460 2134 ctoritate,
479 2099 587 2128 tenore
606 2095 827 2138 praesentium,
840 2095 1046 2138 declaramus,

308 2147 429 2180 scribae
455 2147 664 2180 ministerium
689 2148 902 2191 praedictum,
927 2153 989 2182 tam
1016 2149 1047 2182 in

307 2201 459 2235 electione
484 2200 600 2244 prioris
617 2201 783 2243 generalis,
801 2212 895 2245 quam
911 2194 1045 2236 aliorum

306 2264 579 2298 quorumcumque
598 2254 798 2297 superiorum
819 2260 849 2287 et
866 2255 1046 2288 officialium

306 2307 502 2348 huiusmodi,
527 2307 668 2340 adhiberi
701 2308 829 2341 minime
859 2319 967 2352 posse,
993 2301 1065 2342 sed¹

307 2360 477 2394 electiones
500 2360 676 2404 praedictas
703 2361 820 2405 absque
851 2362 918 2394 eius
942 2362 1046 2396 minis-

307 2413 397 2455 terio,
413 2418 444 2446 et
459 2413 639 2447 omnimode
657 2419 801 2455 secretas,
819 2415 903 2448 iuxta
920 2415 1045 2448 decreta

306 2466 459 2511 praedicti
476 2467 605 2501 Concilii
629 2467 801 2500 Tridentini
823 2478 890 2501 esse
918 2468 1043 2502 debere.

351 2520 366 2563 ξ
389 2518 419 2553 3.
449 2521 582 2564 Insuper
606 2520 774 2554 electiones
804 2521 947 2565 priorum
972 2533 1045 2566 pro-

306 2573 486 2606 vincialium
511 2579 541 2606 et
565 2574 829 2615 conventualium,
847 2575 1043 2619 aliorumque

305 2625 486 2659 officialium
503 2627 633 2670 (prioris
657 2633 687 2660 et
710 2629 924 2671 procuratoris
949 2639 1043 2672 gene-

305 2679 390 2719 ralis,
415 2689 450 2712 ac
475 2680 684 2713 assistentium
709 2681 741 2712 in
761 2681 962 2724 generalibus
986 2691 1042 2714 nec

388 2739 466 2767 Buzl.
487 2739 569 2767 Rom.
586 2756 619 2760 —
639 2741 696 2767 Vol.
713 2740 776 2769 XII.
957 2741 990 2770 34

1104 298 1122 319 v
1148 299 1194 321 pp,
1736 288 1799 322 265
1846 301 1892 325 An,
1910 299 1936 324 ιι.
1961 300 2025 324 1614

1089 355 1150 377 non
1179 345 1323 389 priorum
1353 346 1496 379 similiter
1528 345 1767 389 provincialium
1800 352 1830 378 et

1089 397 1294 431 diffinitorum
1320 398 1350 430 in
1386 398 1632 442 provincialibus
1663 398 1827 442 capitulis,

1088 451 1293 483 electionibus
1310 451 1469 485 dumtaxat
1485 452 1635 495 exceptis)
1654 463 1709 495 per
1731 462 1829 485 secre-

1088 508 1134 535 tas
1158 503 1243 536 fabas
1267 504 1335 536 fieri
1361 515 1451 548 posse
1483 504 1681 538 decernimus
1710 505 1828 548 pariter

1088 562 1117 589 et
1143 556 1347 589 declaramus.

1131 609 1146 652 ἓ
1163 608 1191 641 4.
1208 609 1320 653 Sicque
1336 621 1393 653 per
1414 621 1630 654 quoscumque
1647 611 1765 644 iudices
1781 622 1829 644 or-

1087 661 1226 696 dinarios
1249 667 1279 695 et
1303 662 1478 705 delegatos,
1504 664 1613 707 quavis
1644 664 1828 698 auctoritate

1086 713 1262 757 fungentes,
1279 714 1374 747 etiam
1399 725 1564 748 causarum
1584 716 1690 759 palatii
1708 720 1829 759 aposto-

1883 625 1979 647 C'nusula
1996 632 2027 646 su·

1843 652 1904 677 blata.
1921 655 1960 673 etc.

1070 769 1071 776 ¹
1087 765 1138 799 lici
1155 766 1325 807 auditores,
1342 772 1373 800 et
1389 768 1417 800 S.
1439 768 1473 800 R.
1492 768 1523 800 E,
1543 768 1718 801 cardinales
1739 768 1828 811 (sub-

1087 819 1149 851 lata
1179 819 1224 852 eis
1255 824 1285 852 et
1316 830 1427 853 eorum
1453 819 1580 853 cuilibet
1605 820 1712 863 quavis
1738 820 1828 854 aliter

1086 871 1244 904 iudicandi
1268 876 1298 906 et
1322 872 1550 916 interpretandi
1568 873 1712 906 facultate
1730 879 1761 906 et
1777 883 1829 906 au-

1086 924 1244 967 ctoritate)
1269 924 1401 958 iudicari
1427 930 1456 957 et
1485 925 1611 957 diffiniri
1643 926 1768 966 debere,
1793 936 1828 959 ac

1086 977 1210 1010 irritum
1240 983 1270 1010 et
1301 978 1414 1018 inane,
1440 978 1464 1010 si
1490 989 1579 1011 secus
1610 989 1706 1022 super
1738 979 1786 1012 his
1811 990 1828 1012 a

1085 1041 1256 1074 quoquam,
1281 1031 1391 1074 quavis
1415 1032 1611 1072 auctoritate,
1629 1032 1763 1065 scienter
1779 1033 1827 1065 vel

1085 1083 1278 1125 ignoranter,
1303 1083 1472 1127 contigerit
1495 1084 1658 1125 attentari,
1684 1084 1827 1117 similiter

1085 1136 1293 1169 decernimus.

1129 1190 1144 1232 ἓ
1161 1189 1190 1223 5.
1203 1190 1272 1223 Non
1284 1190 1481 1223 obstantibus
1497 1190 1645 1223 omnibus
1659 1190 1730 1231 illis,
1747 1202 1826 1234 quae
1867 1205 1978 1236 cumin
1989 1206 2024 1227 ‹10-

1085 1242 1115 1275 in
1135 1242 1248 1275 litteris
1272 1243 1389 1276 nostris
1405 1243 1573 1287 praedictis
1591 1244 1747 1276 voluimus
1763 1254 1825 1277 non
1841 1234 1969 1258 ‘⁰⁸³¹⁰¹'³⁶'

1085 1295 1219 1335 obstare,
1237 1295 1412 1339 ceterisque
1437 1296 1602 1329 contrariis
1627 1296 1826 1339 quibuscum-

1084 1359 1154 1391 que.

1129 1403 1142 1445 ἓ
1167 1402 1196 1434 6.
1224 1403 1371 1436 Volumus
1396 1408 1558 1443 autem‚ut
1577 1410 1757 1447 praesentes
1774 1415 1826 1438 no·
1854 1416 2024 1445 >militantum-

1085 1462 1166 1489 strae
1184 1456 1215 1488 in
1232 1456 1370 1501 capitulo
1384 1458 1582 1490 conventuali
1599 1458 1712 1490 domus
1726 1458 1823 1490 sancti
1839 1443 1922 1463 cmm

1084 1510 1249 1551 Augustini
1274 1510 1311 1543 de
1336 1510 1430 1551 Urbe,
1447 1511 1478 1543 in
1499 1522 1560 1553 quo
1586 1511 1675 1555 prior
1691 1522 1823 1554 genera-

1085 1562 1131 1602 lis,
1156 1573 1191 1595 ac
1216 1568 1406 1606 procurator
1435 1564 1529 1596 etiam
1562 1564 1718 1606 generalis
1750 1564 1824 1596 dicti

1084 1616 1218 1656 Ordinis,
1233 1627 1289 1648 nec
1314 1627 1377 1649 non
1398 1617 1578 1649 assistentes
1595 1628 1663 1649 esse
1681 1617 1824 1657 debeant,

1084 1669 1182 1701 lectae
1207 1674 1237 1701 et
1261 1670 1449 1713 publicatae,
1474 1670 1605 1713 perinde
1630 1681 1739 1703 onmes
1757 1670 1823 1702 affi-

1085 1723 1175 1761 ciant,
1189 1733 1223 1754 ac
1245 1722 1268 1754 si
1287 1722 1318 1754 in
1335 1723 1472 1766 capitulo
1489 1723 1626 1765 generali
1646 1723 1822 1766 publicatae

1084 1780 1113 1807 et
1130 1775 1267 1818 legitime
1285 1775 1445 1808 intimatae
1462 1776 1607 1815 fuissent;

1128 1830 1142 1871 ,ξ
1168 1828 1194 1861 7.
1222 1829 1321 1872 thue
1347 1840 1455 1861 earum
1485 1830 1710 1873 transumptis,
1728 1829 1821 1862 etiam
1887 1839 1948 1860 mes
1966 1842 2021 1860 sran-

1082 1880 1255 1924 impressis,
1281 1892 1375 1913 manu
1404 1882 1536 1914 alicuius
1566 1882 1680 1915 notarii
1703 1882 1821 1925 publici
1837 1869 1975 1892 ³⁰³³¹⁴⁴¹¹m

1083 1934 1278 1978 subscriptiS,
1295 1939 1325 1966 et
1349 1935 1452 1977 sigillo
1470 1934 1602 1967 alicuius
1619 1945 1772 1978 personae
1791 1935 1821 1966 in

1082 1987 1231 2030 dignitate
1250 1988 1459 2020 ecclesiastiea
1478 1988 1663 2021 constitutae
1684 1988 1821 2028 munitis,

1082 2041 1190 2073 cadem
1216 2052 1348 2085 prorsus
1364 2041 1442 2074 fides
1460 2041 1655 2081 adhibeatur,
1674 2052 1752 2085 quae
1766 2042 1823 2074 eis-

1083 2094 1153 2128 dem
1178 2095 1397 2139 praesentibus
1423 2095 1643 2133 adhiberetur,
1669 2095 1693 2127 si
1720 2095 1822 2128 forent

1081 2148 1236 2181 exhibitae
1255 2149 1303 2181 vel
1320 2154 1472 2181 ostensae.

1125 2201 1238 2234 Datum
1264 2202 1380 2235 Romae
1407 2202 1490 2245 apud
1521 2202 1548 2234 S.
1575 2201 1704 2234 Mariam
1730 2201 1822 2234 Maio-

1081 2266 1159 2297 rem,
1185 2256 1242 2288 sub
1267 2256 1383 2289 annulo
1408 2255 1585 2296 Piscatoris‚
1604 2255 1653 2288 die.
1676 2265 1729 2287 xu'
1754 2255 1819 2288 iulii

1081 2319 1210 2349 nncxw,
1229 2309 1430 2353 pontificatus
1453 2308 1553 2341 nostri
1578 2318 1660 2341 anno
1686 2318 1714 2341 x.

1117 2371 1174 2399 Dat.
1193 2371 1236 2400 die
1249 2372 1283 2399 14
1299 2371 1356 2399 iulii
1374 2372 1451 2405 1614,
1468 2370 1563 2406 pontif.
1588 2378 1631 2397 an.
1649 2377 1675 2396 x.

1402 2547 1478 2581 CCL.

1079 2629 1242 2665 Concessio
1268 2638 1345 2660 usus
1366 2628 1514 2672 perpetui
1540 2628 1690 2661 ecclesiae
1712 2629 1818 2661 sancti

1122 2681 1336 2715 Pantaleom's
1361 2680 1398 2714 de
1418 2680 1498 2714 Urbe
1517 2681 1604 2724 sacta
1629 2681 1816 2726 Conqreqass
