2293 3231
916 254 1011 280 mnnx
1036 255 1140 280 annun
1679 249 1743 285 847

343 307 506 344 observari
523 308 625 349 faciat,
649 306 726 341 ibid.
749 305 834 340 Alias
852 316 893 340 ex
914 305 1035 341 Ordine
1061 306 1300 343 Carmelitarum
1323 309 1603 353 congregationem
1618 309 1790 355 Hispaniae

343 367 374 398 et
389 362 496 397 Italiae
523 363 679 403 univerat‚
707 361 767 393 199
785 360 817 400 b;
846 364 953 404 postea
981 365 1117 403 revocat,
1133 362 1207 395 ibid.
1235 367 1264 397 ct
1281 365 1486 397 seminarium
1504 366 1535 398 in
1553 363 1638 398 Urbe
1655 366 1789 400 instituit

342 417 418 451 dicti
443 415 573 452 Ordinis
597 414 859 458 Congregationis
882 413 989 447 Italiae
1022 425 1078 458 pro
1104 414 1294 449 christianae
1324 417 1397 450 tidei
1416 419 1655 461 propagatione,
1682 419 1744 452 200
1758 429 1786 451 α.

339 470 453 504 Statuit
476 470 622 504 doctores
647 468 773 512 collegii
798 468 978 501 Borromaei
1002 470 1031 501 et
1056 472 1296 502 conservatores
1320 469 1532 504 bibliothecae
1557 470 1787 505 Ambrosianae

341 523 460 557 debere
485 532 554 556 esse
580 522 821 562 ecclesiasticos,
848 520 908 553 201
937 523 966 554 et
990 530 1051 564 seq.
1085 519 1260 564 Collegium
1294 522 1507 557 Hibernorum
1543 523 1787 568 Ulyssiponenso

339 578 451 610 eximit
482 585 500 610 a
536 575 755 609 iurisdictione
794 572 972 615 Ordinarii,
1014 573 1075 607 204
1112 574 1138 606 b.
1170 575 1306 609 Instituit
1336 576 1621 621 Congregationem
1649 577 1787 614 Oratorii

338 629 359 662 1.
383 628 412 662 C.
440 627 476 662 D.
497 627 532 662 N.
558 629 590 661 in
614 637 712 671 regno
737 627 888 661 Franciae
914 635 931 659 a
956 626 1047 660 Petro
1072 626 1111 660 de
1136 628 1260 662 Bcrulle
1286 630 1458 673 fundatam,
1486 632 1547 665 206
1566 635 1596 665 et
1619 642 1680 676 seq.
1703 631 1785 676 Regi

338 681 486 716 Poloniae
510 680 689 714 subsidium
706 678 839 724 praebet
854 678 1042 713 solvendum
1055 679 1094 713 ab
1112 682 1336 717 ecclesiasticis
1355 684 1416 718 210
1434 684 1449 717 b
1467 688 1497 718 et
1523 685 1585 718 256
1603 684 1628 718 b.
1653 684 1787 720 Decreta

341 734 381 768 de
406 733 515 768 habita
540 733 680 767 clericali
704 736 735 767 et
759 732 906 766 clausura
930 732 1115 767 monialium
1140 739 1170 769 et
1195 735 1418 771 observatione
1451 737 1586 771 Concilii
1609 737 1786 773 Tridentini

339 789 372 822 in
396 787 537 821 dioecesi
563 786 730 820 Leodiensi
756 787 789 819 in
813 785 983 826 Germat·
1008 788 1190 830 confirmat,
1217 791 1276 823 211
1305 794 1335 824 et
1357 802 1419 835 seq.
1446 791 1619 825 Confirmat
1651 794 1785 826 erectio-

341 850 414 876 nem
438 840 702 885 Congregationis
727 839 989 883 presbyterorum
1014 841 1203 877 secularium
1228 845 1260 877 in
1285 844 1427 879 Ecclesia
1451 846 1482 879 S.
1500 845 1660 880 Laurentii
1677 849 1708 880 in
1726 846 1787 881 Da-

336 904 424 930 maso
448 894 488 928 de
512 893 607 935 Urbe,
634 894 695 928 213
722 897 753 927 et
776 903 837 937 seq.
864 893 1072 928 Concordiam
1096 905 1168 929 cum
1192 896 1327 931 Caesare
1347 898 1473 932 Estensi
1490 909 1588 943 super
1604 901 1785 934 confinibus

337 952 513 983 castrorum
532 947 666 982 Roffenii
683 950 714 981 et
729 947 843 981 Montis
867 946 1010 980 Tui-turis
1034 957 1051 981 a
1076 948 1330 985 Bononiensibus
1347 953 1457 985 initam
1482 952 1656 994 confirmat,
1678 953 1739 987 217
1766 953 1784 986 b

338 1006 369 1037 et
400 1012 460 1046 seq.
486 1000 655 1046 Aliamque
689 1000 891 1034 concordiam
924 1010 1021 1044 super
1054 1004 1145 1046 aquis
1175 1002 1317 1046 Panarii,
1345 1005 1407 1039 224
1432 1005 1448 1038 b
1474 1008 1504 1038 et
1527 1015 1589 1050 seq.
1615 1006 1787 1041 Confirmat

336 1055 505 1100 privilegia
519 1055 732 1088 universitatis
745 1053 841 1087 studii
855 1053 1082 1097 Craeoviensis‚
1101 1056 1163 1089 222
1178 1057 1205 1090 b.
1218 1057 1405 1092 Cenetensis
1419 1060 1575 1093 ecclesiae
1590 1061 1658 1093 iura
1671 1063 1784 1102 tuetur,

337 1109 397 1143 241
425 1112 455 1143 et
480 1108 543 1141 268
568 1118 588 1140 α
611 1111 643 1141 et
666 1118 727 1151 seq.
753 1106 962 1140 Concordiam
986 1109 1068 1141 inter
1092 1112 1333 1145 communitates
1356 1111 1476 1145 Citerni
1502 1111 1606 1146 Status
1630 1112 1786 1146 Ecclesia·

335 1162 407 1195 stici
431 1164 462 1194 et
486 1159 661 1194 Monterchi
684 1161 715 1193 in
741 1159 881 1192 dominio
900 1162 1007 1202 magni
1032 1161 1123 1195 ducis
1147 1163 1315 1197 Hetruriae
1348 1175 1404 1207 pro
1433 1165 1621 1209 reparandis
1646 1165 1781 1200 alluvio-

335 1211 430 1247 nibus
465 1212 631 1246 ssuminum
655 1211 798 1246 Cerronis
831 1216 861 1245 et
890 1212 1058 1246 Rivianelti
1091 1215 1200 1249 initam
1225 1218 1410 1258 confirmat,
1438 1218 1498 1252 249
1534 1219 1550 1250 b
1575 1222 1605 1252 et
1628 1229 1690 1263 seq.
1715 1218 1785 1253 De-

341 1269 427 1301 creta
445 1267 546 1300 sancit
576 1274 672 1309 super
704 1264 824 1299 fabrica
856 1274 957 1299 novae
989 1266 1132 1310 Ripettae
1163 1269 1202 1301 ad
1235 1274 1379 1303 ornatum
1404 1270 1496 1304 Urbis
1521 1275 1552 1305 et
1576 1275 1786 1307 mercatorum

336 1321 478 1366 quietem
503 1320 576 1361 258,
602 1330 622 1353 a
646 1323 677 1353 et
700 1330 762 1364 seq.
787 1319 946 1353 Nuncium
976 1320 1182 1364 apostolicum
1207 1322 1246 1356 ad
1271 1322 1449 1357 Sabaudiae
1484 1324 1600 1358 ducem
1623 1327 1786 1360 constituit

336 1373 478 1409 iudicem
502 1382 669 1407 causarum
693 1374 724 1407 in
750 1373 941 1418 quibusdam
965 1373 1052 1415 locis,
1078 1375 1140 1408 262
1166 1376 1183 1408 b
1207 1380 1238 1409 et
1261 1387 1322 1420 seq.
1355 1376 1514 1411 Reformat
1543 1380 1729 1412 scrutinium
1755 1381 1786 1414 in

337 1425 547 1462 electionibus
571 1426 702 1461 Ordinis
728 1428 932 1460 eremitarum
956 1426 985 1460 S.
1011 1427 1190 1471 Augustini,
1217 1430 1279 1463 264
1305 1433 1335 1463 et
1359 1441 1420 1474 seq.
1445 1431 1599 1466 Concedit
1618 1432 1786 1467 ecclesiam

335 1481 366 1516 S.
383 1480 583 1515 PantaleonIS
600 1481 640 1514 de
657 1478 741 1514 Urbe
766 1478 1013 1523 congregationi
1037 1480 1225 1515 clericorum
1250 1482 1441 1516 secularium
1466 1483 1498 1517 B.
1515 1484 1643 1526 Mariae,
1669 1485 1731 1519 266
1756 1496 1785 1520 α.

334 1533 461 1570 Rituale
486 1543 651 1568 romanum
680 1534 712 1567 in
741 1536 1010 1568 sacramentorum
1046 1534 1318 1569 administratione
1345 1536 1539 1571 servandum
1564 1537 1685 1581 publici
1709 1540 1786 1573 iuris

335 1589 404 1625 fieri
429 1591 536 1630 curat,
563 1589 623 1622 267
650 1599 680 1621 a.
704 1587 890 1622 Provincias
915 1588 954 1622 de
979 1588 1130 1630 Peraiba,
1159 1589 1332 1624 ltamaraca
1364 1594 1393 1624 et
1424 1591 1606 1634 Riogrande
1630 1593 1661 1626 in
1685 1592 1784 1627 ludite

336 1640 587 1677 occidentalibus
611 1642 679 1675 unit
703 1642 887 1684 provinciae
905 1640 945 1674 de
968 1641 1197 1684 Pernambuco,
1221 1643 1279 1676 271
1304 1643 1321 1675 b
1339 1646 1369 1677 et
1385 1654 1446 1688 seq.
1462 1643 1624 1685 Quosdam
1641 1645 1784 1681 redditus

335 1704 375 1730 ex
408 1693 550 1738 collegiis
574 1693 755 1727 Maurorum
779 1695 870 1737 regni
898 1693 1060 1728 Valentiae
1093 1697 1231 1740 assignat
1262 1695 1374 1731 Officio
1399 1697 1615 1742 Inquisitionis
1639 1700 1783 1735 eiusdem

333 1749 436 1792 regni,
463 1748 524 1782 277
550 1747 567 1781 b
592 1751 622 1781 et
645 1758 706 1792 seq.
733 1746 903 1782 Confirmat
926 1748 1128 1782 concordiam
1152 1751 1235 1784 inter
1258 1760 1367 1793 regem
1392 1751 1583 1786 catholicum
1607 1756 1639 1786 et
1663 1753 1782 1788 clerum

334 1800 489 1838 Castellae
513 1805 544 1836 et
568 1801 717 1845 Legionis
741 1810 838 1844 super
862 1801 1017 1835 solutione
1042 1801 1186 1845 subsidii,
1213 1804 1272 1837 281
1300 1814 1321 1836 α
1344 1808 1376 1838 et
1399 1815 1459 1849 seq.
1492 1805 1636 1840 Renovat
1660 1806 1782 1842 Consti-

332 1858 470 1891 tutiones
495 1854 664 1889 Clementis
681 1854 751 1888 Vlll
771 1864 868 1898 super
885 1854 1041 1889 electione
1062 1858 1274 1891 assistentium
1301 1857 1431 1892 Ordinis
1448 1859 1657 1894 Eremitarum
1675 1861 1705 1894 S.
1723 1861 1783 1896 Au-

333 1910 463 1954 gustini,
478 1908 540 1943 289
559 1908 576 1941 b
594 1911 625 1942 et
648 1918 709 1952 seq.
723 1907 813 1942 Clero
838 1908 974 1942 seculari
999 1910 1136 1944 civitatis
1155 1911 1341 1945 Mexicanae
1359 1912 1503 1946 decernit
1526 1914 1782 1957 praecedentiam

335 1971 431 2006 super
456 1961 577 1995 clerum
601 1960 782 2005 regularem
808 1961 871 1995 294
896 1961 912 1994 b
937 1966 966 1996 et
991 1973 1051 2007 seq.
1084 1963 1256 1998 Decretum
1287 1964 1433 2000 Concitlii
1464 1965 1715 2002 Constantiensis
1740 1968 1780 2003 de

334 2024 397 2050 non
419 2014 589 2048 inferendo
613 2024 725 2048 manus
757 2017 899 2058 tyrannis
928 2017 1108 2059 confirmat,
1137 2019 1198 2051 296
1224 2030 1253 2052 α.
1278 2019 1428 2054 Prohibet
1452 2022 1606 2064 pocunias
1630 2022 1780 2057 Montium

333 2068 463 2104 Pietatis
487 2069 527 2102 ad
551 2068 649 2102 alium
674 2078 765 2103 usum
790 2068 932 2110 distrahi,
960 2069 1020 2103 297
1046 2081 1076 2103 α.
1102 2071 1234 2106 Clericis
1258 2073 1459 2117 regularibus
1476 2074 1505 2108 S.
1523 2075 1612 2108 Pauli
1627 2074 1781 2111 Decollati

333 2121 524 2167 praescribit
548 2122 678 2156 modum
703 2121 890 2155 admittendi
915 2124 1060 2165 novitios
1088 2124 1150 2159 298
1173 2137 1191 2159 α
1217 2130 1247 2161 et
1271 2138 1332 2172 seq.
1365 2127 1528 2172 Approbat
1553 2131 1781 2164 institutionem

333 2177 548 2210 universitatis
581 2174 837 2209 Paderbonensis
869 2175 927 2209 sub
959 2179 1114 2220 regimine
1147 2179 1312 2214 Societatis
1344 2181 1437 2224 lesu,
1463 2182 1524 2215 299
1551 2186 1581 2215 et
1609 2193 1667 2227 seq.
1699 2182 1780 2227 Regi

331 2228 484 2263 Franciae
510 2228 620 2263 tribuit
643 2230 691 2263 ius
717 2229 903 2262 nominandi
928 2229 967 2263 ad
993 2231 1144 2265 ecclesias
1170 2237 1201 2267 et
1225 2237 1416 2268 monasteria
1448 2234 1629 2269 Britanniae
1654 2240 1685 2270 et
1709 2235 1779 2270 Pro-

332 2283 455 2317 vinciae
481 2282 546 2316 392
569 2293 598 2316 α.
620 2282 791 2317 Confirmat
816 2283 935 2317 litteras
961 2287 1066 2327 magni
1091 2288 1236 2330 magistri
1262 2298 1318 2331 pro
1336 2288 1489 2322 militibus
1510 2283 1638 2332 lingu'ae
1655 2289 1780 2324 Provin·

333 2336 402 2370 ciae
417 2335 582 2380 hospitalis
595 2336 624 2370 S.
642 2336 770 2370 loannis
782 2336 1071 2380 Hierosolymitani,
1097 2339 1159 2372 303
1185 2340 1200 2373 b
1226 2344 1256 2374 et
1280 2350 1345 2385 seq.
1364 2342 1477 2375 Statuit
1501 2346 1609 2376 contra
1634 2342 1780 2377 ecclesia-

333 2390 427 2424 sticos
452 2389 591 2423 locantes
616 2389 698 2423 bona
723 2391 892 2423 haereticis
917 2391 948 2423 in
973 2390 1112 2425 dominio
1136 2393 1318 2427 archiducis
1336 2395 1493 2436 Austriae,
1520 2395 1581 2429 309
1600 2405 1627 2430 a.
1646 2395 1780 2431 Decreta

332 2444 484 2477 nonnulla
500 2452 518 2476 a
536 2442 656 2477 Veneto
671 2443 787 2477 Senatu
804 2444 835 2476 in
863 2444 1095 2487 praeiudicium
1111 2447 1188 2480 iuris
1215 2447 1425 2490 patriarcham
1450 2448 1689 2493 Aquileiensem
1714 2459 1780 2494 spe-

332 2498 446 2531 ctantIs
470 2506 567 2540 super
591 2498 700 2531 castris
721 2498 822 2531 sancti
846 2496 986 2531 Danielis
1012 2501 1042 2531 et
1065 2501 1165 2532 sancti
1191 2499 1253 2534 viu
1273 2501 1335 2535 lata
1353 2502 1462 2543 irritat,
1482 2502 1545 2535 310
1569 2513 1608 2542 a;
1634 2504 1711 2536 item
1727 2503 1781 2537 da-

331 2551 411 2584 tium
442 2552 584 2584 macinae
622 2559 718 2594 super
751 2551 796 2583 eis
828 2551 1029 2593 impositum,
1055 2551 1116 2584 437
1149 2552 1183 2594 b,
1209 2555 1239 2586 et
1274 2553 1305 2585 in
1338 2551 1415 2586 urbe
1448 2552 1638 2596 Cenetensi,
1664 2553 1727 2588 444
1752 2554 1778 2587 b.

334 2601 584 2646 Archiepiscopo
609 2603 745 2636 civitatis
768 2601 892 2645 Regum
918 2602 1062 2646 indulget
1096 2603 1224 2637 differre
1249 2604 1287 2638 ad
1313 2604 1482 2639 duodecim
1507 2615 1605 2640 annos
1634 2606 1778 2640 celebra·
1818 2620 1822 2623 ²

331 2655 448 2689 tionem
473 2656 598 2693 concilii
622 2655 846 2700 provincialiS,
876 2656 935 2690 311
971 2656 998 2689 b.
1033 2656 1206 2701 Regulares
1238 2657 1392 2692 dioecesis
1420 2658 1604 2694 Mexicanae
1634 2659 1770 2695 subiicit
