2293 3231
143 291 193 318 An.
211 291 240 318 C.
257 291 326 319 461st

143 351 283 378 Decrevitque
297 359 324 370 ψ·

143 378 238 403 provisus
266 385 325 405 prau-

143 403 192 425 reru
215 405 262 425 aliis
280 404 325 431 qui-

142 430 325 460 buscumque111·=i-

143 462 199 477 visis.

172 878 322 905 clausulamque

139 905 247 926 nonnullae
258 911 322 932 appo-

138 931 182 952 sun
195 936 233 958 pro
248 937 322 979 perp-e-

137 959 174 978 tun
189 963 274 979 suarum
298 961 322 978 it-

136 985 232 1005 ternrum
260 984 322 1006 armi·

146 1012 188 1031 ate.

974 295 1091 319 PAULUs
1117 296 1135 319 V
1161 297 1207 319 ΙΨ.

385 339 444 382 {3-
470 340 631 382 Voluitque
657 351 765 373 eunies
783 342 825 373 sie
853 354 908 384 pro
934 348 1076 386 tempure

341 392 517 425 nominatos
538 393 687 435 praeferri
710 394 960 439 quibuscumque
990 397 1056 428 aliis

341 445 432 478 etiam
467 445 653 478 babentibus
690 446 795 485 vigore
834 448 1075 489 primariarmn,

340 498 492 541 regalium
508 504 534 529 et
552 498 759 541 imperialium
774 510 975 542 pi·eeuni,seu
991 502 1075 539 alias,

339 551 588 587 nominationes,
622 551 713 583 etiam
754 552 860 594 vigore
893 554 1076 596 quorumvis

339 604 575 647 privilegiorum
608 610 635 636 et
667 605 859 638 indultorum
889 607 1075 649 apostolico-

338 667 409 689 rum
438 657 687 701 quibuscumque
705 658 772 690 aliis
792 659 902 691 studiis
922 660 1075 702 generali-

338 709 406 749 bus,
420 710 513 743 etiam
531 711 708 751 Parisiensi,
724 716 795 744 tunc
810 716 837 746 et
852 724 909 756 pro
924 718 1075 756 tempore,

338 763 430 795 etiam
456 769 554 804 motu,
571 764 755 797 auctoritate
776 771 803 797 et
826 771 977 808 potestate
995 766 1076 798 simi-

338 815 419 849 libus
444 827 681 850 concessorum:

382 869 397 911 ,ξ
421 868 450 901 li.
475 869 625 913 Quodque
658 871 720 903 suis
746 871 855 904 litteris
879 872 1074 909 huiusmodi,

338 922 461 955 nonnisi
488 924 545 955 sul]
579 924 672 956 certis
704 925 798 957 modo
824 930 849 957 et
878 926 975 958 forma
1003 930 1074 959 tune

338 975 492 1018 expressis
505 976 650 1019 derogari
665 983 777 1020 posset,
789 978 979 1021 insuperque
993 978 1073 1011 idem

339 1028 400 1061 Leo
423 1029 646 1072 praedecessor
680 1041 736 1074 per
760 1031 896 1074 reliquas
928 1042 999 1064 suas
1029 1032 1075 1064 lit-

339 1085 429 1122 teras,
447 1087 544 1122 motu,
562 1083 745 1118 auctoritate
773 1089 800 1116 et
827 1085 987 1127 potestatis
1009 1086 1074 1128 ple·

336 1133 476 1167 nitudine
499 1135 637 1178 paribus,
662 1136 840 1177 declaravit,
861 1138 1021 1170 facultates
1046 1143 1074 1170 et

337 1187 471 1232 desuper
488 1190 643 1222 consectas
668 1190 786 1222 litteras
802 1190 987 1233 praedictas,
1002 1202 1073 1224 cum

336 1241 482 1274 omnibus
499 1247 530 1274 et
549 1242 679 1285 singulis
696 1243 959 1280 concessionibus,
977 1244 1075 1277 indul·
1090 1284 1092 1288 Α

337 1293 385 1333 tis,
403 1295 534 1331 statutis.
559 1296 809 1328 ordinationibus
833 1302 861 1329 et
885 1297 954 1329 aliis
979 1297 1009 1329 in
1030 1298 1074 1329 eis

337 1348 490 1381 contentis
515 1349 680 1387 clausulis,
710 1349 812 1392 quoad
842 1350 990 1383 beneficia
1016 1351 1073 1383 sub

338 1400 398 1433 illis
423 1403 660 1446 comprehensa.
679 1414 735 1447 per
759 1414 972 1448 quascumque
997 1405 1074 1438 litte-

338 1464 388 1486 ras
413 1456 609 1498 apostolicaS,
630 1457 883 1497 constitutiones,
901 1462 929 1489 et
956 1459 1074 1490 cancel-

338 1508 432 1541 lariae
457 1510 592 1551 regulas,
610 1509 738 1542 minime
758 1516 928 1551 revocatas,
946 1521 1074 1554 suspen-

338 1571 406 1599 sas,
428 1561 592 1601 limitatas,
625 1562 671 1594 vel
703 1563 897 1596 modificatas
920 1563 1014 1596 fuisse
1044 1570 1071 1596 et

336 1624 413 1653 esse,
438 1620 489 1646 aut
517 1615 668 1654 revocari,
694 1615 819 1655 cassari,
854 1616 1011 1659 suspendi,
1042 1617 1074 1648 li-

336 1667 437 1699 mitari
466 1668 511 1699 vel
537 1668 710 1701 modificari
736 1669 892 1711 potuisse,
917 1679 1017 1712 neque
1042 1670 1071 1701 in

334 1722 475 1753 luturum
508 1732 620 1763 posse,
650 1721 708 1753 nisi
742 1722 815 1754 dnm
842 1728 869 1754 et
895 1723 1017 1765 quoties
1043 1723 1072 1754 in

336 1773 512 1806 huiusmodi
532 1774 645 1806 suturis
665 1775 927 1814 revocationibus,
948 1786 1073 1819 suspen-

335 1827 473 1859 sionibus
490 1832 517 1859 et
541 1828 839 1865 modificationibus,
857 1829 894 1862 de
913 1829 980 1861 aliis
996 1830 1071 1862 sixti

334 1879 585 1922 praedecessoris
610 1881 800 1922 huiusmodi,
818 1887 845 1914 et
868 1882 932 1914 suis
952 1883 1073 1925 praedi-

334 1933 391 1965 ctis
408 1933 529 1972 litteris,
545 1944 579 1966 ac
596 1933 706 1966 diebus
723 1934 866 1967 datarum
880 1936 1072 1973 earumdem,

334 1986 523 2030 nomineque
540 1991 569 2020 et
584 1988 735 2030 dignitate
752 1988 849 2032 ipsius
873 1989 1071 2022 Maximiliani

335 2039 543 2082 imperatoris,
568 2046 629 2073 tam
655 2041 746 2073 ctiam
772 2042 845 2075 dnm
872 2043 903 2074 in
929 2043 1073 2075 humanis

335 2098 462 2133 ageret,
488 2104 580 2136 quam
606 2104 642 2125 eo
668 2094 727 2127 vita
754 2095 879 2135 functo,
908 2096 1071 2139 specialis,

336 2145 480 2188 spec-ilica
497 2152 526 2178 et
542 2146 709 2186 individua,
722 2157 783 2180 uon
802 2153 906 2180 autem
924 2159 981 2191 per
994 2150 1074 2181 clau-

335 2198 418 2230 sulas
435 2199 596 2240 generales
617 2199 697 2231 idem
724 2200 937 2243 uapor-tames,
956 2202 1072 2234 mentio

335 2252 412 2283 l'acta
437 2252 526 2292 soret,
544 2257 571 2284 et
599 2253 664 2295 ipse
690 2253 751 2285 Leo
769 2253 1003 2296 praedecessor,
1026 2255 1071 2287 vel

335 2315 532 2338 successores
569 2306 614 2338 sui
650 2307 778 2339 Romani
817 2307 980 2340 Pontifices
1015 2319 1073 2351 pro

337 2365 477 2403 tempore
510 2359 685 2399 existentes,
711 2370 768 2403 per
792 2360 931 2392 diversas
956 2361 1074 2394 litteras

337 2412 367 2443 in
392 2412 491 2445 forma
516 2412 621 2445 Brevis
638 2413 785 2449 duxisset,
803 2424 857 2445 seu
877 2424 1074 2446 successores

337 2466 485 2509 praedicti
506 2466 663 2499 duxissent
690 2467 812 2510 publice
839 2467 867 2498 in
886 2467 996 2499 eadem
1012 2467 1076 2500 uni-

338 2520 480 2552 versitate
511 2519 753 2553 insinuamlum¹
776 2531 848 2553 suae
871 2527 897 2552 et
921 2531 1076 2553 suecesso-

376 2602 384 2627 l
408 2600 577 2628 Praecedens
600 2609 703 2628 comma
733 2601 869 2637 aliquanto
895 2601 1020 2634 diverse,
1050 2604 1076 2626 et

337 2646 426 2671 forsan
442 2645 540 2673 melius
556 2646 652 2681 legitur
669 2647 693 2672 in
715 2647 772 2673 loeo
790 2646 928 2682 parallelo,
947 2649 1000 2672 tom
1017 2651 1074 2675 vin.

338 2697 397 2724 pag.
415 2689 465 2716 509
482 2689 495 2716 b
513 2698 550 2726 μὶ,
567 2695 615 2716 τ.’.

1751 288 1814 320 5365

1093 346 1179 387 {rum
1214 345 1396 377 eorumdem
1430 345 1607 378 intentionis
1632 356 1709 380 esse,
1731 346 1848 378 litteras

1070 424 1075 431 ,
1093 388 1095 419 Ι
1112 399 1287 430 huiusmodi
1309 410 1344 430 ex
1363 399 1466 441 aliqua
1493 402 1585 431 ‹fausa
1604 409 1762 440 revocare,
1780 410 1848 432 sus—

1093 436 1265 500 {penderam
1295 453 1340 484 vel
1375 452 1555 485 modificare
1589 463 1659 485 rum
1685 453 1847 485 intervallo

1111 504 1201 535 unius
1227 506 1341 537 mensis
1366 506 1446 538 inter
1470 506 1555 538 datas
1584 506 1778 549 singularum
1804 506 1849 538 lit-

1111 563 1247 589 terarum
1276 558 1302 589 in
1331 560 1429 590 torma
1457 559 1562 591 Brevis
1598 559 1787 599 huiusmodi,
1819 563 1848 592 et

1109 619 1170 641 non
1195 610 1294 646 aliter,
1324 622 1378 643 nee
1405 612 1465 644 alio
1491 613 1600 647 modo:
1630 618 1657 645 et
1691 613 1714 644 si
1743 615 1846 645 l'orsan

1109 662 1168 693 alio
1194 663 1286 695 modo
1306 664 1422 697 litteras
1447 665 1624 698 huiusmodi
1651 667 1843 708 contingeret

1110 716 1260 753 revocari,
1278 718 1432 760 suspendi,
1451 719 1496 750 vel
1512 719 1696 759 modificari,
1717 730 1770 752 seu
1785 719 1845 752 iam

1109 772 1182 800 tunc
1208 776 1367 802 revocatas
1391 771 1506 809 tuisse,
1528 784 1561 804 ex
1588 778 1670 810 tunc,
1690 778 1783 816 prout
1809 783 1845 804 ex

1109 823 1143 852 ea
1168 821 1228 857 die,
1254 828 1283 854 et
1307 823 1429 865 quoties
1454 824 1496 855 sic
1522 830 1684 857 revocatae
1711 826 1756 857 vel
1783 837 1846 858 sus—

1109 884 1221 916 pensae
1237 877 1346 915 t'orent,
1365 877 1393 908 in
1412 888 1502 909 suum
1522 878 1697 920 pristinum,
1715 884 1744 911 ct
1762 890 1844 915 eum,

1109 926 1138 958 in
1156 938 1217 970 quo
1235 934 1304 960 ante
1330 930 1559 963 revocationem
1576 958 1582 970 ‚
1608 932 1844 974 suspensionem

1110 980 1155 1011 vel
1181 981 1445 1015 modiin-ationem
1471 983 1647 1017 huiusmodi
1673 985 1845 1027 quomodo-

1110 1031 1180 1064 libet
1206 1039 1303 1071 erant,
1329 1039 1441 1067 statum
1468 1036 1605 1078 plenarie
1635 1037 1783 1079 reposuit,
1800 1048 1845 1069 re-

1108 1085 1206 1118 stituit
1226 1092 1252 1119 et
1276 1087 1485 1131 reintegravit,
1507 1099 1541 1122 ae
1568 1090 1704 1132 plenarie
1730 1091 1845 1133 reposi-

1109 1144 1162 1177 tas,
1177 1140 1336 1172 restitutas
1353 1145 1381 1174 et
1399 1142 1603 1184 reintegratas
1618 1143 1710 1175 fuisse
1728 1149 1757 1175 et
1778 1154 1844 1176 esse

1108 1192 1286 1227 declaravit.

1152 1247 1166 1287 ,Q
1191 1245 1219 1278 5.
1245 1247 1486 1291 Sus-cessiveque
1512 1250 1695 1282 recolendae
1726 1261 1844 1283 memo-

1108 1298 1171 1330 riae
1198 1300 1372 1333 Hadrianus
1398 1301 1477 1345 Papa
1509 1303 1560 1338 vl,
1586 1303 1728 1335 similiter
1756 1314 1844 1346 prae-

1107 1351 1254 1385 decessor
1279 1359 1394 1391 noster,
1421 1355 1559 1397 singulas
1586 1356 1704 1389 litteras
1721 1356 1797 1388 Sixti
1816 1363 1845 1389 et

1109 1404 1219 1437 Leonis
1245 1406 1520 1448 przwdeeessoruiu
1552 1408 1729 1441 luiinsmodi
1761 1414 1786 1440 et
1815 1408 1845 1441 in

1106 1458 1150 1489 eis
1175 1465 1317 1491 contentu
1344 1471 1571 1504 ‹praecuniun
1598 1467 1695 1499 motu,
1716 1462 1844 1495 scientia

1107 1516 1134 1542 et
1159 1513 1348 1554 apostolicae
1374 1515 1535 1557 potestatis
1554 1515 1745 1557 plenitudine
1763 1515 1846 1548 sinii-

1107 1565 1189 1596 libus
1213 1567 1398 1609 approbavit
1423 1572 1449 1599 ct
1477 1568 1632 1601 innovavit
1658 1574 1686 1600 et
1713 1580 1770 1611 pro
1795 1580 1847 1612 po-

1108 1617 1177 1651 tiori
1195 1620 1315 1651 cautela
1335 1620 1384 1651 illa
1402 1620 1506 1653 omnia
1523 1620 1560 1652 de
1579 1631 1659 1653 novo
1677 1621 1844 1657 mut-essin

1107 1671 1146 1702 ita
1171 1672 1254 1715 quod
1279 1672 1416 1705 ‹lei-anns
1442 1674 1486 1705 vel
1514 1674 1718 1706 vicedecamls
1752 1675 1845 1707 sacul-

1107 1725 1176 1758 tatis
1201 1725 1314 1757 artium
1343 1726 1531 1762 huiusmodi,
1558 1728 1650 1759 mildo
1677 1727 1706 1759 in
1732 1728 1844 1760 litteris

1108 1776 1216 1808 Leonis
1228 1777 1477 1818 praedecessoris
1492 1778 1669 1810 liuiusmodi
1684 1789 1844 1821 expresso,

1106 1829 1358 1872 ‹piilniscumque
1384 1830 1546 1871 collegiis..
1562 1831 1706 1873 capitulis
1724 1836 1752 1862 et
1778 1831 1845 1863 aliis

1107 1883 1258 1924 personis,
1284 1883 1375 1915 etiam
1401 1894 1600 1926 ‹pun-umque
1623 1884 1771 1926 dignitate
1799 1885 1845 1916 vel

1107 1935 1226 1967 bonore
1251 1936 1469 1977 l'ungentilms,
1502 1937 1764 1979 ‹pialennnmque
1789 1937 1847 1969 dis-

1106 1988 1291 2030 positionem
1325 1989 1549 2022 1wn11=n‹·iorum
1589 1991 1633 2021 vel
1670 1991 1845 2023 ollicioruiu

1106 2042 1391 2075 ecclesiasticoruin
1419 2043 1447 2074 in
1469 2043 1630 2085 quibusvis
1649 2044 1788 2075 ecelesiis
1807 2045 1847 2076 lo-

1107 2106 1236 2131 corum,
1266 2095 1425 2127 ‹.·ivitatum
1458 2101 1484 2127 et
1518 2096 1695 2128 dioec-estun
1722 2098 1847 2140 praedi—

1107 2152 1227 2182 ctarum
1254 2149 1490 2181 consistentium
1526 2150 1722 2186 balwntibus,
1748 2151 1846 2192 unigi-

1107 2207 1187 2233 siros
1212 2202 1242 2233 in
1268 2202 1386 2234 artibus
1413 2202 1443 2233 in
1467 2202 1548 2234 dicta
1569 2203 1712 2235 tiu-ultate
1730 2203 1844 2235 artium

1107 2260 1268 2296 promotos
1299 2260 1325 2286 et
1362 2255 1548 2297 graduales,
1579 2261 1607 2287 ut
1647 2257 1846 2299 praelertur,

1108 2308 1287 2343 nominare:
1314 2314 1339 2339 et
1367 2309 1517 2341 nominati
1546 2309 1724 2341 lniinsmodi
1752 2320 1847 2352 ‹piae-

1108 2372 1240 2404 ennupie
1261 2362 1410 2393 beneticia
1428 2367 1455 2393 et
1470 2362 1570 2394 oflicia
1590 2363 1742 2397 (statiores
1768 2363 1848 2394 vide-

1109 2414 1176 2446 licet
1203 2415 1316 2447 artium
1344 2415 1494 2457 magistri,
1513 2416 1564 2458 qni
1583 2416 1699 2448 dictum
1727 2420 1848 2459 tenipus

1108 2468 1292 2510 attigissent,
1311 2469 1356 2499 vel
1376 2480 1427 2500 sex
1443 2469 1531 2500 annis
1553 2469 1581 2500 in
1600 2470 1744 2501 laenitate
1763 2480 1848 2513 prac-

1109 2520 1190 2552 dicta
1218 2520 1360 2561 legissent
1388 2531 1442 2553 seu
1469 2522 1629 2557 rexissent.
1657 2523 1702 2553 vel
1728 2522 1767 2555 ob
1792 2523 1847 2553 do-

1110 2573 1227 2605 etrinae
1248 2573 1448 2606 eminentiam
1467 2574 1502 2605 ad
1520 2574 1695 2607 docendum
1714 2575 1847 2617 logicam

1111 2627 1156 2658 vel
1182 2626 1339 2669 physicam
1366 2627 1540 2658 Aristotelis
1565 2628 1712 2663 admissi,
1739 2639 1792 2660 seu
1819 2629 1847 2660 in

1111 2680 1163 2712 illa
1187 2690 1298 2712 novem
1323 2680 1411 2712 annis
1436 2681 1572 2723 promoti
1594 2686 1622 2713 et
1644 2681 1788 2723 graduali
1809 2684 1849 2713 t'o-

1861 299 1908 324 An.
1927 299 1955 325 C.
1979 299 2046 326 1616

1888 1261 2007 1282 tta-imaum
2019 1262 2043 1282 ll

1861 1288 1970 1313 praedicta
1980 1295 2045 1313 privi-

1861 1321 1892 1339 gni
1906 1315 2044 1336 ennssrmavn,

1861 1344 1924 1366 atque
1953 1342 2045 1367 expliea-

1863 1370 1897 1388 vit.
