2293 3231
311 251 357 275 Au.
377 250 403 275 ¹2.
431 250 495 276 lotz·
541 241 583 270 t‘ut

512 297 585 331 libet
610 308 683 330 casu
709 296 955 331 controversiam
983 295 1128 328 terminet
1151 300 1180 327 et
1199 294 1254 327 de-

510 350 601 384 cidat.

556 404 607 437 20.
629 403 795 437 Citationes
814 409 917 435 autem
944 406 1031 436 extra
1049 401 1165 435 [rbem
1183 411 1255 434 exe-

511 461 643 501 quulae.
659 467 792 500 (piarum
812 455 919 497 rigore
935 454 1029 487 bodie
1046 465 1153 488 coram
1171 454 1257 487 audi-

513 517 579 543 tore
591 520 734 542 camerae
747 508 785 540 ad
799 508 1043 551 exequutionem
1055 508 1257 551 obligationis

513 562 677 597 cameratis
708 561 835 606 procedi
874 562 951 595 solet
966 589 973 603 ,
1005 562 1257 606 reproducantur

514 618 592 650 int'ra
621 626 759 650 mensem
785 616 824 648 ab
849 615 1058 659 exequutione
1086 626 1194 649 earum
1227 616 1256 648 in

513 672 656 715 partibus
675 672 752 703 saeta
767 698 773 710 ,
791 670 929 714 alioquin
949 681 1008 714 pro
1033 670 1257 703 circumductis

514 725 697 758 liabezuttur.

557 778 608 811 21.
631 778 761 812 Litteras
782 777 981 822 apostolicas,
1000 777 1116 821 quibus
1137 782 1256 814 certus,

513 831 565 875 qui
583 842 640 875 per
655 831 792 875 seipsum
806 831 966 875 procedat,
980 836 1155 874 exequutor
1169 841 1258 874 prae-

513 885 650 929 scriptus
663 891 718 926 est,
732 886 818 918 nullo
836 885 929 918 modo
943 884 1067 917 auditor
1080 884 1258 927 praedictus

514 945 704 983 exequatur',
731 938 786 972 sed
817 944 845 971 et
878 949 988 971 omnes
1019 942 1200 982 praeterea,
1227 937 1258 970 in

514 1003 649 1037 quartun
674 993 883 1037 exequutione
901 1003 974 1036 pars
991 992 1130 1025 vocanda
1150 991 1256 1031 suerit,

513 1057 575 1081 non
599 1047 690 1080 aliter
713 1053 908 1091 exequatur,
931 1057 1025 1090 quam
1051 1046 1180 1079 servatis
1200 1056 1258 1089 pro

514 1112 621 1135 rertun
639 1101 851 1143 contingentia
869 1100 1145 1134 constitutionibus
1161 1099 1259 1133 felicis

515 1147 743 1188 recordationis
769 1154 918 1187 Bonisacii
947 1154 1048 1198 Papae
1078 1153 1141 1186 Vlll
1167 1164 1259 1197 prae-

515 1209 690 1242 decessoris
710 1208 810 1241 nostri
826 1208 864 1241 de
886 1210 958 1248 una,
974 1213 1004 1241 et
1020 1207 1144 1241 concilii
1165 1218 1260 1250 gene-

515 1263 589 1296 ralis
603 1263 640 1295 de
654 1262 778 1295 duabus
790 1262 892 1302 dietis,
906 1261 965 1294 nisi
978 1261 1055 1306 ipsis
1065 1261 1260 1295 constitutio-

515 1316 609 1350 nibus
621 1316 806 1359 derogatum
821 1315 915 1348 suerit
928 1325 1074 1358 expresse
1089 1315 1119 1347 in
1139 1315 1259 1355 litteris,

515 1381 595 1414 quac
616 1369 731 1403 suerint
753 1368 970 1412 exequendae:
996 1369 1097 1402 sedet
1125 1374 1199 1402 tunc
1221 1380 1260 1402 ne

515 1434 706 1469 quemquam
720 1427 807 1456 extra
820 1422 989 1455 dioecesim
1003 1423 1084 1456 ultra
1103 1428 1146 1456 tot
1163 1422 1261 1457 dietas

516 1483 634 1517 evocet,
648 1482 724 1521 quot
738 1476 768 1508 in
787 1476 863 1520 ipsis
878 1475 989 1509 litteris
1002 1487 1187 1520 expressum
1201 1477 1259 1509 crit

517 1531 668 1575 (exceptis
684 1531 796 1564 litteris
813 1530 1012 1574 pensionum,
1026 1542 1161 1574 quarum
1181 1532 1261 1564 solu-

518 1585 560 1618 tio
574 1585 604 1618 in
619 1585 758 1618 Romana
772 1584 866 1618 Curia
881 1584 1065 1625 destinatur,
1082 1589 1110 1617 ct
1129 1584 1177 1617 liis
1193 1596 1261 1618 om—

517 1638 627 1678 nibus,
651 1638 767 1682 quibus
795 1637 862 1681 ipse
882 1637 1065 1670 nominatim
1087 1643 1262 1681 exequutor

518 1691 732 1735 praescriptus
753 1690 862 1730 sucrit;
881 1690 929 1723 liis
949 1691 1032 1723 euim
1051 1691 1176 1725 casibus
1192 1703 1264 1736 pos-

518 1746 555 1781 sit
569 1746 606 1779 ad
621 1756 653 1778 se
665 1745 884 1789 undecumque
901 1749 929 1778 et
943 1756 1144 1790 quocumque
1158 1751 1263 1790 partes

519 1800 689 1843 evocare):
707 1809 784 1832 neve
801 1798 870 1831 aliis
888 1798 970 1831 vicos
986 1809 1057 1832 suas
1078 1799 1263 1841 committat,

519 1854 567 1887 rel
585 1853 781 1896 subdeleget‚
801 1863 895 1896 quarn
915 1852 1093 1886 constitutis
1113 1853 1144 1886 in
1161 1853 1264 1897 digni-

520 1911 581 1942 tate
607 1906 836 1947 ecclesiastica,
857 1909 909 1940 aut
926 1906 1010 1947 aliis,
1035 1907 1150 1951 quibus
1169 1908 1265 1942 Sedes

520 1960 700 2004 Apostolica
715 1970 826 1993 causas
844 1960 1041 1994 committere
1058 1961 1145 1994 solet.

564 2014 616 2048 ⁶22.
643 2014 807 2048 Monitoria
830 2014 1003 2057 generalia,
1019 2015 1115 2058 vulgo
1134 2014 1263 2059 sz'ym‘fi-

521 2069 605 2102 cccci!
629 2067 795 2112 appellata
818 2068 910 2112 (quae
934 2068 1067 2108 scilicet,
1091 2072 1124 2102 ut
1147 2068 1264 2113 aliquid

522 2122 696 2162 reveletur,
720 2132 774 2154 seu
801 2121 1000 2162 restituatur,
1023 2127 1076 2155 aut
1096 2122 1264 2166 probetur,

523 2187 595 2209 cum
621 2175 762 2208 censuris
789 2175 1008 2209 ecclesiasticis
1036 2176 1191 2219 publicari
1216 2187 1266 2209 so-

523 2230 600 2272 lent)
617 2229 704 2262 nullo
725 2229 819 2262 niodo
840 2229 982 2262 decernat
1005 2229 1069 2262 sive
1089 2229 1242 2273 expediat.

568 2282 619 2316 23.
645 2282 796 2317 Similiter
819 2283 895 2316 nihil
917 2283 982 2316 sine
1006 2283 1134 2328 speciali
1159 2287 1265 2317 nostra

523 2336 745 2371 commissione
759 2336 916 2378 decernat,
930 2342 984 2370 aut
1000 2337 1100 2376 saciat,
1113 2344 1165 2370 aut
1183 2348 1269 2371 man-

524 2390 596 2430 det,
627 2390 712 2434 quod
740 2390 906 2434 episcopos
939 2395 991 2423 aut
1019 2390 1096 2424 alios
1124 2391 1266 2424 locorum

525 2443 708 2478 Ordinarios
726 2443 879 2488 impedire
898 2444 1006 2488 possit,
1023 2454 1062 2477 ne
1079 2444 1117 2477 ad
1135 2455 1269 2488 exequu-

526 2497 640 2531 tionem
655 2497 854 2531 decretorum
869 2498 949 2531 sacri
959 2498 1087 2532 Concilii
1098 2498 1268 2531 Tridentini

527 2550 819 2593 correctionemque
837 2562 960 2583 morum
975 2551 1073 2583 libere
1087 2551 1268 2594 procedant.

571 2603 622 2636 ΕΜ.
648 2604 694 2636 Ab
716 2604 864 2637 omnibus
888 2608 990 2638 autem
1014 2610 1043 2637 et
1066 2605 1197 2648 singulis
1214 2605 1268 2643 iis,

528 2668 607 2701 quac
642 2657 681 2689 ad
715 2657 782 2690 eius
815 2658 1062 2692 iurisdictionem
1098 2659 1268 2691 secundum

1087 246 1264 272 uticanis-M
1290 246 1442 273 ROMANUM

1288 294 1461 338 praemissa
1481 295 1638 339 pertinere
1654 296 1816 337 nolumus,
1835 305 1935 340 usque
1954 295 2032 330 adeo

1288 347 1459 389 abstineat,
1478 353 1509 380 ut
1526 358 1628 392 neque
1645 349 1824 390 monitoria,
1840 359 1944 393 neque
1960 349 2033 384 cita-

1290 400 1399 441 tiones,
1409 411 1511 444 neque
1525 401 1738 442 inhibitiones,
1747 412 1849 446 neque
1859 407 2032 446 sequestra,

1289 464 1391 498 neque
1422 454 1566 488 mandata
1589 454 1629 488 de
1656 455 1885 489 manutenendo
1899 482 1906 496 ,
1930 465 2033 499 neque

1290 508 1374 541 aliud
1391 508 1559 553 quicquam
1577 519 1778 553 quocumque
1795 509 1853 542 sub
1870 513 2032 553 praetextu

1290 572 1386 606 super
1411 562 1448 594 iis
1478 568 1529 595 aut
1557 562 1623 606 ipse
1646 561 1803 603 decernat,
1823 567 1876 603 aqt
1893 562 1934 594 ab
1964 561 2034 594 aliis

1290 615 1416 649 decreta
1446 620 1590 656 revocet,
1619 621 1649 648 et
1676 615 1798 660 pariter
1825 615 1891 649 eius
1918 614 2033 649 notarii

1290 669 1367 702 nihil
1382 669 1511 702 omnino
1524 668 1700 713 expediant,
1713 674 1765 702 aut
1779 668 1871 703 etiam
1885 667 2033 708 scribant,

1291 723 1349 755 sub
1379 725 1482 766 poena
1510 728 1673 756 scutorum
1701 722 1946 766 quingentorum
1973 732 2033 766 pro

1291 775 1431 819 qualibet
1457 776 1522 809 rice
1546 786 1689 809 camerae
1711 774 1901 819 apostolicae
1931 773 2033 819 appli-

1291 829 1478 869 candorum,
1497 835 1536 869 et,
1562 829 1585 862 si
1607 829 1687 862 adsit
1703 833 1868 862 aecusator
1884 828 1931 861 vel
1948 827 2034 860 insti-

1291 888 1397 926 gator,
1426 883 1453 916 ei
1483 888 1594 926 quarta
1621 893 1695 926 pars
1721 892 1842 926 poenae
1868 879 2036 915 solvendae

1291 936 1392 970 detur.

1337 990 1387 1024 25.
1414 991 1446 1023 ln
1479 990 1582 1024 causis
1614 1001 1688 1025 vero
1720 991 1768 1024 sui
1801 991 1860 1024 sori
1892 990 2037 1025 civilibus

1292 1045 1399 1088 (etiam
1428 1045 1458 1078 in
1487 1045 1604 1089 quibus
1631 1045 1802 1078 summarie
1825 1050 1855 1078 et
1879 1044 1918 1078 ad
1941 1044 2038 1078 instar

1293 1099 1524 1132 beneficialium
1549 1099 1742 1143 procedendi
1766 1100 1794 1132 ei
1819 1109 1967 1133 concessa
1990 1104 2038 1133 est

1292 1153 1437 1196 facultas)
1454 1163 1613 1197 nunquam
1634 1153 1762 1187 omnino
1779 1153 1819 1187 ad
1835 1163 1951 1198 poenas
1966 1162 2039 1186 con-

1295 1207 1476 1240 tiunaciales
1503 1206 1662 1247 deveniat,
1687 1207 1741 1240 sed
1769 1207 1886 1251 potius,
1903 1206 2039 1251 receptis

1293 1260 1536 1305 probationibus
1549 1260 1587 1293 ad
1601 1260 1769 1303 negocium
1782 1260 1957 1305 principale
1969 1270 2040 1304 spe-

1294 1313 1450 1348 ctantibus
1466 1341 1473 1354 ,
1508 1314 1643 1358 datoque
1678 1314 1869 1358 competenti
1904 1313 2038 1348 termino

1293 1367 1374 1412 parti
1399 1368 1536 1408 absenti,
1561 1367 1688 1401 demum
1708 1378 1803 1412 super
1822 1368 1888 1408 liis,
1909 1368 2040 1402 servatis

1294 1422 1464 1462 servandis,
1478 1422 1636 1455 definitive
1650 1421 1848 1466 pronunciet,
1862 1422 1954 1456 etiam
1971 1422 2040 1456 sine

1294 1475 1356 1508 litis
1373 1475 1608 1509 contestatione.

1339 1529 1390 1564 26.
1413 1530 1457 1563 Nc
1480 1535 1584 1563 autem
1602 1531 1773 1574 contingat,
1791 1535 1823 1564 ut
1844 1531 1988 1565 absentes
2009 1537 2041 1566 et,

1296 1583 1326 1616 iu
1343 1583 1562 1617 remotissimis
1577 1584 1617 1617 ab
1632 1585 1716 1618 Urbe
1732 1585 1876 1629 partibus
1892 1585 2040 1629 degentes

1296 1637 1432 1671 maxima
1456 1638 1576 1671 itineris
1600 1638 1800 1673 incommoda
1823 1644 1854 1673 et
1877 1639 2041 1684 dispendia

1296 1691 1359 1736 pati
1376 1691 1493 1735 absque
1510 1692 1604 1736 culpa
1633 1692 1875 1736 compellantur,
1900 1692 1976 1726 dum
1999 1693 2041 1727 ob

1297 1750 1497 1789 praetensum
1534 1745 1684 1778 delictiun
1718 1745 1757 1779 ad
1792 1745 2041 1791 comparendum

1297 1799 1505 1844 personaliter
1524 1799 1634 1833 moniti
1653 1805 1838 1844 comparent
1853 1805 1884 1834 et
1899 1800 2041 1846 inculpa-

1298 1853 1377 1886 biles
1394 1852 1614 1897 reperiuntur,
1630 1852 1788 1886 nerninem
1805 1854 1937 1898 posthac
1953 1859 2043 1889 extra

1298 1905 1418 1939 Italiam
1435 1906 1618 1941 existentem
1641 1905 1680 1939 ad
1703 1906 1951 1951 comparendum
1969 1918 2042 1952 per·

1299 1959 1447 1993 sonaliter
1471 1965 1612 2000 moneat,
1629 1959 1688 1993 nisi
1709 1959 1790 1994 sacto
1815 1960 1915 1995 verbo
1934 1961 2042 1995 nobis-

1299 2024 1371 2046 cum
1384 2019 1413 2047 et
1426 2013 1663 2047 successoribus
1675 2013 1792 2047 nostris
1804 2014 1953 2048 Romanis
1965 2014 2044 2049 Pon-

1299 2066 1452 2108 tificibus,
1469 2066 1507 2100 de
1530 2078 1593 2111 quo
1614 2067 1710 2101 verbo
1730 2067 1839 2101 habito
1856 2067 1909 2101 fiat
1925 2068 2043 2103 ment-io

1300 2121 1331 2154 in
1347 2121 1457 2155 litteris
1474 2120 1659 2154 monitoriis.

1345 2175 1395 2209 27.
1413 2175 1446 2208 ln
1464 2174 1580 2216 causis,
1597 2185 1677 2219 quae
1693 2174 1852 2209 ordinarie
1869 2174 2042 2210 secundum

1300 2228 1452 2262 auditoris
1469 2228 1629 2262 facultates
1646 2228 1677 2262 in
1693 2228 1761 2262 eius
1777 2227 1927 2262 tribunali
1944 2228 2043 2263 intro-

1301 2283 1411 2316 ductae
1426 2282 1543 2316 suerint
1558 2282 1606 2316 vel
1622 2281 1778 2316 introduci
1792 2281 1952 2326 potuerint
1964 2282 2044 2326 (sive

1301 2342 1372 2381 post
1402 2342 1546 2380 coeptam
1574 2346 1699 2370 causam
1727 2335 1929 2380 superveniat
1955 2347 2043 2371 com-

1302 2390 1428 2430 missio,
1456 2389 1519 2423 sive
1547 2395 1616 2422 ante
1646 2389 1812 2433 impetrata
1840 2388 1896 2430 sit,
1924 2389 1989 2423 sive
2011 2389 2043 2423 in

1302 2444 1416 2488 prima,
1433 2443 1542 2477 sivein
1559 2442 1702 2476 ulteriori
1721 2442 1892 2485 instantia),
1910 2442 1996 2476 nulla
2012 2442 2044 2476 in

1303 2508 1336 2530 re
1353 2502 1466 2539 augeat
1489 2496 1680 2540 impensam,
1705 2495 1759 2529 sed
1783 2495 1887 2539 quoad
1903 2496 1964 2530 hoc
1987 2496 2043 2529 ha-

1303 2551 1415 2584 beatur
1439 2561 1564 2594 semper
1587 2560 1680 2583 causa
1709 2560 1767 2593 pro
1795 2548 1974 2590 ordinaria,
2001 2549 2045 2582 ita

1303 2611 1335 2638 ut
1351 2605 1444 2638 etiam
1475 2603 1594 2638 ratione
1626 2602 1794 2636 sententiae
1811 2612 1913 2646 neque
1929 2603 2044 2636 notarii

1303 2669 1403 2703 neque
1428 2657 1546 2691 iudices
1570 2656 1739 2702 quicquam
1766 2661 1936 2701 propterea
1961 2657 2044 2691 acci-

2037 250 2086 276 An.
2106 249 2137 276 C.
2160 248 2227 278 ἴδη

2260 2199 2276 2298 t

2265 2987 2271 2990 ι
2263 2919 2275 2945 μὴ.
2261 2857 2275 2905 4243
2255 2799 2275 2843 *ῥ’
2260 2509 2276 2787 μυεςαΐξκαιιιϊεω
2261 2419 2276 2499 ⁴⁴4*
2273 2406 2275 2410 .

2267 3014 2275 3043 t-
