2293 3231
230 297 280 323 Aa.
295 295 313 320 ι’,
348 295 414 322 tsst7
460 286 521 320 401.

246 677 364 703 Verumque
378 677 413 695 he-

229 704 326 724 nentrum
366 710 403 722 sim

230 731 275 755 ple-x
289 737 309 750 ιιι
325 730 366 751 ιΙΙ;ι,
377 735 414 749 seu

230 758 272 777 alia
314 757 414 777 ercle-ia.

229 789 267 808 pru
278 788 319 803 uno
330 783 410 808 presby-

229 813 274 829 tero
285 810 376 829 seculari
387 808 414 828 ad

230 836 338 856 subeunda
364 840 414 855 ene·

231 868 253 882 ra
288 862 413 887 praedictae

230 888 334 909 ecclesiae
365 894 413 913 sup·

229 920 316 943 pressae
333 915 412 934 institui

229 941 286 961 iul-el

256 1418 297 1438 Pro
307 1417 353 1438 eius
363 1416 412 1437 dote

229 1444 358 1470 assignanda
372 1448 413 1463 om·

229 1471 264 1491 uia
291 1470 414 1496 praedictae

229 1497 335 1518 scelestae
358 1502 415 1517 umo-

229 1524 322 1544 tumenta
353 1528 414 1549 prae·

230 1553 262 1570 ter
278 1551 389 1571 translata.

256 2213 281 2234 Ei
294 2212 413 2234 huiuamodi

230 2240 357 2260 beneficium
383 2240 414 2259 ili-

230 2268 264 2286 cto
281 2266 353 2287 loanni
374 2266 414 2286 na-

230 2293 309 2318 pust-ie
329 2293 345 2312 ni
369 2293 415 2313 ido-

231 2325 282 2340 neus
320 2320 414 2339 extiterit

230 2350 278 2366 curn
293 2346 336 2365 suis
349 2346 414 2365 hono-

229 2372 288 2392 ribus
304 2374 324 2392 et
346 2377 414 2392 oneri-

231 2398 270 2418 bus
307 2398 414 2419 conseren-

231 2424 287 2444 dum.

429 344 599 376 sessionem
619 352 675 386 per
692 352 735 382 se,
754 342 801 374 vel
819 350 876 384 per
889 341 995 376 alium,
1011 352 1064 372 seu
1082 340 1170 376 alios,
1186 346 1189 383 ξ

429 408 538 429 eorum
564 403 591 428 et
617 394 876 438 Congregationis
902 393 1082 426 huiusmodi
1115 401 1189 426 iio-⁴

429 449 522 488 mine,
537 448 773 493 apprehendere
794 452 819 479 et
847 452 1001 490 perpetuo
1025 447 1171 486 retinere,

430 503 552 544 illisque
578 502 621 534 uti
647 507 674 533 et
702 502 858 543 gaudere,
884 501 1065 533 Dioecesani
1092 500 1171 538 loci,

431 555 475 587 rel
501 555 638 586 cuiusvis
657 554 795 594 alterius,
818 554 942 587 licentia
965 553 1102 598 desuper
1119 553 1172 586 mi-

429 607 511 640 nime
538 607 698 650 requisita.

475 661 489 700 ξ
513 660 542 693 9.
569 660 733 692 Praeterea
755 660 784 691 in
811 660 971 703 praedicta
996 660 1093 692 sancti
1115 661 1174 692 An-

408 713 534 753 ‘dreae,
560 724 612 746 sen
638 713 697 745 alia
723 712 854 746 eeclesia
881 713 937 745 tibi
963 713 1120 750 bencvisa,
1137 723 1172 744 u-

430 777 504 799 num
531 770 718 810 perpetuum
752 767 884 809 simplex
914 770 942 800 et
974 766 1171 810 personalem

430 820 630 852 residentiam
646 829 707 852 non
729 819 893 862 requirens
910 819 1097 852 beneficium
1114 818 1173 851 sub

429 872 569 905 eiusdem
595 873 692 905 saneti
718 872 871 909 Andreae,
897 884 951 905 seu
973 873 1033 906 alia
1052 873 1174 905 invoca-

429 925 523 966 tione,
548 936 606 969 pro
632 936 693 959 uno
711 926 826 959 elerico
851 936 906 958 seu
924 926 1108 969 presbytero
1125 936 1172 958 se.-

1013 292 1196 318 numantia
1216 291 1369 317 Romnum

429 979 538 1020 cidari,
563 983 716 1023 perpetuo
738 979 844 1012 futuro
869 979 953 1012 illius
976 979 1172 1016 beneficiato,

429 1032 482 1077 qui
509 1033 630 1076 reliqua
647 1032 751 1076 primo
771 1032 871 1065 dictae
896 1032 1055 1074 ecelesiae,
1077 1032 1174 1064 illius-

429 1096 490 1130 que
515 1086 658 1125 rectoris,
683 1091 809 1129 praeter
834 1096 928 1118 curae
948 1086 1125 1118 animarum
1143 1090 1170 1117 et

428 1144 702 1171 sacramentorum
720 1139 1004 1171 ecclesiastieorum
1023 1138 1172 1171 adminis-

429 1192 572 1225 trationis
604 1192 820 1225 incnmbentia
855 1202 952 1225 onera
985 1197 1173 1235 supportare

431 1250 582 1286 teneatur,
608 1246 701 1279 etiam
727 1251 890 1290 perpetuo,
916 1246 984 1277 sine
1003 1251 1106 1277 tamen
1122 1245 1174 1277 ali-

430 1298 519 1331 euius
550 1298 767 1342 praeiudicio,
792 1298 953 1342 praedicta
987 1298 1172 1331 auctoritate

430 1353 539 1384 nostra
565 1351 668 1393 erigas
682 1357 709 1384 et
730 1352 882 1384 instituas.

474 1404 489 1447 {i
509 1404 560 1437 ¹10.
582 1405 692 1449 Illique
712 1405 756 1438 sic
772 1411 878 1438 erecto
895 1411 925 1437 et
946 1406 1097 1447 instituto,
1115 1415 1173 1448 pro

430 1458 497 1491 eius
521 1458 592 1491 dote
610 1465 639 1491 ct
656 1459 750 1491 l'uturi
774 1459 948 1491 beneficiati
977 1469 1172 1501 onerumque

431 1510 473 1542 illi
501 1511 751 1543 incumbentium
786 1512 1043 1554 supportatione.
1069 1511 1173 1543 omnia

431 1569 457 1595 et
474 1563 598 1606 singula
611 1564 670 1596 alia
684 1564 787 1607 primo
801 1564 901 1597 dietae
915 1565 1065 1597 eeclesiae
1082 1564 1173 1601 bona,

431 1618 561 1657 fruetus,
581 1617 731 1659 redditus,
752 1624 933 1661 proventus,
951 1618 1018 1650 iura
1035 1623 1063 1650 et
1082 1617 1175 1650 aetio-

430 1680 496 1710 nes,
521 1676 743 1713 praeterquam
768 1670 911 1703 abdicata
932 1676 961 1703 et
979 1671 1128 1703 translata
1145 1674 1172 1704 et

429 1733 579 1756 concessa
605 1729 631 1756 et
658 1724 826 1766 assignata,
851 1736 867 1756 a
893 1725 996 1767 primo
1020 1724 1103 1756 dieta
1128 1734 1174 1756 ee-

429 1776 523 1808 clesia
542 1777 801 1810 disnwmlirando
815 1783 842 1809 et
858 1777 1043 1821 separando,
1060 1778 1089 1809 in
1107 1788 1174 1821 pei·-

430 1835 569 1872 petuuin,
586 1831 772 1863 auctoritate
790 1833 897 1863 nostra
915 1830 1105 1871 liuiusmodi,
1122 1841 1175 1874 ap-

430 1882 525 1924 plices
556 1888 586 1915 et
618 1884 819 1927 appropries:
856 1884 896 1915 ita
929 1883 1012 1928 quod
1049 1884 1174 1915 futurus

430 1935 634 1969 beneficiatus
659 1936 838 1979 praedictus
862 1947 972 1969 eorum
998 1936 1173 1979 possessio-

430 1997 500 2020 nem
526 1988 619 2021 etiam
646 1989 896 2032 appi*eln.¹n‹lei'e‚
915 1989 1030 2032 illaque
1048 1989 1173 2027 habere,

430 2041 595 2085 percipere
620 2048 646 2075 el
674 2043 835 2085 consequi,
851 2053 886 2075 ae
905 2042 935 2074 in
958 2052 1031 2074 suos
1051 2052 1126 2074 usus
1145 2047 1171 2073 et

429 2094 595 2128 utilitatem
621 2101 815 2133 convertere,
836 2096 954 2139 absque
974 2096 1107 2128 alieuius
1131 2095 1174 2127 al-

431 2148 528 2181 terius
553 2148 690 2190 licentia,
717 2149 814 2181 libere
839 2149 933 2191 possit
962 2154 991 2181 et
1012 2149 1120 2181 valeat.

475 2204 489 2243 ,ξ
519 2202 564 2234 1’1.
592 2202 625 2234 ΕΙ
653 2202 858 2235 nihilominus
882 2202 1070 2234 hene-licium
1089 2214 1176 2245 prae·

429 2255 548 2287 ‹lit-tum
575 2255 685 2297 <vuius
717 2261 745 2288 et
772 2256 814 2287 illi
841 2257 944 2288 l'orsan
978 2265 1173 2288 annexorum

431 2310 551 2343 fruetus
566 2336 573 2350 ‚
607 2309 748 2342 redditus
769 2315 798 2341 et
818 2315 1004 2353 proventus,
1029 2315 1175 2352 quatuor-

430 2363 531 2395 deeim
557 2362 743 2395 ducatorui‘n
770 2363 893 2405 parium
919 2362 1091 2395 secundum
1117 2374 1171 2394 ae-

431 2416 641 2449 stimationem
655 2416 848 2459 praedictam
867 2416 1005 2449 valorem
1023 2425 1174 2455 annuum,

432 2475 463 2501 ut,
480 2469 598 2513 pariter
615 2469 776 2509 asseritur,
794 2479 855 2501 non
873 2468 1058 2511 excedunt),
1076 2479 1093 2500 a
1110 2468 1175 2512 pri-

431 2525 538 2555 maeva
559 2523 716 2556 erectione
734 2528 763 2555 et
778 2522 971 2556 institutione
993 2521 1173 2555 huiusmodi

432 2586 554 2615 vacans,
578 2575 662 2607 «licto
688 2575 792 2608 loanni
815 2575 979 2618 Baptistae,
1007 2580 1174 2618 postquam

432 2635 533 2661 tamen
559 2641 614 2672 per
639 2629 820 2671 diligentem
847 2629 1110 2661 examinationem
1130 2629 1174 2661 di-

431 2688 514 2715 ctum
533 2682 679 2716 loannem
698 2683 866 2726 baptistam
886 2684 924 2715 ad
943 2685 1004 2716 hoc
1021 2683 1171 2715 idoneum

1963 290 2012 318 Au.
2026 290 2055 318 C.
2077 290 2144 319 tet?

1205 350 1272 372 esse
1298 339 1475 382 repereris,
1500 347 1597 383 super
1627 349 1691 383 quo
1723 338 1945 373 conscientiam

1207 397 1290 426 tuam
1315 402 1494 432 oneramus,
1511 391 1671 435 praedicta
1689 393 1873 426 auctoritate
1889 402 1946 425 no-

1206 448 1271 478 stra
1296 446 1438 478 conseras
1453 450 1481 478 et
1499 445 1650 487 assignes,
1669 444 1818 479 inducens
1834 456 1891 489 per
1906 451 1946 486 te,

1207 499 1253 531 vel
1273 498 1390 539 alium,
1416 508 1470 531 seu
1501 498 1596 537 alios,
1620 498 1766 531 eumdem
1800 499 1946 532 loannem

1208 552 1395 596 Baptistam,
1424 552 1471 584 vel
1500 558 1739 596 procuratorem
1765 562 1857 585 suum
1881 552 1948 585 eius

1207 606 1346 643 nomine,
1372 606 1403 638 in
1423 605 1622 649 corporalem
1647 606 1879 650 possessionem
1896 606 1949 639 he-

1206 660 1327 699 neticii,
1345 670 1380 692 ae
1398 669 1604 700 annexorum,
1629 659 1809 703 iuriumque
1826 664 1855 692 et
1880 669 1950 703 per-

1208 713 1409 746 tinentiarum
1443 713 1694 757 praedictorum
1719 723 1755 746 ac
1780 712 1949 746 defendens

1208 766 1388 807 inductum,
1414 772 1519 799 amoto
1544 765 1654 799 exinde
1675 766 1813 810 quolibet
1839 766 1948 799 illicito

1207 818 1386 858 detentore;
1411 830 1446 852 ae
1469 818 1585 852 faciens
1605 819 1752 852 loannem
1768 819 1948 862 Baptistam,

1208 872 1254 904 vel
1282 883 1340 915 pro
1364 882 1401 905 eo
1426 877 1666 916 procuratorem
1691 871 1897 915 praedictum,
1910 872 1948 905 ad

1207 925 1394 958 beneficium
1420 925 1612 966 huiusmodi,
1638 930 1671 958 ut
1695 930 1741 958 est
1766 925 1874 966 moris,
1900 926 1950 958 ad-

1207 979 1298 1019 mitti,
1323 979 1446 1023 sibique
1463 979 1501 1012 de
1517 979 1611 1020 illius,
1636 990 1671 1012 ac
1688 989 1884 1013 annexorum
1901 989 1951 1012 eo-

1207 1029 1351 1062 rumdem
1383 1030 1548 1070 fructibus,
1574 1029 1763 1070 redditibus,
1788 1030 1948 1074 proventi-

1208 1083 1282 1121 bus,
1310 1083 1431 1115 iuribus
1463 1087 1491 1117 et
1523 1083 1766 1117 obventionibus
1794 1083 1950 1116 universis

1208 1137 1328 1179 integre
1356 1137 1556 1180 rosponderi3
1583 1136 1831 1170 contradictores
1847 1141 1950 1170 aucto-

1207 1189 1298 1223 ritate
1323 1191 1430 1222 nostra
1456 1189 1627 1233 praedicta,
1645 1189 1852 1233 appellatione
1866 1195 1949 1233 post-

1206 1243 1317 1286 posita.
1342 1243 1579 1286 compescendo.

1251 1297 1266 1339 ᾗ
1297 1297 1348 1330 112).
1384 1297 1453 1330 Non
1481 1297 1677 1330 obstantibus
1707 1297 1888 1340 praemissis
1919 1301 1948 1331 et

1207 1352 1314 1382 nostra
1333 1349 1370 1382 ‹lc
1389 1349 1595 1393 exprimendo
1615 1360 1691 1383 vero
1709 1360 1813 1383 annuo
1830 1350 1947 1391 valore,

1207 1402 1377 1434 seeundum
1395 1402 1643 1436 aestimationem
1664 1402 1870 1446 praedictam,
1884 1407 1947 1435 tam

1208 1455 1351 1488 benelicii
1366 1455 1505 1494 uniendi,
1523 1466 1616 1499 quam
1636 1455 1729 1496 illius,
1746 1455 1796 1488 eui
1814 1456 1847 1488 sit
1865 1455 1949 1496 unio,

1208 1519 1263 1541 nee
1273 1519 1335 1541 non
1346 1509 1414 1552 piae
1423 1509 1595 1541 memoriae
1605 1509 1754 1542 Bonisaeii
1765 1509 1865 1553 Papae
1874 1509 1950 1549 vill,

1208 1562 1353 1594 similiter
1383 1562 1636 1605 praedecessoris
1667 1563 1786 1603 nostri,
1819 1562 1950 1606 aliisque

1208 1614 1485 1648 constitutionibus
1508 1621 1536 1647 et
1562 1615 1813 1649 ordinationibus
1829 1620 1952 1659 aposto-

1208 1669 1276 1701 licis
1300 1668 1468 1701 contrariis
1492 1668 1761 1713 quibuscumque:
1787 1674 1839 1701 aut
1857 1669 1881 1701 si
1898 1669 1952 1701 ali-

1207 1722 1277 1765 qui,
1294 1732 1389 1765 super
1407 1721 1639 1765 provisionibus
1658 1722 1716 1754 sibi
1742 1721 1892 1754 faciendis
1912 1722 1950 1754 de

1209 1775 1388 1808 huiusmodi
1402 1775 1448 1807 vel
1463 1774 1532 1806 aliis
1546 1774 1707 1807 lieneliciis
1732 1774 1951 1807 ecclesiasticis

1209 1829 1237 1861 in
1264 1829 1325 1861 illis
1356 1828 1514 1872 partibus,
1540 1828 1689 1872 speciales
1715 1829 1762 1860 vel
1787 1828 1951 1871 generales

1208 1881 1309 1915 dietae
1332 1881 1420 1914 Sedis
1452 1885 1504 1914 aut
1540 1881 1715 1922 legatorum
1741 1881 1808 1913 cius
1830 1880 1951 1913 litteras

1208 1935 1416 1978 impetrarint,
1442 1934 1560 1968 etiamsi
1586 1944 1643 1977 per
1667 1944 1719 1967 eas
1738 1934 1776 1966 ad
1794 1933 1952 1967 inhibitio-

1208 1998 1290 2028 nem,
1308 1988 1554 2021 reservationem
1573 1992 1602 2020 et
1620 1987 1793 2027 decretum,
1810 1987 1857 2019 vel
1875 1986 1952 2019 alias

1208 2040 1447 2085 quomodolibet
1464 2041 1502 2073 sit.
1519 2051 1716 2084 processum,
1731 2051 1809 2084 quas
1824 2040 1951 2084 quidem

1209 2095 1329 2128 litteras
1354 2101 1380 2127 et
1409 2105 1576 2138 processus
1601 2095 1724 2128 habitos
1741 2105 1799 2138 per
1815 2094 1952 2134 easdem,

1209 2160 1243 2181 ae
1269 2148 1340 2180 inde,
1364 2154 1496 2192 sequuta
1520 2158 1750 2192 quaecumque,
1774 2148 1812 2181 ad
1832 2147 1953 2192 praedi-

1209 2207 1289 2234 ctam
1324 2202 1489 2234 eeclesiam
1520 2201 1615 2235 saneti
1641 2201 1782 2234 Andreae
1806 2201 1952 2234 volumus

1208 2265 1269 2287 nou
1285 2255 1420 2294 extendi,
1435 2255 1488 2287 sed
1502 2255 1622 2287 nullum
1641 2264 1698 2297 per
1714 2254 1774 2287 hoc
1788 2254 1832 2286 eis
1847 2253 1950 2297 quoad

1209 2308 1463 2352 asseqnutionem
1478 2308 1704 2340 beneficiorum
1717 2307 1851 2340 aliorum
1865 2315 1952 2350 prae-

1210 2361 1360 2393 iudicium
1387 2361 1542 2403 generari.

1254 2417 1268 2456 ,ξ
1295 2414 1343 2446 vl.
1371 2415 1432 2447 Nos
1457 2414 1540 2446 enini
1566 2413 1667 2457 quoad
1694 2411 1949 2455 resignationem,
1965 2430 2076 2452 mmm„
2091 2435 2154 2456 pm-

1209 2473 1303 2510 prout
1320 2472 1384 2507 est,
1409 2467 1433 2499 si
1455 2469 1636 2500 attentatum
1654 2466 1759 2498 forsan
1781 2470 1828 2498 est
1847 2457 2082 2510 liacte-{5:,}?1¹f‘'³³
2113 2456 2150 2478 ἀ’

1208 2531 1277 2561 nus,
1304 2521 1351 2553 vel
1377 2520 1603 2564 imposterum,
1628 2524 1658 2552 et
1682 2518 1784 2562 quoad
1813 2518 1898 2550 illam
1919 2523 1947 2550 et

1209 2574 1268 2606 alia
1286 2573 1460 2617 praemissa
1478 2571 1667 2611 huiusmodi,
1683 2571 1847 2613 dictusque
1865 2571 1952 2604 loan-

1208 2638 1263 2660 nes
1289 2627 1423 2670 Baptista
1447 2626 1484 2658 ad
1511 2626 1568 2657 lior
1594 2629 1737 2667 repertus
1762 2624 1855 2657 suerit
1876 2624 1947 2657 ido-

1209 2692 1295 2719 neus,
1310 2691 1346 2713 ev
1364 2689 1446 2712 nunt·
1465 2678 1594 2722 perinde
1612 2678 1735 2711 irritum
1749 2678 1948 2711 decernimus

1983 1308 2005 1328 Ιιι
2019 1307 2148 1328 contrarium

1964 1334 2091 1355 lactentibus
2111 1334 2149 1354 do-

1964 1362 2031 1386 rogat.
