2293 3231
32 227 69 256 ἴ

48 287 63 302 Δ
81 287 135 316 Aa.
147 285 176 314 c.
198 285 267 315 1612

50 334 65 365 ,ἒ

116 822 258 845 Prooemium.

104 1351 240 1378 Privitegium
249 1351 276 1372 de

59 1383 62 1387 ¹
92 1384 134 1406 quo
143 1378 166 1400 in
175 1378 268 1400 rubrica.

51 2271 62 2757 ffl—-mffl—...„„
54 2236 55 2240 Α
53 2194 56 2215 ,Δ
53 2118 69 2176 -37
53 2063 55 2096 „st
52 2031 53 2034 „
52 1981 66 1997 ⁴&

82 2514 86 2539 Η
79 2455 87 2463 ,-
74 2243 93 2299 1,»ΙΔ
82 2215 85 2218 Δ
76 2147 78 2149 ,

35 2855 39 2860 .
26 2672 45 2844 ‚firm-.-
31 2523 42 2656 <„-..÷c1..
32 2503 39 2514 ,.

929 288 1049 313 PAtLvs
1073 288 1093 312 V
1118 288 1165 313 PP.

592 335 724 369 CCXVII.

284 422 508 455 Seminarium
527 422 751 466 Aaqlicammz
773 423 807 456 in
824 423 941 467 oppido
961 423 1027 456 Μα-

330 476 402 514 ινίιί
421 475 594 509 Τοῖείαηαε
607 476 756 509 dioecesis
767 477 926 509 eximitur
942 487 963 509 a
980 477 1027 509 iu-

330 527 518 562 risdictione
535 528 782 573 archiepiscopi,
792 533 821 561 ct
840 529 1026 562 immediate

329 581 506 614 subiicitur
529 581 606 616 Sedi
629 580 867 626 Apostol2·cae⁴.

522 671 633 698 Paulus
653 671 733 705 rapa
753 671 774 697 V
782 692 790 704 ‚

409 733 445 761 ad
466 737 642 768 perpetuam
661 733 707 761 rei
722 733 903 761 memoriam.

332 813 501 847 Pastoralis
516 814 610 847 officii
636 824 721 855 cura,
742 814 863 846 meritis
885 814 958 847 lieet
975 809 1046 846 im-'

286 866 428 911 paribuS,
452 866 543 900 nobis
559 877 596 900 ex
617 867 680 900 alto
696 867 863 899 commissa
884 867 1028 910 postulat,

287 924 321 952 ut
344 929 398 959 ea,
430 929 509 963 quae
540 919 667 962 piorum
690 920 833 952 locorum
857 919 1030 962 quorumli-

287 972 350 1013 bet,
367 972 555 1016 praesertim
572 972 780 1015 collegiorum
798 978 829 1005 et
845 972 1030 1006 seminario-

288 1036 359 1058 rum
372 1025 410 1058 ad
423 1025 592 1058 iuventutis
605 1025 787 1068 religiosam
800 1025 1029 1065 educationem,

288 1088 324 1111 ac
340 1078 372 1111 in
389 1077 618 1118 ecclesiasticis,
642 1078 772 1121 aliisque
787 1078 976 1111 salutaribus
988 1078 1031 1111 di-

289 1131 431 1175 sciplinis
455 1131 683 1165 institutionem
707 1132 761 1176 pie
785 1132 1029 1172 instructorum,

290 1185 459 1228 tranquillo
477 1185 580 1225 statui,
596 1185 741 1228 felicique
760 1186 942 1229 progressui
959 1196 1032 1219 con-

289 1237 417 1279 ducunt,
431 1238 565 1271 libenter
577 1239 797 1279 concedamus,
816 1245 911 1283 prout
928 1240 959 1272 in
975 1240 1032 1273 Do-

290 1292 376 1325 mino
401 1292 615 1336 conspicimus
639 1292 807 1325 salubriter
827 1293 985 1336 expedire.

335 1347 350 1390 §
382 1347 411 1379 ¹1.
437 1346 562 1390 ltaque,
585 1346 716 1379 dilectos
746 1346 828 1379 filios
857 1351 1031 1387 rectorem,

291 1400 462 1440 scholares,
487 1400 649 1433 ministros
666 1406 695 1433 et
712 1400 788 1433 alias
804 1411 956 1444 personas
973 1402 1032 1434 col·
1048 1441 1050 1448 χ

291 1454 376 1497 legii,
400 1465 455 1487 seu
471 1454 631 1487 seminarii
648 1455 783 1487 nationis
802 1455 983 1497 anglicanae
1002 1456 1031 1488 in
1048 1449 1049 1453 ¹

291 1507 410 1551 oppido
434 1507 547 1540 Matriti
578 1508 744 1540 Toletanae
769 1508 920 1541 dioecesis
945 1519 1034 1541 cano-

291 1560 361 1593 nice
385 1560 500 1600 erecti,
525 1566 558 1593 ut
582 1561 757 1605 apostolico
781 1561 940 1604 praesidio
970 1562 1034 1594 suf-

291 1613 377 1654 sulti,
401 1619 433 1646 et
457 1624 473 1645 a
497 1613 658 1657 quibusvis
682 1614 974 1657 perturbationibus
1003 1621 1033 1648 et

291 1665 527 1709 gravaminibus
551 1667 740 1707 releventur,
761 1672 789 1699 et
808 1667 839 1699 in
864 1669 920 1699 sua
946 1678 1035 1700 roca-

291 1718 376 1752 tione
400 1719 507 1752 utilius
531 1719 717 1764 persistant,
742 1720 928 1764 specialibus
952 1721 1034 1754 savo-

293 1772 380 1805 ribus
405 1778 436 1806 et
459 1773 568 1816 gratiis
593 1773 740 1817 prosequi
766 1774 916 1814 volentes,
934 1779 961 1807 et
979 1785 1033 1807 eo-

293 1839 364 1861 rum
389 1828 566 1871 singulares
588 1838 741 1872 personas
765 1839 782 1861 a
806 1829 968 1872 quibusvis
985 1840 1034 1862 ex-

293 1881 596 1922 communicationis,
610 1882 824 1925 suspensionis
834 1887 861 1915 et
877 1882 1033 1916 interdicti

293 1934 425 1978 aliisque
449 1934 670 1968 ecclesiasticis
694 1935 867 1975 sententiis,
893 1936 1034 1969 censuris

294 1993 325 2020 et
348 1987 476 2031 poenis,
501 1998 518 2019 a
543 1987 611 2020 iure
636 1988 685 2020 rel
702 1987 740 2020 ab
761 1987 899 2027 homine,
926 1988 1034 2031 quavis

294 2040 459 2073 occasione
485 2040 531 2072 vel
556 2041 650 2072 causa
673 2040 753 2079 latis,
779 2040 803 2073 si
828 2041 942 2084 quibus
961 2052 1036 2084 quo-

295 2092 468 2136 modolibet
484 2092 650 2125 innodatae
670 2093 818 2133 existunt,
835 2093 874 2125 ad
890 2094 1034 2127 effectum

295 2145 509 2189 praesentium
523 2145 682 2179 dumtaxat
699 2147 966 2190 consequendum,
984 2148 1036 2181 lia—

295 2209 366 2232 rum
392 2198 474 2232 serie
499 2198 709 2240 absolventes,
734 2204 764 2232 et
787 2200 945 2233 absolutas
970 2201 1035 2235 sore

296 2256 469 2292 censent-es,
486 2251 768 2296 supplicationibus
785 2263 895 2286 eorum
909 2254 1035 2287 nomine

295 2305 386 2339 nobis
410 2316 505 2349 super
522 2305 582 2338 hoc
602 2305 764 2338 humiliter
780 2306 935 2349 porrectis
952 2306 1037 2340 ineli-

296 2358 378 2399 nati,
403 2358 572 2401 collegium
597 2369 652 2391 seu
683 2358 887 2391 seminarium
911 2360 1036 2402 praedi-

298 2416 403 2453 ctum,
428 2412 575 2456 illiusque
600 2417 775 2452 rectorem,
800 2423 836 2445 ac
860 2412 1036 2454 scholares,

297 2461 460 2499 ministrffs
483 2471 514 2499 et
537 2466 614 2499 alias
636 2477 788 2510 personas
811 2476 1037 2510 quascumque,

296 2529 354 2552 nec
370 2529 434 2552 non
447 2519 588 2553 eiusdem
602 2530 652 2553 res
669 2525 698 2552 et
715 2520 797 2553 bona
810 2530 1037 2564 quaecumque,

298 2571 337 2604 ab
360 2571 446 2605 omni
462 2577 491 2605 et
507 2582 705 2616 quacumque
729 2572 955 2613 iurisdictione,
972 2583 1039 2605 cor-

336 2688 348 2714 1
370 2687 407 2714 Ex
428 2687 536 2723 Regest.
557 2687 584 2715 in
604 2687 706 2716 Secret.
724 2688 805 2716 Brev.

1710 277 1769 312 183

1061 336 1213 376 rectione,
1240 336 1415 370 visitatione
1442 335 1661 380 superioritate
1688 341 1718 367 ct
1746 345 1800 379 po-

1059 393 1168 421 testate
1193 388 1335 436 moderni
1354 394 1382 421 et
1401 400 1459 432 pro
1476 394 1618 432 tempore
1644 387 1802 420 existentis

1060 441 1286 485 archiepiscopi
1305 442 1445 475 Toletani
1463 441 1607 484 illiusque
1622 440 1801 474 ollicialium

1060 498 1087 525 et
1114 494 1330 527 ministrortuu
1357 504 1647 537 quorumcumque,
1673 497 1801 536 aposto-

1060 547 1118 579 lica
1144 547 1340 583 auctoritate,
1365 553 1473 581 tenore
1495 547 1720 591 praesentium,
1740 552 1802 578 tam

1062 599 1092 631 in
1116 599 1298 632 universum
1323 611 1417 643 quam
1439 600 1632 643 singillatim,
1649 605 1803 643 perpetuo

1061 652 1226 685 eximimus
1243 658 1271 685 et
1289 653 1470 691 liberamus,
1489 653 1619 696 illosque
1633 658 1663 685 et
1679 653 1732 685 illa
1746 652 1804 685 sub

1061 705 1143 737 beati
1164 705 1263 745 Petri,
1285 716 1318 737 ac
1336 708 1444 739 nostra
1462 711 1488 738 et
1509 707 1597 739 Sedis
1615 706 1804 750 apostolicae

1063 758 1257 801 protectione
1283 759 1486 802 suscipimus,
1512 759 1666 802 nobisque
1692 765 1719 791 et
1746 770 1804 803 pro

1062 816 1204 854 tempore
1230 812 1374 844 existenti
1392 813 1533 845 Romano
1551 812 1693 845 l'ontitici
1710 812 1804 844 etiam

1062 868 1216 908 perpetuo
1241 865 1444 905 subiieimus3
1468 866 1508 898 ita
1526 871 1557 898 ut
1579 866 1758 904 modernus,
1776 871 1802 897 vt

1062 928 1121 960 pro
1134 923 1276 961 tempore
1297 918 1431 951 existens
1445 919 1704 962 archiepiscopus
1717 929 1806 962 prae-

1063 970 1174 1011 dictus,
1199 971 1328 1015 eiusque
1353 971 1502 1005 officiales
1527 977 1556 1004 et
1581 971 1726 1011 ministri,
1751 972 1802 1003 ul-

1064 1024 1143 1063 lam,
1164 1025 1275 1068 quovis
1308 1030 1469 1068 praetextu
1494 1030 1521 1057 et
1548 1036 1584 1057 ex
1609 1035 1805 1068 quacumque

1064 1079 1169 1117 causa,
1181 1077 1338 1110 indictum
1349 1077 1564 1118 seminarium,
1574 1077 1703 1120 eiusque
1713 1077 1805 1116 bona,

1065 1135 1237 1170 rectorem,
1262 1131 1452 1171 ministrum,
1477 1130 1646 1171 scholares,
1672 1141 1707 1164 ac
1732 1130 1807 1163 alias

1064 1193 1227 1227 personas,
1246 1194 1296 1216 res
1321 1189 1349 1216 et
1375 1183 1457 1216 bona
1473 1194 1701 1226 quaecumque,
1719 1183 1807 1216 iuris-

1065 1236 1251 1277 dictionem,
1277 1237 1526 1277 correctionem,
1550 1241 1753 1280 potestatem,
1779 1243 1805 1268 et

1066 1290 1319 1334 superioritatem
1339 1290 1456 1323 habere
1470 1295 1499 1323 et
1513 1301 1660 1323 exercere
1679 1290 1806 1323 minime

1066 1344 1197 1388 possint.

1112 1398 1126 1441 ξ
1140 1397 1387 1431 ⁵2.Dec·el'1lellles
1402 1404 1585 1442 praesentes
1598 1398 1718 1431 litteras
1731 1408 1807 1430 sem-

1066 1462 1122 1495 per
1138 1456 1167 1484 et
1185 1457 1341 1495 perpetuo
1356 1451 1483 1492 validas,
1498 1451 1605 1484 tii-mas
1618 1456 1647 1484 et
1664 1451 1807 1484 efficaces

1066 1504 1200 1537 existere
1218 1511 1245 1537 et
1266 1506 1342 1545 sore,
1363 1516 1420 1537 nec
1445 1515 1507 1538 non
1532 1505 1676 1547 collegio,
1694 1515 1749 1537 seu
1764 1515 1808 1537 se-

1068 1558 1201 1590 minario
1226 1563 1255 1590 et
1280 1558 1348 1590 aliis
1370 1558 1540 1602 praedictis
1557 1558 1588 1590 in
1613 1558 1759 1591 omnibus
1778 1564 1804 1590 ‹·t

1068 1622 1125 1655 per
1149 1612 1254 1645 onmia
1278 1611 1458 1655 plenissime
1488 1611 1671 1654 suffragari:
1702 1612 1807 1655 sicque

1068 1675 1125 1708 per
1142 1676 1358 1708 quoscumque
1379 1665 1497 1698 iudices
1515 1664 1693 1698 ordinarios
1710 1670 1740 1697 et
1759 1665 1808 1697 de-

1067 1719 1196 1761 lcgatos,
1222 1719 1316 1751 etiam
1333 1729 1498 1751 causarum
1517 1718 1624 1762 palatii
1641 1717 1806 1762 apostolici

1068 1772 1226 1804 auditores
1252 1772 1384 1813 (sublata
1410 1772 1464 1811 eis,
1489 1777 1517 1804 et
1544 1782 1654 1804 eorum
1681 1771 1806 1804 cuilibet

1068 1826 1177 1869 quavis
1197 1825 1288 1858 aliter
1305 1825 1461 1858 iudicandi
1475 1831 1502 1857 et
1522 1825 1748 1869 interpretandi
1766 1826 1809 1857 sa-

1067 1879 1180 1912 cultatc
1205 1885 1233 1911 et
1258 1878 1456 1922 auctoritate)
1480 1878 1610 1911 iudicari
1631 1885 1659 1911 et
1685 1878 1808 1911 definiri

1067 1932 1193 1969 debere,
1219 1943 1253 1965 ac
1278 1932 1403 1965 irritum
1421 1938 1449 1965 et
1480 1932 1571 1965 inane
1596 1932 1747 1976 quidquid
1765 1943 1810 1965 se-

1068 1997 1122 2019 cus
1147 1997 1242 2030 super
1267 1986 1315 2018 liis
1338 1997 1355 2018 a
1380 1996 1549 2029 quoquam,
1575 1985 1683 2029 quavis
1708 1991 1810 2019 aucto-

1068 2040 1169 2079 ritate,
1194 2039 1328 2072 scienter
1351 2039 1400 2072 vel
1424 2039 1617 2082 ignoranter,
1642 2039 1807 2081 contigerit

1069 2093 1225 2126 attentari.

1113 2149 1128 2190 g
1151 2146 1180 2179 3.
1205 2146 1358 2186 Quocirca
1375 2146 1541 2186 iudicibus,
1558 2157 1575 2178 a
1591 2157 1648 2190 pro
1665 2152 1808 2190 tempore

1069 2200 1218 2233 existente
1244 2205 1422 2244 protectore
1447 2200 1520 2234 dicti
1546 2200 1705 2232 smuinarii
1727 2199 1809 2232 simi-

1070 2253 1140 2286 liter
1165 2264 1224 2297 pro
1249 2259 1393 2297 tempore
1419 2253 1629 2291 nominandis,
1647 2263 1703 2296 per
1718 2263 1809 2296 prae-

1070 2311 1173 2339 sentes
1193 2307 1419 2339 committimus
1444 2312 1471 2339 et
1491 2306 1685 2346 mandamus,
1706 2312 1810 2350 quate-

1070 2369 1128 2392 nus
1152 2360 1223 2403 ipsi,
1239 2360 1288 2393 vel
1304 2360 1376 2400 duo,
1395 2366 1446 2392 aut
1463 2370 1543 2392 unus
1565 2370 1675 2392 eorum
1693 2370 1750 2403 per
1767 2370 1810 2399 se,

1070 2413 1119 2445 rel
1143 2413 1253 2452 atium,
1278 2423 1331 2445 seu
1357 2413 1451 2453 alios,
1476 2418 1657 2456 praesentes
1681 2412 1810 2453 litteras,

1071 2471 1100 2499 et
1132 2466 1163 2498 in
1191 2465 1236 2498 eis
1265 2471 1409 2498 contenta
1439 2476 1676 2508 ‹piaecunique,
1702 2465 1753 2498 ubi
1782 2472 1808 2498 et

1071 2519 1195 2562 quando
1220 2529 1300 2562 opus
1323 2519 1427 2559 suerit,
1452 2524 1479 2551 ct
1507 2518 1629 2562 quoties
1646 2529 1705 2562 pro
1723 2526 1810 2563 part·-

1072 2572 1204 2605 rectoris
1229 2577 1256 2604 et
1277 2572 1488 2615 collegi-alium
1512 2583 1547 2604 ac
1565 2572 1698 2605 aliorum
1719 2583 1810 2616 prae-

1071 2625 1227 2658 dictorum
1253 2635 1307 2657 seu
1331 2624 1463 2657 alicuius
1486 2635 1596 2657 eorum
1625 2625 1741 2658 suerint
1765 2636 1811 2658 re-

1072 2678 1188 2722 quisiti,
1213 2678 1395 2711 solemniter
1414 2678 1618 2722 publicantes,
1635 2678 1761 2721 illisque
1777 2678 1808 2711 in

1815 287 1865 313 An.
1880 285 1908 313 C.
1933 284 1998 313 1612

1849 1407 1966 1427 Clausutae.

1853 2152 2008 2178 Exequutorem

1825 2180 1943 2206 deputatio.
