2293 3231
265 282 314 309 Αιι.
329 281 360 308 C.
379 280 446 308 16¹3

289 499 429 522 Prooemium.

286 1570 389 1592 Heni-icus
399 1569 444 1595 epi-

259 1603 337 1624 scopus
385 1597 444 1617 Pari-

258 1625 335 1646 siensis
355 1625 375 1644 et
399 1623 443 1644 Ma-

261 1653 292 1673 ria
313 1650 443 1679 Francorum

260 1679 334 1705 regina
364 1676 444 1706 suppli:

258 1707 308 1727 cant
347 1702 444 1725 Pontifici

258 1737 296 1758 pro
312 1730 443 1759 institutione

259 1757 435 1784 Congregatioms

259 1786 343 1812 piorum
373 1788 444 1804 sacci--

259 1812 332 1839 dotum
343 1811 364 1831 in
375 1815 401 1831 oo
411 1815 444 1830 re-

259 1844 306 1865 gno,
316 1839 406 1864 eiusque
415 1841 445 1856 re·

259 1866 328 1889 aimen
343 1864 406 1885 Petro
417 1862 443 1883 de

260 1891 343 1913 Berulle
357 1889 444 1919 presby3

259 1921 304 1940 tero
328 1917 443 1938 Parisiensi

260 1945 410 1967 committatur.

492 271 555 306 020ss

686 331 798 358 Paulus
818 330 981 364 Episcopus

659 391 766 412 servus
782 391 937 411 servorum
953 383 1015 417 Dei,

575 429 611 455 ad
627 431 803 462 perpetuam
818 429 864 455 rei
883 428 1064 456 memoriam.

507 491 731 523 Sam-osanetae
750 490 908 523 Romanae
926 490 1094 531 Ecclesiae,
1112 501 1205 534 quam

462 545 514 577 Dei
542 544 720 587 unigenitus
757 544 842 577 lesus
877 544 1019 578 Clu-istus
1055 545 1206 578 Dominus

461 603 578 637 noster,
596 602 707 630 auctor
731 596 797 640 ipse
824 597 948 640 piorum
973 607 1119 641 operum,
1137 598 1206 631 sun-

460 650 554 689 (larit‚
569 650 714 693 regimini
733 652 881 694 suprema
898 650 1103 694 dispositione
1119 662 1207 695 prae·

460 703 613 743 sidentes,
631 713 689 746 pro
717 703 808 736 nobis
833 703 993 737 commissi
1018 705 1125 748 gregis
1149 705 1205 739 do-

460 757 566 790 minici
588 767 743 802 prospero
768 761 847 791 statu
865 762 893 792 et
911 759 1088 792 animarum
1106 760 1204 793 salute

459 810 584 844 solliciti
609 821 677 844 esse
702 811 940 855 compellimur,
969 817 999 845 et
1023 822 1059 845 ea
1083 812 1205 846 sincere

458 869 602 897 tenemur
627 865 786 908 amplecti,
807 875 888 909 quae
913 865 950 898 ad
976 865 1203 899 incrementum

459 917 621 960 religionis
646 918 820 961 pertinent,
841 923 869 951 ct
894 918 931 952 ad
957 919 1109 952 virtutum
1134 930 1204 963 spe-

458 976 539 1004 ctant
573 976 812 1012 ornamentum,
839 971 895 1005 ac¹
920 973 990 1016 piae
1015 972 1203 1007 christifide-

458 1025 535 1058 lium
548 1026 810 1069 congregationes
824 1026 1035 1067 instituantur,
1049 1033 1078 1060 et
1092 1027 1203 1060 exinde

458 1078 623 1113 uberiores
648 1081 769 1113 fructus
800 1080 957 1114 bonorum
989 1091 1145 1124 operum,
1172 1081 1203 1114 in

458 1132 518 1165 illis
543 1133 620 1166 locis
648 1133 835 1176 pracsertim
853 1133 908 1167 ubi
927 1133 957 1167 id
982 1134 1082 1177 magis
1107 1145 1202 1179 expe-

457 1185 526 1219 dire
550 1186 761 1229 dignoscitur,
780 1187 811 1219 in
839 1187 906 1220 dies
930 1197 988 1231 per
1012 1187 1063 1231 pia
1092 1194 1122 1220 et
1143 1188 1204 1232 spi-

457 1239 583 1272 ritualia
608 1239 757 1279 exercitia
781 1240 991 1281 accrescunt2‚
1009 1246 1039 1274 et
1056 1241 1093 1273 iis
1117 1251 1203 1275 exer—

457 1292 538 1326 citiis
554 1292 677 1326 deditae
690 1294 700 1308 ³
717 1303 752 1325 ac
772 1293 905 1327 Domino
930 1294 1117 1328 famulantes
1133 1305 1203 1338 per-

457 1356 552 1379 sonae
573 1346 748 1379 animarum
773 1357 904 1380 suarum
929 1348 1070 1388 salutem,
1092 1348 1202 1381 eodem

458 1400 592 1434 Domino
606 1401 784 1438 miserante,
803 1401 923 1434 facilius
941 1402 1101 1445 consequi,
1120 1408 1202 1435 cete-

458 1453 565 1497 risque
601 1453 857 1487 cbristifidelibus
894 1455 972 1488 vitae
1005 1465 1039 1487 ac
1078 1465 1202 1488 morum

458 1508 601 1552 exemplo
625 1508 781 1552 proficere
805 1509 927 1541 valeant
951 1508 989 1541 ad
1015 1509 1157 1542 salutem.

504 1562 519 1605 §
533 1561 562 1593 ¹1.
577 1561 657 1595 Sane
671 1561 810 1594 exhibita
819 1561 910 1595 nobis
922 1571 1024 1605 nuper
1041 1573 1100 1606 pro
1115 1567 1203 1607 parte

458 1614 648 1648 venerabilis
673 1614 777 1648 fratris
794 1615 894 1648 nostri
919 1615 1045 1649 llenrici
1062 1616 1202 1660 episcopi

459 1667 643 1701 Parisiensis
660 1677 695 1700 ac
713 1668 916 1701 charissimae
934 1669 964 1701 in
981 1668 1103 1702 Christo
1120 1669 1203 1703 filiae

459 1721 572 1754 Mariae
596 1721 791 1755 Francorum
815 1717 943 1765 reginae
968 1722 1078 1766 petitio
1103 1723 1203 1756 conti-

458 1775 562 1816 nebat,
588 1775 674 1820 quod
698 1775 774 1808 alias
799 1775 883 1820 [cum
900 1775 968 1819 ipsa
982 1776 1077 1809 Maria
1094 1776 1202 1819 regina

458 1839 516 1873 pro
541 1828 718 1863 devotionis
742 1829 808 1862 zelo
833 1829 927 1862 ducta
952 1829 1006 1872 (ut
1030 1829 1137 1873 aliquo
1153 1830 1203 1864 de-

459 1882 592 1916 votionis
627 1892 701 1915 suae
737 1887 941 1916 monumento
977 1882 1202 1916 immensarum

458 1935 634 1979 gratiarum
659 1945 800 1975 munera,
819 1935 935 1980 quibus
951 1945 1020 1969 earn
1045 1936 1202 1970 bonorum

458 1989 599 2022 omnium
625 1989 757 2032 largitor
781 1989 921 2033 optimus
945 1989 1116 2031 decoravit,
1146 1996 1204 2024 tes-

459 2041 516 2076 tari
552 2042 671 2086 possit)
703 2042 903 2086 disciplinam
939 2043 1202 2080 ecelesiasticam,

457 2094 596 2138 undique
614 2095 678 2128 sere
695 2095 726 2127 in
746 2104 846 2138 regno
858 2095 1019 2136 Franciae,
1037 2096 1202 2129 haeresum

457 2148 679 2192 bellorumque
704 2148 950 2192 praeteritorum
975 2149 1108 2190 iniuria,
1139 2155 1201 2182 tum

458 2202 489 2235 in
520 2203 673 2247 religione
699 2209 764 2236 tum
790 2202 883 2236 etiam
913 2203 946 2236 in
970 2203 1112 2237 moribus
1140 2214 1203 2238 non

457 2266 570 2300 parum
594 2256 796 2301 depravatam
817 2266 852 2290 ac
873 2262 1068 2301 corruptam,
1094 2257 1124 2290 in
1140 2258 1205 2301 pri-

459 2320 603 2344 maevum
628 2313 658 2344 et
681 2310 851 2354 pristinum
876 2320 968 2344 suum
993 2315 1107 2343 statum
1122 2338 1129 2352 ,
1154 2311 1204 2344 dc-

497 2381 506 2407 l
526 2379 615 2408 Lectio
634 2380 784 2414 mendosa,
801 2388 850 2408 nec
863 2380 950 2408 facilis
965 2380 999 2408 de
1014 2380 1204 2409 emendatione

459 2425 630 2453 coniectura:
653 2425 750 2453 forsan>
770 2428 800 2454 ut
823 2434 871 2461 pro
886 2435 920 2453 ac
934 2426 1088 2462 legendum,
1107 2427 1147 2454 vel
1171 2435 1204 2454 ac

456 2471 632 2505 praesertim
643 2473 707 2499 ut...
720 2471 916 2499 instituantur
929 2478 1034 2499 curare
1049 2474 1094 2498 aut
1103 2474 1204 2506 optare

471 2521 497 2542 u.
514 2521 539 2542 τ.
556 2535 563 2543 .

459 2515 466 2550 (
494 2558 512 2585 2
526 2515 600 2586 liuta
615 2563 671 2587 not.
689 2567 780 2595 praec.
797 2559 941 2596 legendum
957 2560 1027 2588 soret.
1043 2563 1204 2589 accrescant

460 2604 499 2638 (n.
514 2603 562 2637 τ.).

496 2647 513 2674 3
529 2647 672 2683 Perperam
688 2657 781 2677 omnes
795 2649 874 2677 Bull.
891 2649 1023 2678 editiones
1039 2649 1141 2678 hahent
1154 2650 1203 2678 de-

461 2692 516 2720 bite
533 2693 568 2726 (u.
580 2693 628 2726 τ.).

1045 281 1226 307 ΒΓΕΕΑἎΠἯ
1249 281 1405 308 nomn-tm

1242 331 1439 375 votionisque
1455 336 1486 364 et
1504 331 1628 376 pietatis
1645 330 1846 376 splendorem
1864 330 1983 365 salubri

1241 384 1346 427 aliqua
1371 384 1492 418 ratione
1520 384 1640 418 restitui
1664 385 1838 428 plurimum
1866 385 1984 418 deside-

1241 444 1307 474 ret:
1325 444 1355 471 et
1373 439 1403 471 id
1425 439 1480 480 (re
1498 438 1566 482 ipsa
1579 437 1599 479 ¹,
1616 439 1647 472 in
1664 439 1891 473 consultatione
1911 450 1983 472 cum

1242 491 1316 523 viris
1340 492 1489 534 gravibus
1513 497 1543 524 et
1559 492 1618 536 piis
1645 502 1681 525 ac
1698 493 1886 536 praesertim
1910 503 1982 525 cuin

1240 544 1323 578 dieto
1337 545 1474 578 Henrico
1489 545 1642 589 episcopo
1658 545 1779 590 pluries
1790 546 1908 586 habitat,
1921 556 1984 579 ma-

1241 602 1309 631 ture.
1327 598 1481 641 discussa)
1502 598 1611 632 utilius
1630 604 1660 632 et
1683 599 1871 634 fructuosius
1888 610 1983 643 quam

1239 662 1274 684 ex
1292 651 1485 685 institutione
1498 652 1630 686 alicuius
1642 653 1902 696 Congregationis
1917 653 1984 697 pio-

1240 715 1310 737 rum
1329 705 1527 739 sacerdotum
1545 707 1695 750 (quorum
1713 705 1850 740 studium
1867 711 1898 738 et
1913 706 1983 739 offi-

1239 758 1322 791 cium
1350 758 1388 791 ad
1404 760 1541 792 ²munus
1565 759 1777 799 sacerdotale,
1803 759 1887 792 iuxta
1911 769 1982 792 san-

1239 815 1323 845 ctum
1343 817 1436 856 atque
1460 813 1547 856 pium
1574 813 1658 846 illius
1674 813 1862 854 institutum,
1879 812 1983 846 debite

1238 866 1457 910 exequendum
1482 872 1512 899 et
1535 866 1774 911 adimplendum
1798 866 1838 899 sit
1853 866 1983 900 omnino

1237 919 1439 963 directum)3
1468 920 1578 964 exequi
1612 930 1706 964 posse
1736 929 1800 954 non
1822 919 1981 960 videatur;

1239 972 1370 1017 ipsaque
1390 973 1486 1006 Maria
1503 973 1614 1017 regina
1638 983 1733 1007 unam
1749 973 1894 1007 devotam
1918 974 1985 1018 pio-

1238 1037 1308 1060 rum
1334 1037 1369 1060 ac
1394 1027 1546 1071 probatae
1570 1027 1650 1061 vitae
1675 1027 1874 1061 sacerdotum
1895 1027 1984 1071 (quo-

1238 1090 1308 1113 rum
1333 1080 1507 1124 principale
1533 1080 1709 1114 institutum
1726 1080 1866 1124 singulas
1889 1081 1984 1114 aetio-

1237 1143 1291 1167 nes
1329 1133 1432 1167 ordini
1472 1134 1657 1168 sacerdotali
1696 1134 1918 1168 convenientes
1951 1140 1982 1168 et

1237 1187 1418 1221 essentiales
1453 1188 1601 1232 amplecti
1631 1188 1782 1232 existat⁴)
1806 1188 1983 1232 Congrega—

1239 1241 1356 1275 tionem
1384 1241 1416 1273 in
1443 1241 1511 1285 ipso
1536 1252 1635 1285 regno
1650 1269 1657 1281 ‚
1678 1247 1707 1275 et
1731 1242 1921 1286 praesertim
1951 1242 1982 1274 in

1237 1294 1360 1327 civitate
1395 1294 1583 1332 Parisiensi,
1608 1295 1662 1329 ubi
1687 1295 1739 1328 illa
1774 1305 1838 1329 non
1868 1305 1981 1340 parum

1237 1348 1408 1381 desiderari
1425 1348 1558 1387 ridetur,
1577 1349 1656 1392 erigi
1672 1354 1702 1382 et
1718 1349 1848 1387 institui,
1862 1360 1983 1383 curam-

1237 1412 1296 1444 que
1329 1402 1495 1435 erectionis
1521 1407 1550 1435 et
1575 1402 1776 1436 institutionis
1800 1402 1980 1436 huiusmodi

1237 1455 1350 1488 dilecto
1369 1455 1433 1488 lilio
1451 1456 1542 1489 Petro
1560 1455 1599 1489 de
1623 1455 1768 1489 Berulle‘·
1793 1455 1981 1500 presbytero

1238 1509 1404 1542 Parisicnsi
1432 1509 1546 1552 <cuius
1570 1509 1780 1543 ministerium
1807 1510 1887 1543 felici
1912 1519 1983 1554 pro-

1237 1563 1360 1605 gressui
1384 1568 1413 1595 et
1437 1562 1604 1597 directioni
1636 1562 1736 1606 ipsius
1755 1563 1981 1606 Congregatio-

1237 1615 1285 1648 nis
1308 1615 1443 1648 maxime
1467 1615 1670 1658 profuturum
1700 1626 1768 1658 esse
1792 1616 1824 1648 in
1847 1615 1981 1650 Domino

1237 1669 1379 1712 confidit)
1405 1679 1463 1712 per
1486 1678 1544 1702 nos
1567 1669 1722 1702 committi
1739 1673 1768 1703 et
1787 1669 1978 1711 demandari,

1237 1732 1439 1766 summopere
1466 1721 1642 1766 desideret]
1666 1732 1725 1766 pro
1750 1727 1840 1767 parte
1857 1732 1982 1756 eorum-

1237 1775 1308 1808 dem
1333 1774 1460 1808 Henrici
1495 1775 1635 1819 episcopi
1660 1779 1691 1809 et
1713 1775 1828 1809 Mariae
1853 1775 1982 1819 reginae

1237 1827 1328 1861 nobis
1341 1828 1399 1861 fuit
1411 1828 1574 1862 humiliter
1591 1828 1814 1873 supplicatum,
1826 1834 1981 1873 quatenus

1236 1881 1520 1924 Congregationem
1540 1881 1666 1925 piorum
1680 1891 1716 1915 ac
1732 1881 1884 1925 probatae
1899 1881 1981 1916 vitae

1237 1935 1435 1968 sacerdotum
1447 1940 1602 1979 perpetuo
1618 1935 1743 1978 erigere
1759 1940 1790 1969 et
1806 1935 1981 1977 instituere,

1237 1988 1383 2033 illiusque
1419 1998 1528 2022 curam
1558 1988 1641 2022 dicto
1665 1988 1758 2023 Petro
1782 1989 1981 2024 committere

1237 2045 1265 2075 et
1290 2041 1491 2081 demandare,
1517 2047 1547 2075 ut
1574 2042 1768 2085 praefertur,
1786 2052 1822 2076 ac
1845 2042 1922 2076 alias
1942 2042 1982 2076 de

1276 2160 1282 2185 1
1303 2158 1368 2186 Male
1386 2159 1459 2187 Gall.
1474 2159 1581 2188 Christ.
1594 2159 1659 2194 legit
1674 2160 1772 2195 reipsa
1787 2159 1982 2188 adverbialiter

1237 2205 1275 2233 (u.
1291 2203 1341 2237 τ.>.
1699 2207 1703 2211 “

1272 2247 1289 2274 2
1304 2247 1374 2274 Edit.
1387 2255 1481 2275 omnes
1496 2248 1588 2284 legunt
1602 2257 1652 2281 ac;
1672 2256 1723 2276 nos
1738 2248 1894 2277 censuimus
1913 2257 1982 2284 opus

1237 2300 1297 2319 esse
1314 2292 1490 2320 correctionis
1505 2293 1543 2328 (u.
1560 2293 1611 2328 τ.).

1273 2336 1288 2364 3
1312 2336 1423 2364 Praeter
1448 2345 1506 2365 rem
1530 2337 1596 2365 edit.
1620 2337 1699 2366 Main·
1721 2342 1748 2365 et
1772 2337 1894 2366 Cherub.
1920 2337 1981 2366 heic

1237 2381 1341 2409 addunt
1360 2383 1509 2410 instituen.
1527 2390 1624 2418 nempe
1639 2383 1817 2411 instituendo
1837 2383 1878 2411 vel
1894 2383 1982 2411 insli-

1238 2427 1345 2455 tuenda
1362 2431 1389 2454 ut
1404 2427 1469 2463 legit
1492 2427 1590 2456 Gallia
1606 2427 1792 2462 christinam
1815 2435 1877 2455 nam
1900 2435 1980 2464 prae-

1238 2471 1319 2499 cessit
1341 2472 1394 2499 iam
1415 2480 1452 2499 ex
1474 2471 1656 2500 institutione
1677 2471 1803 2500 alicuius
1819 2472 1981 2508 Gonyreya-

1237 2517 1324 2545 lionis
1337 2517 1376 2551 (u.
1387 2516 1436 2550 iu).

1273 2562 1289 2587 4
1311 2560 1433 2588 Pessime
1464 2560 1561 2589 Gallia
1591 2561 1762 2590 Christiana
1791 2561 1856 2597 legit
1882 2562 1981 2596 exiyat

1236 2605 1276 2641 (n.
1291 2606 1340 2640 τ.).

1272 2650 1289 2678 5
1312 2649 1384 2677 Edit.
1407 2649 1487 2677 Μαίη.
1508 2649 1592 2678 habet
1614 2650 1646 2678 de
1666 2650 1800 2683 Beralle;
1823 2658 1937 2680 erronee
1952 2652 1982 2679 ut

1237 2697 1341 2722 constat
1357 2694 1396 2729 (R.
1413 2695 1459 2728 τ.).

1997 282 2052 310 An.
2067 281 2097 311 c.
2111 282 2181 313 ιω
2207 268 2235 325 f.
2256 271 2257 276 ’
