2293 3231
263 273 310 296 An.
325 270 354 294 C.
378 268 440 296 162¹

288 705 382 726 Pontifex
401 703 444 724 nm-

261 732 309 752 eiali
357 731 444 751 Metuttti

261 758 382 779 [multatam
395 763 443 777 cun-

261 784 317 806 cedit
333 785 359 805 ad
375 785 445 805 hum--

260 812 317 832 nundi
347 817 444 831 unionem

261 838 396 860 d-veuteiidi.

491 260 556 295 590

460 319 673 358 successione,
697 317 869 361 apostolica
893 316 1079 349 auctoritate
1103 315 1203 360 depu-

461 375 541 405 tatus
552 371 724 415 reperitur)
740 369 841 404 Caroli
859 369 1094 414 praedictorum
1112 369 1204 403 nobis

461 423 516 456 suit
542 423 702 456 humiliter
727 423 948 467 supplicatum,
974 427 1129 467 quatenus
1153 422 1204 455 ab·

460 476 574 510 baliam
601 477 780 510 huiusmodi
805 476 889 510 dieto
919 476 1068 521 primatui
1093 477 1221 515 unire,¹

459 535 626 563 annectere
641 536 671 563 et
689 529 904 574 incorporare,
920 530 1058 574 aliasque
1072 531 1102 563 in
1116 540 1204 575 prae-
1220 545 1221 556 π

460 583 563 616 missis
580 588 757 627 epportune
775 583 941 627 providere
957 583 995 616 de
1011 583 1204 627 benignitate

460 636 632 680 apostolica
650 637 864 679 dignaremur.

504 690 519 733 g
543 689 572 722 6.
599 690 661 723 Nos
686 690 793 733 igitur,
817 690 870 734 qui
895 690 1014 724 dudum
1037 691 1118 724 inter
1143 691 1203 723 alia

459 744 627 784 voluimus,
643 744 810 777 statuimus
827 750 855 778 ct
877 745 1102 785 ordinavimus,
1119 745 1202 789 quod

461 801 601 841 petentes
625 797 778 831 beneticia
795 799 1006 832 ecclesiastica
1024 799 1093 832 aliis
1109 799 1203 839 uniri,

460 850 642 885 teneantur¹
657 852 835 895 exprimere
852 863 959 885 verum
973 863 1112 885 annuum
1125 853 1205 886 vato-

461 915 538 944 rem,
548 905 719 938 seeundum
731 916 931 939 communem
943 906 1203 945 aestimationem,

461 964 522 991 tam
537 959 680 992 beneficii
694 959 832 997 uniendi,
843 970 937 1003 quam
953 959 1045 999 illius,
1056 960 1105 993 cui
1120 960 1204 993 aliud

462 1012 543 1045 uniri
560 1016 731 1056 peteretur,
748 1013 887 1057 alioquin
906 1014 980 1047 unio
997 1024 1059 1047 non
1077 1015 1204 1054 valeret,

461 1072 578 1099 certam
611 1066 649 1099 de
680 1067 863 1110 praemissis
888 1067 1031 1100 notitiam
1056 1078 1119 1101 non
1149 1068 1204 1101 lia-

462 1120 586 1160 bentes‚
610 1130 646 1153 ac
672 1120 842 1153 llenrieum
868 1121 980 1154 ducem
1005 1126 1034 1154 et
1059 1122 1203 1155 Carolum

463 1174 650 1216 praedictos,
664 1184 839 1218 eorumque
853 1175 995 1217 singulos
1011 1185 1028 1207 a
1041 1175 1205 1219 quibusvis

461 1227 806 1268 excommunicationis,
823 1228 1038 1271 suspensionis
1055 1234 1082 1261 et
1110 1228 1205 1262 inter-

462 1280 547 1321 dicti,
564 1281 696 1325 aliisque
721 1281 942 1315 ecclesiasticis
955 1282 1116 1322 sententis,
1133 1292 1205 1315 een-

461 1442 698 1484 quomodotibet
723 1442 863 1476 innodati
889 1443 1042 1483 existunt,
1068 1443 1106 1476 ad
1136 1443 1207 1476 effe-

461 1500 545 1528 ctum
576 1496 789 1539 praesentium
822 1495 982 1530 dumtaxat
1010 1507 1206 1540 consequen·
1221 1490 1223 1499 ’

461 1548 546 1589 dum,
565 1549 676 1582 harum
691 1550 772 1583 serie
785 1550 984 1583 absolventes
997 1555 1028 1583 et
1045 1549 1206 1583 absolutos
1222 1547 1223 1551 ¹

462 1604 527 1635 t'ore
551 1608 723 1640 censentes,
749 1614 870 1637 necnon
895 1604 1028 1637 aliarum
1053 1605 1204 1637 unionum

462 1663 490 1690 et
514 1658 761 1701 applicationem
786 1658 869 1692 dicto
886 1658 1035 1702 primatui
1057 1655 1223 1697 hactonus}

460 1711 697 1755 quomodolibet
714 1712 867 1744 factarum
886 1716 1010 1746 tenores
1036 1713 1206 1756 praesenti·
1222 1735 1223 1741 η

462 1764 520 1797 bus
549 1775 606 1808 pro
639 1765 796 1809 expressis
829 1765 997 1803 babentes,
1023 1765 1223 1799 huiusmodi*

461 1818 742 1862 supplicationibus
767 1819 917 1858 inclinati,
935 1819 1116 1853 discretioni
1135 1825 1205 1852 tuae

462 1882 516 1915 per
531 1877 712 1916 praesentes
725 1873 952 1906 committimus
965 1879 995 1906 et
1008 1873 1204 1913 mandamus,

461 1932 623 1969 quatenus,
638 1927 756 1960 vocatis
772 1927 825 1971 qui
847 1928 964 1960 suerint
987 1927 1149 1965 evocandi,
1167 1927 1205 1960 de
1222 1939 1223 1947 ¹

462 1981 644 2023 praemissis
661 1981 810 2014 omnibus
823 1987 851 2015 et
870 1981 1013 2023 singulis,
1028 1982 1205 2025 liorumque

461 2034 706 2067 circumstantiis
725 2035 889 2075 universis,
899 2035 1084 2068 auctoritate
1098 2036 1205 2069 nostra

461 2093 491 2120 te
507 2088 674 2130 diligenter
695 2089 854 2129 informes,
872 2094 913 2126 et,
930 2089 954 2121 si
979 2100 1034 2133 per
1059 2089 1223 2122 informa-³

1222 2140 1428 2180 ianimarum,
1449 2146 1480 2174 et
1504 2150 1599 2184 super
1623 2142 1660 2174 ea
1685 2140 1766 2173 inter
1790 2139 1913 2184 aliquos
1937 2139 1984 2175 lis.

460 2140 578 2174 tionem
602 2141 745 2175 eamdem
761 2142 801 2176 ita
825 2152 893 2175 esse
919 2142 1086 2186 repereris⁷
1101 2142 1202 2175 ahba-

462 2194 535 2228 tiam
561 2195 755 2239 praedictam
782 2196 895 2238 (cuius,
917 2201 945 2229 ct
968 2196 1011 2229 illi
1028 2197 1135 2229 forsan
1155 2206 1206 2229 an-

462 2257 616 2281 nexorum
633 2248 763 2289 fructus,
777 2249 918 2282 redditus
931 2255 959 2282 et
978 2255 1150 2293 proventus
1167 2249 1204 2282 ad

463 2302 548 2335 mille
577 2302 766 2346 quingentos
798 2304 935 2336 tlorenos
966 2303 1035 2336 auri
1061 2303 1092 2336 in
1118 2303 1206 2336 libris

463 2366 606 2390 camerae
637 2357 826 2401 apostolieae
851 2357 944 2390 taxati
970 2357 1205 2401 reperiuntur),

463 2420 533 2442 cum
558 2410 699 2454 primum
725 2410 808 2443 illam
827 2421 884 2455 per
904 2421 1039 2450 cessum,
1057 2410 1150 2444 etiam
1168 2421 1205 2443 ex

463 2465 557 2495 eausa
590 2464 848 2507 permutationis,
873 2464 966 2497 etiam
998 2464 1030 2497 in
1061 2463 1206 2497 manibus

465 2516 595 2550 Romani
614 2517 773 2551 Pontificis
792 2529 851 2563 pro
869 2523 1011 2563 tempore
1035 2517 1206 2555 existentis,

467 2569 512 2601 vel
529 2569 702 2610 decessum,
720 2582 774 2604 seu
795 2571 1014 2615 privationem,
1032 2577 1084 2604 aut
1100 2582 1208 2615 quam-

502 2684 511 2710 t
533 2683 601 2711 Edit.
618 2684 695 2712 Main.
711 2685 776 2721 legit
789 2687 864 2720 quod
921 2687 1012 2715 teneri
1027 2687 1063 2721 (a.
1084 2687 1132 2720 τ.).

1044 267 1224 292 BULLARIUM
1248 266 1403 292 ROMANUB

1238 315 1283 348 vis
1307 316 1399 348 aliam
1425 315 1658 356 dimissionem,
1681 326 1736 349 seu
1764 316 1978 355 amissionem,

1237 379 1290 401 seu
1317 368 1509 402 matrimonii
1535 373 1732 402 contractum
1756 369 1906 413 praedicti
1922 369 1978 403 Ca·

1238 422 1314 462 roli,
1340 433 1392 455 seu
1419 428 1448 455 et
1477 422 1641 466 religionis
1665 422 1860 465 ingressum,
1884 422 1978 455 etiam

1237 476 1321 519 apud
1345 475 1456 509 Sedem
1482 476 1706 520 Apostolicam‚
1724 481 1755 509 et
1771 475 1802 508 in
1820 475 1926 520 aliquo
1942 485 1979 509 ex

1238 529 1409 568 mensibus,
1430 530 1538 569 nobis,
1561 533 1590 564 et
1609 529 1710 562 eidem
1736 530 1877 562 Romano
1901 528 1980 562 Pon-

1239 582 1312 616 titici
1327 593 1386 627 pro
1410 589 1554 627 tempore
1570 582 1726 622 existenti,
1739 582 1875 626 Sedique
1894 591 1982 626 prae-

1237 636 1338 669 dictae
1349 648 1405 680 per
1418 647 1632 680 quascumque
1647 636 1885 670 constitutiones
1893 645 1982 680 apos-

1238 689 1348 723 tolicas
1360 695 1413 723 aut
1431 690 1638 724 cancellariae
1651 690 1843 734 apostolicae
1857 689 1982 733 regulas

1238 743 1336 777 editas
1366 750 1396 777 et
1424 743 1560 777 edendas
1592 754 1675 777 nunc
1700 749 1729 777 et
1755 753 1814 788 pro
1838 749 1981 787 tempore

1239 798 1415 837 reservatis,
1426 804 1477 831 aut
1492 798 1661 832 ordinariis
1671 797 1875 831 collatoribus
1887 796 1982 830 etiam

1220 886 1221 891 ,
1238 863 1294 896 per
1307 852 1432 885 easdem
1447 853 1493 885 vel
1513 852 1638 896 quasvis
1651 851 1727 885 alias
1743 850 1982 885 constitutiones

1220 939 1221 942 ,
1238 905 1426 949 apostolicas
1453 909 1506 939 aut
1534 906 1660 948 regulas
1680 916 1733 938 seu
1755 905 1874 938 litteras
1893 903 1983 937 alter-

1238 959 1413 992 nativarum
1439 960 1486 993 vel
1521 960 1581 992 alia
1616 960 1780 1004 privilegia
1809 965 1839 992 et
1863 958 1982 993 indulta

1238 1013 1396 1047 concessis
1421 1014 1570 1048 hactenus
1591 1019 1619 1047 et
1645 1013 1852 1057 imposterum
1871 1022 1981 1046 conce-

1238 1066 1360 1104 dendis,
1374 1071 1426 1101 aut
1443 1067 1511 1100 iure
1529 1067 1690 1100 ordinario
1707 1067 1754 1100 vel
1771 1066 1848 1100 alias
1861 1075 1984 1110 compe-

1239 1120 1376 1153 tentibus
1394 1126 1423 1153 et
1441 1120 1669 1164 compeffluris,
1686 1130 1798 1153 vacare
1815 1118 1981 1163 contigerit

1240 1173 1374 1216 (etiamsi
1405 1179 1476 1207 actu
1505 1184 1588 1207 nunc
1618 1173 1812 1217 praemisso,
1836 1178 1890 1206 aut
1920 1173 1982 1206 alio

1239 1228 1350 1272 quovis
1375 1229 1480 1270 modo,
1501 1234 1582 1262 etex
1603 1228 1733 1261 alterius
1755 1227 1983 1271 cuiuscumque

1221 1284 1390 1325 persona,
1416 1293 1470 1316 seu
1494 1292 1552 1326 per
1581 1281 1713 1315 liberam
1738 1281 1983 1324 resignationem

462 1334 545 1367 suris
570 1339 599 1369 et
623 1335 749 1379 poenis,
774 1346 791 1368 a
822 1335 891 1368 iure
922 1336 970 1368 vel
995 1336 1034 1369 ab
1060 1336 1223 1376 homines

462 1388 571 1432 quavis
588 1389 753 1422 occasione
771 1389 817 1422 vel
836 1392 929 1422 eausa
947 1390 1028 1431 latis,
1045 1390 1070 1422 si
1091 1390 1206 1433 quibus
1221 1397 1223 1408 ²

1239 1334 1312 1368 dicti
1337 1336 1449 1377 Caroli⁷
1475 1336 1523 1368 vel
1549 1335 1687 1369 cuiusvis
1710 1335 1851 1375 alterius,
1876 1334 1914 1367 de
1932 1334 1983 1368 itta

1240 1388 1270 1420 in
1296 1389 1435 1422 Romana
1460 1389 1549 1422 curia
1582 1389 1630 1422 vel
1660 1392 1748 1422 extra
1775 1398 1864 1428 eam,
1889 1387 1982 1421 etiam

1239 1452 1346 1474 coram
1370 1442 1494 1476 notario
1511 1441 1639 1486 publico
1656 1446 1683 1474 et
1711 1441 1852 1482 testibus,
1871 1446 1984 1484 sponte

1240 1495 1372 1536 factam,
1398 1500 1451 1528 aut
1476 1495 1732 1528 constitutionem
1759 1494 1857 1528 felicis
1882 1504 1985 1528 recor-

1239 1548 1374 1582 dationis
1388 1549 1510 1582 loannis
1520 1549 1620 1593 Papae
1629 1548 1708 1582 XXII
1722 1547 1984 1592 praedecessoris,

1239 1613 1319 1646 quae
1344 1602 1454 1647 incipit
1477 1603 1690 1642 Ezecrabilis‚
1715 1607 1766 1635 aut
1792 1601 1986 1645 assequutio-

1240 1666 1311 1689 nem
1329 1656 1461 1689 alterius
1485 1656 1629 1689 beneficii
1654 1655 1855 1689 ecelesiastici
1876 1655 1985 1700 quavis

1239 1710 1406 1743 autoritate
1419 1710 1534 1749 collati,
1548 1712 1659 1750 vacet),
1669 1709 1790 1742 etiamsi
1807 1714 1894 1743 tanto
1911 1714 1986 1742 tem—

1240 1773 1317 1806 pore
1341 1763 1513 1802 vacaverit,
1538 1763 1622 1806 quod
1647 1762 1714 1795 cius
1739 1762 1876 1803 collatio,
1900 1761 1986 1794 iuxta

1240 1816 1458 1850 Latet-anensis
1491 1822 1605 1850 statuta
1630 1816 1774 1856 concilii,
1799 1816 1836 1849 ad
1871 1815 1983 1849 Sedem

1240 1871 1450 1914 Apostolicam
1483 1870 1623 1913 legitime
1655 1870 1822 1908 devoluta,
1856 1869 1985 1913 ipsaque

1239 1923 1364 1956 abbatia
1397 1924 1593 1968 dispositioni
1624 1923 1813 1968 apostolicae
1845 1921 1986 1967 speciali-

1241 1982 1288 2009 ter
1305 1977 1351 2010 vel
1370 1978 1561 2020 generaliter
1585 1983 1743 2010 reservata
1761 1976 1883 2017 existat,
1901 1981 1931 2009 et
1947 1975 1985 2009 ad

1241 2031 1325 2064 illam
1350 2032 1549 2065 consueverit
1566 2032 1637 2076 quis
1656 2042 1713 2076 per
1737 2031 1923 2064 electionem
1941 2040 1986 2063 as-

1240 2086 1331 2125 sumi,
1350 2086 1440 2130 eique
1458 2096 1534 2119 eura
1551 2085 1806 2119 iurisdictionalis
1824 2085 1985 2118 immineat

1241 2194 1330 2227 euius
1347 2198 1460 2229 statum
1477 2194 1697 2238 praesentibus
1713 2193 1820 2227 baberi
1838 2193 1984 2227 volumus

1240 2258 1298 2291 pro
1323 2258 1481 2292 expresso,
1506 2247 1641 2292 pendeat
1664 2246 1812 2287 indecisa,
1837 2256 1909 2280 cum
1932 2255 1987 2278 an-

1240 2302 1328 2334 nexis
1353 2301 1533 2335 buiusmodi
1563 2312 1599 2335 ac
1630 2301 1751 2334 iuribus
1774 2300 1869 2333 etiam
1894 2300 1985 2332 bene·

1241 2355 1311 2387 ticia
1336 2355 1547 2388 ecelesiastica
1572 2356 1648 2397 (non
1673 2359 1778 2387 tamen
1802 2352 1908 2392 nobis,
1932 2357 1985 2385 aut

1241 2408 1382 2441 Romano
1415 2408 1557 2442 Pontitici
1586 2418 1644 2452 pro
1675 2413 1819 2451 tempore
1842 2404 1984 2440 existenti

1240 2461 1480 2506 quomodolibet
1504 2467 1663 2495 reservata
1687 2461 1734 2493 vel
1758 2460 1890 2503 assecta)
1914 2469 1986 2493 con-

1241 2515 1372 2556 serendi,
1397 2521 1427 2549 et
1451 2525 1602 2560 personas
1627 2514 1756 2547 idoneas
1779 2513 1817 2546 ad
1842 2523 1893 2553 ea,
1917 2523 1984 2546 ces·

1241 2569 1382 2602 sautibus
1391 2569 1485 2602 etiam
1499 2566 1766 2601 reservationibus
1779 2572 1807 2599 et
1817 2565 1986 2600 affectioni-

1242 2622 1301 2655 bus
1315 2621 1506 2666 apostolicis,
1522 2620 1742 2665 praesentandi
1761 2620 1809 2653 vel
1823 2620 1986 2654 nominan-

1222 2676 1283 2715 .di,
1308 2675 1589 2708 iurisdictionibus.
1615 2674 1715 2711 bonis,
1741 2674 1986 2718 proprietatibus

1994 268 2042 294 An.
2057 267 2086 293 e.
2107 265 2175 294 ¹621
