2293 3231
298 283 346 311 Aa.
367 283 394 310 c.
417 283 483 312 ιω
530 275 594 310 144

1065 282 1246 310 ammaum
1269 283 1427 310 nonnum

494 341 556 372 cas,
580 331 644 365 sive
669 331 796 365 alterius
821 330 925 375 operis
949 331 1162 370 construendi,
1188 331 1249 386 im!
1307 330 1359 365 24.
1384 331 1445 365 Pro
1468 330 1595 365 licentia
1627 330 1806 365 devastandi
1840 331 1905 364 vias
1930 341 2000 365 cum

494 386 570 419 lium
596 396 702 418 unum.

540 439 568 472 4.
595 439 655 472 Pro
681 439 792 473 litteris
810 439 987 483 patentibus
1004 440 1148 484 perpetui
1166 450 1231 473 ma-

496 493 576 533 celli,
593 493 690 526 semel
708 498 827 525 tantum
857 493 949 526 iulios
972 493 1120 537 quinque.

541 545 569 578 5.
596 545 655 578 Pro
680 545 803 577 licentia
820 545 955 578 fodiendi
977 546 1175 590 puteolanam
1204 551 1231 579 et

497 598 624 643 lapides„
650 599 741 631 iulios
765 604 838 631 tres.

540 652 568 686 6.
596 652 655 686 Pro
680 652 792 685 litteris
819 653 998 696 patentibus
1022 654 1234 688 concessionis

496 716 604 749 aquae,
630 705 733 744 iuliosl
747 705 895 750 quinque.

542 759 569 792 7.
595 759 656 792 Pro
680 759 793 792 litteris
817 760 998 804 patentibus
1023 760 1166 794 licentiae
1186 771 1235 794 ve-

497 812 686 853 hiculorum,
711 812 775 845 sive
800 813 1019 855 eocchiorum,
1044 813 1137 848 iulios
1160 819 1232 847 tres.

541 866 571 900 8.
596 866 656 901 Pro
681 867 830 901 renuncia
848 868 1076 909 vehiculorum,
1094 879 1149 902 seu
1169 879 1236 902 coc-

497 920 652 962 chiorum,
678 920 787 953 iulium
813 931 919 954 unum.

542 973 571 1008 9.
597 974 657 1008 Pro
681 974 793 1007 litteris
817 974 1029 1008 concessionis
1053 975 1097 1008 fili
1121 981 1151 1009 et
1178 981 1237 1009 ter-

498 1027 566 1061 reni
590 1027 707 1072 publici
724 1027 828 1069 simul,
852 1028 944 1061 iulios
963 1028 1111 1073 quinque.

543 1080 595 1115 10.
613 1081 674 1115 Pro
694 1081 807 1114 litteris
819 1082 1031 1115 concessionis
1043 1082 1087 1115 fili
1105 1087 1236 1123 tantum,

501 1134 594 1168 iulios
618 1134 706 1168 duos.

545 1188 596 1221 11.
614 1188 674 1222 Pro
689 1188 836 1222 mandato
855 1188 894 1222 de
911 1188 1111 1222 restituendis
1130 1189 1239 1233 pigno-

500 1242 590 1275 ribus
622 1242 660 1275 ad
696 1242 801 1275 curiae
837 1242 901 1275 sive
933 1242 1027 1276 officii
1058 1242 1237 1275 instantiam

501 1296 610 1341 captis,
631 1296 812 1329 cassationis
836 1297 993 1340 querelae,
1013 1297 1240 1330 contraventio-

500 1350 550 1383 nis
573 1350 859 1390 bannimentorum,
877 1361 930 1383 seu
949 1349 1109 1384 incursus'
1127 1361 1241 1394 poena-

502 1416 584 1446 rum,
608 1405 791 1439 bononcnos
815 1405 974 1449 quinque.⁵

547 1459 596 1493 112.
616 1460 676 1493 Pro
693 1459 899 1504 productione
913 1469 1079 1492 mensurae
1093 1459 1239 1502 silicatae,

503 1515 549 1548 vel
574 1514 711 1556 lateritii‚
735 1514 919 1548 bononcnos
943 1515 1030 1548 duos.

546 1568 598 1603 13.
625 1570 685 1602 Pro
710 1569 861 1602 relatione
885 1569 1060 1613 peritorum
1075 1596 1082 1610 ,
1106 1568 1243 1602 bonone—

503 1633 560 1657 nos
583 1623 671 1657 duos.

548 1677 598 1711 14.
634 1678 694 1711 Pro
725 1677 899 1721 aperitione
935 1677 1096 1710 relationis
1126 1683 1157 1710 et
1187 1677 1240 1711 de-

504 1737 600 1772 creto,
614 1742 672 1776 pro
685 1731 823 1775 qualibet
839 1736 938 1775 parte,
953 1730 1137 1765 bononenos
1150 1733 1241 1776 quin-

503 1786 614 1819 decim.

547 1839 599 1873 15.
621 1839 681 1872 Pro
699 1838 846 1872 mandato
862 1838 900 1872 de
917 1838 1120 1872 restituendis
1135 1839 1243 1884 pigno-

504 1894 592 1928 ribus
620 1894 735 1926 virtute
765 1893 903 1926 mandati
935 1894 1113 1937 exequutivi
1144 1894 1242 1938 captis

503 1948 687 1982 bononcnos
712 1952 784 1980 tres.

548 2001 599 2035 16.
625 2001 685 2035 Pro
702 2000 849 2035 mandato
865 2001 903 2034 de
923 2001 1118 2034 restituendo
1135 2012 1241 2046 equos,

504 2055 569 2089 sive
585 2055 727 2096 bubalos,
741 2060 793 2088 aut
808 2054 867 2087 alia
884 2054 1042 2095 animalia,
1058 2055 1241 2088 bononcnos

504 2110 651 2155 quinque.

550 2164 601 2198 17.
627 2165 687 2198 Pro
704 2164 851 2197 mandato
867 2164 905 2197 dc
922 2164 1083 2208 capiendo,
1099 2164 1187 2198 nihil.

550 2218 601 2252 18.
627 2219 687 2252 Pro
708 2218 854 2252 mandato
871 2219 908 2251 de
926 2218 1165 2259 excareefflndo,
1185 2229 1242 2262 pro

506 2283 567 2307 uno
597 2273 643 2306 vel
668 2272 811 2316 pluribus
836 2272 974 2305 eiusdem
1000 2272 1069 2305 facti
1094 2272 1244 2305 consorti-

506 2328 574 2367 bus,
589 2327 772 2361 bononcnos
792 2327 1050 2371 vigintiquinque.

550 2381 601 2414 19.
626 2381 687 2414 Pro
696 2381 841 2414 mandato
854 2381 892 2414 de
901 2380 1085 2421 assistendo,
1095 2383 1156 2414 una
1170 2392 1241 2413 cum

507 2435 573 2479 ipsa
592 2435 769 2468 assistentia
785 2434 898 2468 notarii
920 2439 950 2467 et
976 2434 1090 2478 rogitu,
1107 2434 1243 2468 bonone-

506 2498 563 2521 nos
583 2488 958 2532 quinquagintaquinque.

550 2541 601 2575 20.
628 2542 687 2575 Pro
719 2542 866 2575 mandato
896 2542 935 2575 de
966 2541 1157 2583 amovendo,
1181 2544 1242 2575 una

507 2607 578 2629 cum
603 2596 778 2629 assistentia
801 2597 913 2629 notarii
939 2602 968 2629 et
1002 2596 1123 2640 rogitu,
1144 2597 1242 2630 bono-

507 2659 604 2682 ncnos
627 2649 1000 2694 quinquagintaquinque.

545 2715 553 2742 ¹
580 2713 647 2741 Edit.
669 2713 748 2741 Μαίη.
770 2713 851 2741 habet
870 2714 990 2742 incursu
1003 2713 1042 2749 (n.
1058 2714 1106 2748 Τ.).

1254 1423 1257 1457 l

1265 385 1457 428 obligatione
1480 384 1518 417 de
1542 385 1722 425 reficiendo,
1739 385 1831 418 iulios
1847 385 1934 419 duos.

1309 438 1360 472 ⁶22.
1387 437 1447 471 Pro
1478 438 1615 482 qualibet
1648 438 1774 472 licentia
1802 449 1819 471 a
1843 438 2003 482 magistris

1266 491 1338 525 data
1361 492 1559 525 carrecteriis
1580 492 1844 537 expurgatoribus
1867 493 1999 526 latrina-

1267 556 1348 586 rum,
1373 545 1558 579 bononcnos
1577 546 1665 579 duos.

1311 599 1362 632 ⁶23.
1382 599 1441 632 Pro
1455 599 1574 632 visione
1587 599 1647 633 loci
1661 599 1855 633 differentiae
1870 600 1901 633 in
1911 599 2003 640 Urbe,

1266 652 1451 687 bononcnos
1468 653 1666 697 quindeci1u;

1311 707 1363 740 ⁹24.
1389 707 1483 740 Extra
1508 706 1634 748 Urbem,
1651 707 1743 740 iulios
1759 712 1831 740 tres.

1311 760 1363 794 ⁶25.
1389 760 1449 794 Pro
1474 761 1636 805 quibusvis
1660 760 1781 801 edictis,
1805 761 1870 794 sive
1894 761 2005 794 banni·

1268 813 1392 854 mentis,
1409 813 1496 847 nihil.

1312 866 1364 901 26.
1390 867 1450 900 Pro
1474 869 1544 900 taxa
1569 867 1820 909 iustam-ationis,
1845 878 1900 901 seu
1922 867 2006 902 dire-

1269 920 1381 954 ctionis
1401 920 1533 961 viarum,
1559 921 1605 954 vel
1632 921 1770 963 iectitus,
1795 922 1820 955 si
1845 932 1944 966 usque
1967 921 2006 955 ad

1269 984 1424 1007 summam
1434 979 1596 1008 scutorum
1613 975 1869 1019 quingentorum,
1883 980 2005 1009 scutum

1270 1037 1368 1060 unum
1387 1038 1446 1072 pro
1462 1028 1599 1072 quolibet
1622 1028 1819 1069 centenario;

1314 1081 1365 1115 027.
1391 1081 1436 1115 Ab
1460 1081 1532 1115 inde
1549 1093 1643 1127 supra
1667 1092 1767 1127 usque
1787 1082 1824 1115 ad
1850 1093 2006 1116 summam

1252 1137 1432 1169 lscutorum
1457 1135 1552 1177 mille,
1570 1135 1662 1169 iulios
1685 1136 1823 1181 quinque
1847 1146 1905 1181 pro
1928 1147 2007 1181 quo-

1270 1188 1345 1222 libet
1369 1189 1564 1229 centenario;

1315 1241 1366 1276 28.
1392 1243 1415 1276 Α
1433 1242 1518 1276 mille
1535 1253 1629 1288 supra
1647 1254 1745 1287 usque
1769 1243 1807 1276 ad
1828 1253 2009 1288 quamcum-

1271 1307 1331 1340 que
1349 1307 1516 1337 summam,
1532 1302 1654 1331 scutum
1675 1307 1773 1331 unum
1792 1308 1849 1343 pro
1869 1297 2006 1342 quolibet

1272 1349 1407 1383 milliari.

1315 1405 1367 1438 ⁹29.
1392 1405 1426 1438 Et
1453 1405 1610 1449 praedicta
1631 1406 1845 1449 intelligantur
1861 1417 1919 1451 pro
1935 1417 2009 1451 quo—

1273 1471 1407 1504 cumque
1423 1471 1479 1494 suo
1496 1460 1613 1502 labore,
1630 1465 1693 1494 tam
1710 1460 1741 1493 in
1758 1461 1952 1495 confectione
1968 1466 2010 1494 ta-

1274 1525 1339 1555 xae,
1357 1525 1451 1558 quam
1466 1514 1549 1548 illius
1567 1515 1729 1548 exactione
1742 1519 1771 1547 et
1789 1515 2009 1559 exequutione,

1273 1569 1315 1602 ita
1339 1569 1423 1613 quod
1447 1569 1524 1602 nibil
1555 1569 1639 1602 aliud
1663 1569 1789 1612 exigere
1813 1569 1928 1614 possit,
1951 1579 2009 1603 nec

1274 1623 1367 1656 etiam
1375 1634 1434 1668 pro
1442 1623 1636 1657 confectione
1653 1627 1681 1655 et
1699 1623 2011 1666 1·cgistrationeman-

1274 1678 1418 1711 datorum
1433 1677 1597 1711 solutionis
1611 1677 1769 1710 faciendae
1781 1687 1839 1721 pro
1856 1677 2009 1711 mandatis

1274 1731 1465 1776 depositario
1481 1731 1608 1764 directis
1632 1731 1670 1764 de
1690 1731 1846 1764 solvendis
1869 1731 2010 1775 pecuniis

1274 1786 1408 1826 iectitus‚
1428 1786 1492 1819 sive
1516 1785 1744 1819 emendationis
1763 1785 1963 1826 damnorum,
1981 1789 2010 1818 et

1275 1840 1435 1881 similium,
1452 1850 1509 1873 nec
1525 1839 1587 1873 alio
1603 1839 1714 1883 quovis
1730 1844 1902 1883 praetextu.

1318 1892 1369 1926 30.
1394 1893 1431 1926 Et
1455 1893 1480 1925 si
1505 1893 1664 1935 contingat
1687 1898 1789 1925 laxam
1813 1892 1934 1935 augeri,
1957 1896 2010 1926 aut

1274 1959 1386 1982 novam
1404 1948 1471 1981 fieri
1487 1958 1546 1992 pro
1563 1947 1672 1981 eodem
1682 1957 1788 1991 opere,
1796 1951 2010 1990 augmentum,

1275 2013 1328 2036 scu
1340 2013 1419 2036 nova
1436 2007 1505 2034 taxa
1515 2001 1672 2045 iungatur,
1687 2006 1715 2034 et
1729 2005 1928 2045 computetur
1937 2011 2009 2035 cum

1275 2057 1378 2101 prima
1395 2057 1465 2089 taxa
1489 2056 1526 2089 ad
1549 2055 1739 2100 praedictam
1762 2055 1875 2089 notarii
1895 2066 2012 2089 merce-

1275 2111 1346 2143 dem
1364 2109 1598 2143 aestimandam.

1320 2163 1372 2197 31.
1399 2164 1433 2197 Et
1459 2163 1573 2197 dictam
1591 2162 1769 2196 mercedem
1793 2162 1934 2196 notarius
1951 2162 2012 2196 exi-

1275 2228 1349 2261 gere
1369 2227 1431 2251 non
1452 2218 1561 2258 valcat,
1577 2217 1636 2250 nisi
1658 2216 1765 2250 exacta
1787 2216 1875 2261 prius
1890 2216 2011 2259 integre

1275 2274 1355 2313 taxa,
1373 2276 1399 2305 et
1420 2271 1544 2304 interim
1562 2271 1662 2304 donec
1681 2275 1751 2304 taxa
1768 2270 1888 2312 integre
1904 2274 2010 2302 exacta

1275 2326 1385 2366 fuerit,
1418 2325 1514 2370 possit
1547 2324 1686 2358 notarius
1719 2323 1858 2367 recipere
1889 2327 2010 2356 tantum

1275 2379 1453 2413 mercedem
1468 2390 1526 2424 pro
1544 2378 1709 2412 medietate
1727 2382 1814 2410 taxae
1832 2381 1965 2410 exactae.

1318 2434 1370 2467 32.
1396 2433 1511 2466 Eadem
1536 2442 1657 2465 merces
1688 2431 1826 2464 solvatur
1857 2430 2011 2474 submagi-

1275 2487 1348 2520 stris
1369 2487 1490 2519 viarum
1514 2496 1572 2530 pro
1595 2484 1660 2518 suis
1679 2484 1839 2518 laboribus
1860 2484 1890 2517 in
1910 2484 2011 2518 conse-

1275 2543 1378 2575 ctionc
1403 2546 1562 2580 taxarum,
1587 2544 1617 2571 et
1642 2538 1666 2570 si
1692 2538 1781 2571 labor
1805 2538 1899 2571 suerit
1923 2537 2011 2571 valde

1276 2595 1453 2628 cxcessivus
1471 2621 1478 2634 ,
1506 2592 1684 2626 remittatur
1727 2591 1857 2624 arbitrio
1890 2591 2009 2624 domini

1275 2648 1437 2693 praesidis,
1457 2646 1629 2680 dummodo
1649 2644 1827 2678 huiusmodi
1844 2644 2009 2685 arbitrium

1277 2702 1474 2736 medietatem
1485 2700 1679 2744 supradictae
1696 2704 1783 2733 taxae
1796 2709 1857 2732 non
1871 2684 2009 2732 excedat.

2014 284 2063 312 An.
2080 283 2107 311 C.
2128 283 2198 314 1⁶¹2
2245 294 2248 299 ·
