2293 3231
299 309 349 336 An.
365 308 394 335 c.
416 306 482 335 10¹2
529 298 571 331 68
1089 306 1267 330 nrimnu'n
1293 306 1446 330 nonaxcu

498 356 545 388 vel
572 366 662 396 rcus,
687 360 718 388 ut
744 355 906 397 negotium
933 355 962 386 in
985 354 1077 397 plena
1096 354 1172 388 Rota
1189 358 1259 388 co-²
1276 365 1368 394 rum,
1393 354 1441 387 vel
1477 353 1617 387 affinium
1652 365 1752 399 usque
1781 355 1820 388 ad
1844 356 2017 390 seeundum

498 413 685 451 gnoscatur,
702 409 863 442 insteterit.
1257 391 1408 450 ¹gradum
1434 408 1518 440 iuxta
1541 408 1590 440 ius
1613 408 1800 442 canonicum
1832 414 2017 454 computan-

543 462 571 496 9.
598 463 673 496 ltcm
698 462 869 494 sententiae
894 461 973 493 latae
991 471 1046 505 per
1064 460 1241 501 auditores,
1257 446 1259 477 Ξ
1275 460 1360 501 dum,
1386 471 1448 494 non
1472 467 1704 504 cognoscantur
1727 462 1758 494 in
1782 462 1871 496 Rota.

497 522 589 560 prout
608 516 637 548 iu
655 516 776 555 cedula,
791 521 821 547 ut
838 514 937 548 moris
953 520 1010 555 est,
1023 515 1070 547 vel
1087 524 1144 558 per
1161 515 1240 547 viam
1256 532 1259 563 5
1319 515 1370 547 115.
1396 515 1458 548 Nec
1493 514 1654 548 auditores
1679 515 1709 547 in
1734 525 1845 549 eorum
1869 515 2018 549 domibus

499 569 624 602 termini
654 580 711 612 pro
740 567 897 609 servato¹,
926 568 1185 609 subscribantur,
1212 566 1461 602 et'substitutos
1484 569 1532 602 vel
1557 568 1703 602 doctores
1727 575 1781 602 aut
1814 569 1892 604 alios
1927 569 2018 602 iuris-

497 623 698 666 publieeutur
721 623 751 655 in
769 622 846 655 actis
863 622 944 655 intra
961 622 1141 666 quindecim
1159 622 1240 663 dies,
1256 605 1259 655 i
1275 623 1393 667 peritos
1436 624 1529 657 eliani
1569 623 1819 667 consanguineos
1856 624 1990 657 babeant
2009 650 2017 664 ,

497 682 525 709 et
543 676 573 708 in
591 676 692 710 ultimi
716 676 788 709 anni
805 676 964 709 audientia
982 676 1062 709 infra
1082 686 1240 716 mensem,
1256 670 1259 712 l
1273 677 1328 721 qui
1353 677 1523 718 substituti,
1549 678 1596 710 rel
1621 677 1778 718 advocati,
1795 683 1847 711 aut
1864 687 2017 722 procura-

496 730 636 774 alioquin
653 730 929 773 pronunciationcs
946 736 975 763 et
992 730 1118 763 termini
1136 726 1258 789 liuius-J
1276 731 1352 764 toris
1373 731 1477 765 officio
1501 732 1682 774 fungantur,
1706 736 1759 764 aut
1783 731 1814 764 in
1839 731 1941 765 causis
1964 742 2016 765 ro-

496 783 581 817 modi
598 794 656 827 pro
673 784 899 817 circumductis
919 784 1106 818 habeantur.
1256 793 1258 837 g
1277 785 1401 825 talibus,
1419 786 1467 818 rel
1493 796 1603 819 corum
1628 785 1840 830 processibus,
1855 796 1923 819 sese
1937 796 2010 830 quo-

540 836 592 871 10.
617 838 755 870 Termini
780 838 873 870 etiam
903 849 962 882 pro
987 838 1117 871 servatis
1141 838 1240 871 babiti
1256 838 1258 855 ³
1273 849 1336 882 quo
1361 839 1456 872 modo
1481 839 1697 872 intromittant.

496 896 525 923 ct
549 890 679 924 cedulae
711 891 850 935 ipsarum
887 892 1135 932 sententiarum,
1160 897 1258 935 quaet
1318 891 1369 924 tr».
1389 892 1464 925 item
1481 892 1621 926 advocati
1639 897 1691 925 aut
1708 897 1933 937 procuratores
1945 901 2016 926 con-

495 943 653 977 interdum
667 955 724 989 per
737 945 832 978 alium
847 945 1015 985 notarium,
1029 956 1122 989 quam
1138 950 1240 978 actua·
1255 921 1258 958 Ι
1273 945 1436 988 sanguinei
1462 946 1509 978 vel
1537 946 1655 986 affines,
1673 956 1772 989 usque
1788 945 1826 978 ad
1843 944 2015 978 secundum

496 997 579 1031 rium
603 998 702 1042 ipsius
718 1009 840 1039 causae,
860 999 898 1031 ad
924 999 1122 1031 referendum
1140 999 1240 1043 accipi
1255 986 1257 996 ⁴
1273 999 1417 1042 gradum,
1436 1005 1468 1033 ut
1492 1010 1587 1044 snpra
1607 999 1864 1044 computandum,
1885 998 2017 1032 alicuius

496 1057 737 1091 consueverunt,
752 1052 930 1085 reserantur
948 1051 1005 1096 ipsi
1022 1052 1145 1085 notario
1171 1063 1241 1085 cau·
1273 1052 1435 1094 auditoris,
1459 1063 1495 1086 ac
1520 1053 1613 1086 etiam
1639 1053 1722 1086 illius
1741 1052 1867 1092 notarii,
1885 1052 1916 1085 in
1941 1062 2016 1086 cau-

495 1115 547 1138 sae
572 1104 683 1138 eadem
700 1105 746 1138 rel
765 1105 906 1149 sequenti
924 1105 984 1146 die,
1001 1116 1063 1149 qua
1080 1105 1240 1150 recipiun-
1254 1087 1257 1119 Ι
1273 1105 1315 1138 sis
1339 1116 1445 1139 coram
1471 1117 1508 1140 eo
1533 1106 1744 1151 pendentibus
1767 1106 1946 1139 nullatenus
1963 1115 2016 1150 pa-

497 1164 567 1199 tur;
599 1159 631 1192 in
666 1159 784 1192 ultimis
818 1170 893 1192 vero
929 1159 1096 1192 audientiis
1130 1160 1422 1204 saltemgtroeinari
1448 1161 1578 1194 valeant.

494 1213 576 1246 infra
600 1212 748 1246 triduum.
768 1213 803 1246 Et
828 1213 853 1245 si
877 1213 1012 1253 auditor,
1029 1213 1082 1256 qui
1103 1205 1257 1257 pronun-t
1318 1214 1368 1247 t7.
1393 1215 1455 1248 Nec
1473 1214 1567 1247 iidem
1582 1214 1741 1248 auditores
1757 1214 1947 1259 compellant
1962 1219 2016 1247 aut

495 1266 597 1307 ciavit,
614 1271 707 1310 prout
732 1266 763 1299 in
788 1266 908 1307 cedula,
927 1266 972 1299 rel
998 1266 1166 1299 terminum
1184 1267 1239 1299 ba-
1254 1267 1257 1308 ἶ
1273 1265 1378 1309 aliquo
1403 1266 1497 1299 modo
1521 1266 1670 1299 inducant.
1689 1271 1805 1310 partes,
1829 1276 1887 1310 per
1910 1275 1944 1299 se.
1967 1265 2016 1299 vel

495 1319 563 1353 buit
595 1330 654 1363 pro
690 1325 834 1360 servato,
860 1320 1021 1353 retinuerit
1059 1320 1238 1353 citationem
1254 1309 1257 1344 l
1272 1330 1329 1363 per
1353 1320 1440 1360 alios,
1455 1325 1487 1353 ut
1508 1326 1665 1353 assumant
1683 1325 1804 1353 eertum
1829 1320 2015 1354 advocatum

2029 307 2080 334 An.
2096 306 2124 335 C.
2146 307 2216 336 ¹612

495 1383 592 1416 penes
616 1383 647 1406 se
662 1400 670 1413 ,
696 1373 779 1405 illam
812 1373 936 1406 notario
960 1384 1071 1406 causae
1096 1373 1257 1415 similiter,

497 1425 577 1458 intra
600 1425 779 1470 praedictos
804 1426 869 1459 dies
894 1427 1080 1469 consignare.
1105 1426 1215 1459 debeat
1231 1431 1256 1470 ,ζ

495 1479 571 1512 alias
601 1480 726 1512 termini
763 1480 943 1513 huiusmodi
977 1480 1184 1513 circumducti
1209 1486 1257 1522 et}

497 1533 577 1566 irriti
602 1540 796 1567 censeantur.

540 1587 591 1620 211.
622 1588 754 1622 Auditor
788 1599 862 1621 vero
898 1599 960 1621 non
996 1589 1181 1633 pronunciet
1208 1589 1255 1634 ἰιιἶ

496 1643 591 1674 causa
614 1641 673 1674 nisi
710 1643 850 1686 perfecto
888 1642 1044 1685 registro,
1068 1648 1096 1675 et
1123 1642 1175 1676 illo
1200 1642 1238 1675 ad

496 1695 608 1729 Rotam
633 1696 735 1729 delato
760 1698 822 1729 una
847 1706 918 1729 eum
944 1696 1035 1729 dictis
1052 1696 1188 1737 testium,
1205 1696 1255 1729 il-*

495 1749 596 1794 lisque
619 1760 655 1783 ac
679 1750 803 1783 iuribus
828 1750 858 1783 iu
883 1750 992 1783 eadem
1019 1751 1118 1787 Rota,
1144 1756 1236 1794 prout

495 1813 546 1836 res
570 1804 720 1846 exegerit,
745 1804 842 1837 lectis.

540 1858 590 1892 12.
615 1859 649 1892 ln
676 1859 785 1892 ultima
811 1870 885 1892 vero
910 1860 981 1892 anui
1006 1858 1183 1899 audientia,
1208 1864 1238 1891 et

495 1912 758 1957 quandocumque
782 1918 893 1957 agetur
917 1913 955 1946 de
979 1913 1108 1946 serenda
1133 1913 1256 1946 decla-1

495 1965 613 1998 ratoria
627 1971 736 1999 eontra
752 1972 980 2007 contumacem,
994 1966 1088 2000 etiam
1103 1967 1237 2009 registro

495 2029 557 2052 non
569 2020 720 2063 perfecto,
733 2031 769 2053 cx
788 2020 865 2053 actis
881 2019 1087 2063 originalibus
1102 2030 1238 2064 pronun-

495 2072 579 2106 ciare
604 2074 723 2114 valeat,
749 2074 791 2106 ita
822 2079 945 2115 tamen,
971 2073 1055 2118 quod
1079 2084 1173 2118 pars,
1198 2073 1253 2107 ad«

495 2127 585 2159 cuius
610 2127 786 2160 instantiam
811 2128 1052 2171 pronunciatum
1071 2127 1174 2165 suerit,
1190 2138 1254 2163 rem

494 2181 628 2223 gistrum
646 2182 747 2226 ipsunt
766 2193 824 2226 pro
841 2188 983 2216 actorum
1000 2182 1236 2216 conservatione

494 2235 704 2278 quantocitius
727 2236 837 2280 perfici
862 2246 974 2269 curare
996 2241 1146 2269 teneatur.

539 2287 590 2322 ‘1:3.
616 2289 652 2322 Et
669 2289 798 2333 insuper
813 2290 948 2331 auditor,
969 2290 1112 2334 partibus
1131 2295 1237 2334 peten—

495 2341 579 2375 tibus
603 2343 725 2387 copiam
750 2343 918 2377 decisionis
942 2343 973 2376 in
998 2345 1091 2377 causa
1119 2344 1234 2379 sactae.

494 2406 565 2428 cum
590 2396 712 2430 iuribus
725 2408 760 2430 ac
777 2397 952 2430 rationibus
970 2397 1094 2430 tradere
1111 2396 1234 2432 debeat.

495 2455 586 2493 prout
623 2450 794 2494 antiquitus
828 2450 1028 2484 laudabiliter
1062 2450 1129 2484 lieri
1161 2461 1235 2484 con-

495 2502 603 2536 suevit.

540 2555 591 2588 14.
617 2556 733 2591 Causae
757 2563 860 2591 autem
881 2558 1028 2603 propriae
1045 2557 1235 2598 auditorum,

495 2614 525 2643 et
549 2620 659 2643 eorum
685 2611 903 2652 familiarium,
928 2623 962 2645 ac
987 2611 1234 2654 consanguineo-

533 2727 544 2754 1
567 2725 631 2754 lleic
649 2726 821 2763 subintellige
842 2728 933 2757 habiti
947 2729 985 2761 (n.
1003 2728 1053 2763 π).

1273 1374 1319 1405 vel
1346 1380 1596 1417 procuratorem,
1621 1374 1674 1407 sed
1699 1374 1810 1407 electio
1834 1373 2015 1407 huiusmodi

1272 1427 1401 1460 omnino
1426 1427 1565 1472 ipsarum
1599 1427 1735 1471 partium
1761 1427 1894 1460 arbitrio
1919 1427 2015 1460 relin-

1272 1485 1396 1524 quatur.

1323 1532 1368 1566 18.
1404 1533 1480 1566 Item
1514 1534 1651 1567 decanus
1685 1539 1715 1567 et
1746 1533 1799 1566 alii
1833 1533 2013 1574 auditores,

1272 1588 1459 1632 praesertim
1483 1588 1688 1632 antiquiores,
1705 1587 1874 1628 attendant,
1895 1598 1934 1620 ne
1957 1587 2014 1620 ali-

1254 1647 1257 1673 t
1272 1640 1348 1685 quid
1373 1651 1435 1674 nou
1452 1641 1554 1674 solum
1571 1646 1682 1675 contra
1699 1641 1756 1682 ius,
1773 1641 1827 1674 sed
1843 1651 1900 1674 nec
1920 1641 2014 1674 etiam

1272 1700 1381 1728 contra
1405 1696 1519 1740 stylum
1543 1700 1570 1728 et
1596 1695 1772 1729 decisiones
1801 1696 1946 1740 antiquas
1970 1695 2015 1728 fa—

1271 1754 1336 1782 ctas
1361 1748 1391 1781 in
1416 1749 1494 1782 Rota
1509 1776 1516 1790 ,
1542 1760 1623 1794 quae
1648 1749 1819 1793 impressae
1843 1749 2014 1789 habentur,

1271 1813 1401 1847 quoquo
1425 1802 1715 1843 mododecidatur,
1732 1802 1825 1836 etiam
1850 1806 2015 1847 praetextu

1271 1857 1437 1900 aequitatis
1461 1857 1493 1889 in
1517 1857 1585 1890 iure
1609 1867 1672 1890 non
1697 1857 1843 1900 scriptae,
1867 1855 1926 1889 nisi
1951 1865 2015 1888 ma-

1271 1910 1355 1943 xima
1380 1921 1452 1944 cum
1477 1910 1598 1944 ratione
1623 1916 1653 1944 et
1677 1909 1887 1950 discussione,
1912 1909 2014 1943 omni-

1271 1964 1330 1997 bus
1366 1964 1446 1998 rotis
1460 1992 1467 2005 ‚
1493 1975 1547 1998 seu
1584 1965 1691 1998 saltem
1729 1964 1855 1998 illorum
1891 1963 2014 1996 duabus

1270 2018 1370 2052 tertiis
1394 2019 1548 2062 partibus,
1565 2019 1655 2051 aliter
1679 2018 1856 2051 faciendum
1885 2027 1952 2051 esse
1970 2017 2015 2050 iu-

1270 2071 1451 2105 dicaverint.

1314 2125 1366 2159 ⁴19.
1392 2126 1460 2159 Non
1484 2126 1683 2159 attendantur
1701 2131 1864 2170 praeterea
1888 2125 2013 2170 aliquae

1269 2180 1427 2213 nullitates
1452 2180 1483 2212 in
1507 2180 1620 2221 causis,
1645 2185 1868 2225 praeterquam
1893 2190 1930 2213 ex
1958 2179 2012 2216 de,-

1269 2235 1352 2267 sectu
1383 2234 1628 2274 iurisdictionis,
1653 2233 1826 2274 citationis,
1852 2233 1899 2266 vel
1925 2242 2013 2267 inan-

1269 2288 1341 2321 dati.

1313 2340 1364 2375 20.
1390 2343 1414 2374 A
1439 2341 1645 2386 liquidatione
1669 2341 1828 2374 fruetuum
1844 2345 1874 2373 et
1897 2349 2011 2384 expen—

1269 2406 1374 2428 sarum
1400 2396 1556 2429 taxatione
1587 2395 1683 2428 semel
1706 2399 1827 2427 tantum
1851 2394 2010 2438 appellare

1270 2448 1369 2489 liceat,
1394 2449 1436 2482 ita
1460 2449 1544 2493 quod
1568 2448 1648 2482 duae
1672 2448 1851 2481 conformes
1876 2457 1942 2480 rem
1965 2445 2012 2480 iu-

1269 2503 1403 2536 dicatam
1427 2503 1548 2536 saciant.

1314 2557 1365 2590 221.
1384 2556 1550 2590 Auditores
1566 2565 1675 2588 causas
1694 2554 1753 2587 sibi
1772 2554 1955 2588 commissas
1971 2554 2010 2588 ad

1270 2611 1368 2643 solam
1388 2610 1523 2654 partium
1542 2608 1720 2642 instantiam
1734 2608 1773 2641 ad
1790 2608 2008 2642 cancellariam

1270 2664 1430 2698 remittere
1453 2673 1516 2697 non
1539 2663 1668 2707 possint,
1686 2662 1740 2696 sed
1756 2667 1876 2695 tantum
1901 2661 2008 2696 habita

1270 2718 1393 2752 licentia
1412 2717 1536 2751 anobis
1561 2717 1609 2750 vel
1634 2716 1870 2751 successoribus
1891 2715 2009 2750 nostris

2236 3087 2273 3231 flauas-1⁵«
2244 3050 2271 3083 »ἐς
2244 2970 2273 3042 *iu-1·
