2293 3231
321 287 370 313 An.
385 286 416 314 c,
434 285 501 314 ¹623
546 276 610 311 806
1095 284 1274 308 antestium
1298 283 1452 307 Romnum

517 344 588 367 men
613 344 674 366 non
699 333 758 365 sint
783 331 889 364 altaris
913 331 960 364 vel
985 331 1130 363 altarium
1159 331 1254 364 eccle·
1269 334 1271 363 ἶ
1287 331 1404 364 ctitium
1431 340 1492 364 non
1517 330 1661 371 veniant,
1685 330 1740 364 sed
1763 331 1952 375 specialibus
1979 332 2027 365 in-

517 388 632 420 siarum
652 387 724 430 ipsis
740 385 930 429 cappellanis
955 385 1069 418 nostris
1087 371 1430 456 praedictisidigerent
1461 384 1640 424 vocabulis,
1668 385 1907 428 praesentibus,
1937 396 1972 420 ac
2001 385 2027 419 si

517 440 756 474 commissarum
783 438 968 477 ministerio,
994 449 1046 470 seu
1072 438 1163 470 alicui
1188 448 1254 481 spe·
1270 458 1271 483 1
1287 436 1432 480 specifice
1457 442 1487 470 et
1511 437 1669 480 sigillatim
1700 438 1967 482 exprimerentur,
1992 449 2027 473 ac

516 493 585 526 ciali
609 492 791 525 earumdem
810 492 1014 524 eeclesiarum
1033 491 1139 524 divino
1156 491 1252 523 cultui
1270 530 1272 535 ,
1287 490 1524 527 denotarentur,
1539 501 1597 535 pro
1615 491 1807 525 sufficienter
1826 492 1982 536 expressis
1998 496 2029 527 et

516 556 569 578 seu
595 546 662 578 usui
679 545 839 589 deputata)
857 555 951 588 seque
971 545 1178 581 moventibus,
1199 555 1252 577 cu·
1270 543 1454 576 {declaratis
1479 544 1588 576 haberi
1617 544 1787 588 volumus),
1804 555 1840 578 ac
1868 545 1961 578 etiam
1989 545 2027 579 de

2042 284 2098 312 An.
2113 283 2143 313 C.
2157 276 2228 315 Νὴ

515 599 698 642 iuscumque
723 599 888 641 qualitatis,
911 598 1101 641 quantitatis,
1128 598 1252 635 valoris,

514 653 638 696 speciei,
663 653 753 696 pretii
779 658 809 685 et
833 652 1020 685 conditionis
1040 652 1251 690 existentibus,

514 716 549 739 ac
575 707 696 739 iuribus
720 712 750 739 et
773 706 947 739 actionibus
979 706 1016 737 ad
1049 716 1103 739 eos
1133 706 1252 739 ratione

514 759 733 801 ecclesiarum,
759 759 852 792 etiam
878 759 1105 792 cathedralium
1131 765 1161 792 et
1186 771 1252 792 me-

513 813 791 856 tropolitanarum,
816 813 1101 853 monasteriorum,
1130 813 1252 857 priora—

513 871 611 906 tuum,
636 866 940 910 praepositurarum,
966 866 1154 909 dignitatum
1175 872 1205 900 et
1225 877 1253 899 a-

513 919 627 953 liorum
652 930 925 963 quorumcumque
950 919 1176 954 beneficiorum
1205 931 1252 954 ee-

513 974 777 1014 clesiasticorum,
807 984 878 1007 cum
911 977 987 1007 cura
1011 979 1040 1007 et
1065 974 1132 1008 sine
1156 977 1251 1016 cura,

513 1027 700 1060 secularium
725 1032 753 1060 et
779 1027 964 1071 quorumvis
989 1027 1141 1061 Ordinum
1162 1039 1253 1071 regu-

512 1081 635 1121 larium,
660 1091 739 1124 quae
757 1091 793 1113 cx
810 1081 972 1124 quibusvis
996 1082 1252 1115 concessionibus

513 1139 543 1166 et
558 1134 841 1177 dispensationibus
859 1134 1038 1177 apostolicis
1060 1134 1091 1167 in
1115 1135 1251 1176 titulum,

513 1187 746 1227 commendam,
771 1187 1091 1229 administrationem,
1116 1199 1152 1222 ac
1176 1189 1252 1222 alias

513 1240 747 1283 quomodolibet
772 1240 975 1281 obtinuerint,
996 1241 1137 1275 obtinent
1154 1247 1184 1275 et
1201 1242 1253 1275 ob-

514 1295 672 1335 tinebunt,
689 1305 725 1327 ac
741 1294 916 1335 fructuum,
934 1294 1115 1327 reddituum
1133 1300 1163 1328 et
1182 1307 1253 1340 pro-

514 1353 659 1381 ventuum
681 1347 962 1381 ecclesiasticorum
978 1347 1048 1381 loco
1065 1349 1250 1391 pensionum

513 1410 699 1441 annuarum,
709 1401 960 1445 pensionumque
970 1412 1144 1435 annuarum
1159 1413 1253 1446 super

513 1454 666 1488 similibus
690 1455 853 1495 fructibus,
878 1455 1052 1488 redditibus
1073 1461 1102 1488 et
1122 1467 1253 1499 proven-

513 1508 596 1541 tibus
621 1509 665 1541 eis
695 1514 925 1541 reservatorum
951 1514 982 1541 et
1005 1509 1251 1552 assignatarum,

513 1570 548 1594 ac
565 1561 825 1594 reservandorum
840 1567 869 1594 et
886 1561 1156 1605 assignandarum,
1173 1573 1252 1606 quos

513 1618 543 1649 et
566 1625 641 1658 quas
666 1615 873 1659 perceperint,
898 1615 1077 1658 percipiunt
1102 1621 1131 1648 et
1155 1616 1254 1659 perci-

513 1667 599 1711 pient
616 1668 644 1701 in
662 1670 812 1708 futurum,
826 1678 948 1702 necnon
966 1669 1252 1702 emolumentorum

513 1731 787 1765 quorumcumque
817 1723 974 1755 Romanae
999 1723 1104 1756 curiae
1134 1723 1253 1756 officio-

513 1785 595 1815 rum,
612 1785 648 1808 ac
672 1775 747 1807 alias
771 1775 1019 1818 quomodolibet,
1037 1776 1253 1820 spectantibus

515 1833 545 1860 et
567 1829 804 1872 pertinentibus,
829 1839 864 1862 ac
889 1829 980 1863 etiam
1007 1829 1044 1862 de
1073 1830 1163 1863 dietis
1190 1830 1254 1863 fru-

515 1882 626 1923 ctibus,
651 1882 833 1922 redditibus,
859 1883 1063 1926 proventibus
1080 1889 1110 1915 et
1132 1884 1254 1927 pensio-

515 1936 608 1969 nibus
632 1936 752 1976 annuis,
777 1947 898 1969 necnon
920 1948 1030 1970 eorum
1048 1937 1202 1971 industria
1218 1949 1253 1971 ac

515 1989 623 2023 labore
647 1990 883 2034 quomodolibet
907 1996 937 2023 et
961 1991 1190 2035 undecumque,
1215 1992 1252 2024 li-

517 2042 576 2075 cite
596 2048 715 2083 tamen,
740 2043 899 2086 acquisitis
924 2049 953 2076 et
977 2045 1193 2087 acquirendis,
1218 2056 1253 2078 ac

517 2095 602 2135 alias,
622 2096 712 2128 etiam
731 2095 769 2129 de
790 2097 974 2130 muneribus
990 2102 1019 2130 et
1036 2098 1156 2138 officiis,
1175 2109 1254 2141 quae

517 2149 731 2189 exercuerint,
755 2160 790 2181 ac
815 2160 867 2183 eos
892 2161 1040 2184 exercere
1065 2151 1253 2195 contigerit,

517 2206 547 2233 et
568 2202 628 2234 alia
659 2202 768 2246 quavis
799 2204 962 2236 occasione
994 2204 1040 2237 vel
1073 2207 1168 2237 causa
1200 2216 1254 2238 seu

518 2256 789 2300 contemplatione,
814 2257 851 2289 ad
879 2258 1005 2290 eosdem
1038 2258 1196 2302 perventis
1224 2264 1255 2292 et

518 2310 723 2352 perventuris,
748 2310 869 2342 etiamsi
886 2311 916 2342 in
934 2312 1065 2354 pecunia
1090 2314 1253 2345 numerata

518 2366 548 2393 et
571 2361 737 2402 jocalibus,
762 2363 912 2405 gemmis,
937 2364 1069 2407 aliisque
1093 2365 1255 2407 pretiosio-

519 2413 604 2447 ribus
625 2415 717 2447 rebus
733 2416 912 2456 consistant,
929 2421 990 2448 tam
1013 2417 1043 2449 in
1061 2417 1143 2450 dicta
1165 2418 1253 2451 curia

519 2477 611 2509 quam
637 2473 722 2500 extra
747 2479 825 2509 eam,
851 2469 966 2512 ubique
990 2470 1143 2511 locorum,
1160 2472 1254 2505 etiam

520 2530 613 2563 penes
636 2521 785 2554 beneficia
799 2522 864 2565 ipsa
880 2522 1085 2556 existentibus
1105 2525 1253 2567 (quorum

521 2573 659 2606 omnium
683 2575 845 2618 qualitates
870 2582 899 2608 et
923 2586 1013 2609 veros
1033 2587 1153 2610 annuos
1174 2579 1254 2612 valo-

521 2636 581 2666 rcs,
600 2627 691 2659 etiam
717 2628 740 2660 si
769 2628 840 2660 talia
865 2628 976 2669 forent,
1000 2640 1079 2673 quae
1104 2629 1134 2662 in
1159 2641 1254 2673 gene-

522 2678 578 2711 rali
601 2680 807 2722 appellatione
832 2681 998 2719 bonorum,
1023 2683 1071 2715 vel
1095 2684 1252 2727 suppelle-

1270 598 1272 624 ἰ
1288 596 1362 639 ipsis
1381 597 1587 640 proventibus
1602 603 1632 630 et
1652 598 1857 642 pensionibus
1873 598 1987 632 debitis
1998 603 2029 632 et

1270 670 1271 675 η
1287 650 1448 690 dehendis,
1468 660 1504 683 ac
1521 651 1660 684 nondum
1685 652 1842 696 perceptis
1858 658 1888 685 et
1900 652 2028 693 exactis,

1286 703 1407 736 etiamsi
1433 714 1543 737 eorum
1564 704 1739 745 solutionis,
1750 711 1804 738 aut
1815 705 2028 750 perceptionis

1286 757 1440 790 terminus
1456 758 1597 791 nondum
1621 758 1791 799 advenerit,
1807 769 1866 802 pro
1879 759 1933 791 illa
1948 761 2027 797 rata,

1286 822 1365 856 quae
1390 812 1450 845 illis
1475 807 1581 846 debita
1601 812 1670 854 erit,
1688 812 1910 846 constitutione
1929 812 2029 846 decla-

1287 866 1405 899 ratoria
1438 876 1533 910 super
1557 866 1710 900 fructibus
1739 871 1770 899 et
1798 866 1942 910 pecuniis
1965 875 2027 900 non

1286 919 1413 961 exactis,
1437 930 1517 963 quae
1542 920 1647 953 forsan
1670 919 1709 952 ad
1725 929 1923 953 successores
1939 918 1971 952 in
1983 919 2029 964 ip-

1286 973 1328 1006 sis
1341 972 1502 1006 beneficiis
1515 979 1660 1017 spectare
1670 979 1701 1006 et
1713 973 1872 1016 pertinere
1885 972 2027 1013 debeant,

1285 1037 1347 1060 non
1360 1026 1529 1067 obstante¹,
1539 1027 1630 1061 etiam
1642 1027 1869 1061 accumulative
1879 1036 1950 1060 curn
1963 1027 2028 1071 qui-

1286 1080 1392 1113 busvis
1416 1080 1485 1113 aliis
1513 1080 1669 1114 similibus
1693 1080 1742 1113 vel
1766 1079 1971 1113 dissimilibus
1986 1079 2029 1112 fa-

1286 1133 1463 1174 cultatibus,
1489 1133 1603 1167 habitis
1626 1137 1656 1167 et
1678 1133 1841 1174 habendis,
1864 1143 1965 1177 usque
1988 1132 2026 1166 ad

1285 1197 1441 1220 summam
1467 1187 1675 1221 ducentorum
1696 1187 1883 1221 ducatorum
1900 1185 1969 1220 auri
1988 1186 2029 1220 si-

1286 1241 1408 1274 milium
1433 1240 1604 1282 dumtaxat,
1629 1245 1693 1273 tam
1717 1250 1776 1285 pro
1797 1239 1980 1274 decentibus
1997 1245 2026 1273 et

1286 1294 1424 1327 honestis
1441 1294 1601 1338 impensis,
1614 1294 1811 1334 funebribus,
1824 1303 1919 1337 quam
1933 1293 2026 1326 etiam

1285 1358 1343 1391 pro
1360 1347 1614 1381 remuneratione
1631 1347 1770 1387 illorum,
1788 1346 1841 1390 qui
1861 1346 1907 1379 eis
1926 1345 2028 1380 viven-

1286 1401 1370 1434 tibus
1394 1401 1570 1443 servierint,
1595 1400 1688 1434 etiam
1712 1400 1795 1433 ultra
1819 1399 1937 1433 servitii
1960 1410 2026 1433 me-

1285 1455 1393 1496 ritum,
1410 1465 1446 1487 ac
1463 1454 1493 1487 in
1512 1455 1654 1498 ipsorum
1672 1454 1979 1498 consanguineorum
1997 1460 2028 1488 et

1286 1509 1425 1542 affinium
1448 1513 1478 1541 et
1497 1519 1772 1553 quorumcumque
1795 1508 1921 1552 piorum
1941 1508 2026 1543 loco-

1286 1572 1356 1595 rum
1382 1562 1531 1603 savorem,
1549 1572 1652 1602 usum,
1672 1572 1709 1595 ac
1732 1561 1819 1602 alias,
1836 1572 1896 1605 pro
1915 1571 2026 1595 eorum

1285 1615 1418 1649 arbitrio
1443 1621 1473 1649 et
1496 1615 1666 1656 voluntate,
1690 1615 1832 1648 absolute
1855 1614 1974 1656 testari,
1991 1624 2026 1647 ac

1286 1673 1482 1709 testamento,
1506 1668 1669 1709 codicillis,
1693 1667 1965 1709 fideicommissis,
1988 1667 2028 1701 le-

1286 1722 1376 1765 gatis,
1393 1721 1625 1762 donationibus,
1642 1727 1706 1754 tam
1723 1721 1804 1754 inter
1821 1721 1908 1754 vivos
1931 1730 2026 1764 quam

1286 1778 1379 1809 causa
1396 1776 1519 1816 mortis,
1533 1781 1564 1808 et
1575 1775 1644 1808 aliis
1658 1775 1910 1819 quibuscumque
1925 1773 2028 1808 modis

1286 1835 1316 1862 et
1335 1829 1449 1870 titulis,
1468 1829 1624 1873 scriptura
1640 1829 1733 1862 etiam
1755 1828 1860 1861 minus
1877 1827 2026 1868 solemni,

1286 1883 1379 1917 etiam
1404 1893 1511 1917 coram
1535 1882 1659 1916 duobus
1683 1882 1731 1915 vel
1758 1881 1859 1915 tribus
1883 1881 2026 1922 testibus,

1286 1942 1339 1970 aut
1358 1937 1451 1970 etiam
1469 1936 1578 1969 cedula
1591 1936 1658 1969 sola
1675 1945 1786 1968 eorum
1799 1945 1895 1968 manu
1908 1934 2027 1980 scripta

1286 1991 1333 2023 vel
1351 1989 1539 2033 subscripta,
1557 1994 1587 2022 et
1606 1989 1692 2029 alias,
1709 1988 1741 2021 in
1761 1988 1907 2022 omnihus
1923 1993 1954 2022 et
1969 1999 2027 2033 per

1287 2044 1401 2084 omnia,
1418 2048 1513 2087 prout
1533 2047 1562 2076 et
1586 2041 1853 2087 quemadmodum
1878 2042 1924 2075 eis
1948 2041 2028 2076 vide-

1287 2097 1382 2138 bitur,
1407 2097 1501 2130 etiam
1527 2097 1557 2129 in
1582 2097 1649 2140 ipsa
1675 2096 1762 2129 curia
1785 2095 1866 2129 etin
1882 2095 2026 2136 articulo,

1287 2151 1374 2184 nulla
1397 2150 1478 2184 facta
1498 2149 1656 2183 mentione
1680 2148 1864 2193 praesentis,
1888 2148 1937 2182 vel
1956 2148 2028 2182 alia-

1288 2214 1358 2236 rum
1383 2203 1428 2236 eis
1451 2214 1511 2247 pro
1535 2208 1680 2247 tempore
1704 2211 1926 2236 concessarum
1943 2201 2027 2235 sirni-

1287 2257 1364 2290 lium
1389 2257 1580 2298 facultatum,
1600 2261 1654 2289 aut
1677 2255 1761 2300 quod
1777 2255 1809 2288 in
1822 2255 1884 2287 vim
1902 2254 2026 2288 illarum

1288 2310 1392 2344 testari
1406 2321 1462 2343 seu
1475 2309 1643 2354 disponere
1658 2310 1763 2351 velint,
1780 2315 1834 2344 aut
1853 2309 2025 2349 intendant,

1287 2364 1382 2397 semel
1407 2368 1500 2407 atque
1524 2363 1639 2396 iterum
1663 2367 1694 2396 et
1713 2363 1832 2407 pluries
1847 2363 2026 2407 disponere,

1287 2421 1425 2449 statuere
1449 2421 1479 2448 et
1499 2415 1663 2455 ordinare3
1688 2415 1730 2448 ita
1753 2420 1788 2448 ut
1811 2414 1960 2459 quicquid
1984 2420 2026 2448 te-

1288 2474 1412 2510 statum,
1438 2473 1572 2512 gestum,
1597 2468 1776 2502 ordinatum
1793 2478 1849 2501 seu
1869 2468 1945 2501 alias
1968 2467 2027 2501 dis-

1287 2522 1425 2566 positum
1453 2521 1492 2554 ab
1527 2521 1602 2565 ipsis
1633 2521 1742 2562 fuerit,
1775 2521 1871 2554 etiam
1903 2521 1933 2553 in
1964 2521 2026 2554 vim

1287 2575 1438 2619 simplicis
1469 2574 1717 2615 distributionis,
1748 2584 1785 2607 ac
1811 2574 1907 2615 alias,
1939 2575 2025 2608 omni

1287 2629 1410 2663 meliori
1433 2629 1528 2662 modo
1552 2628 1669 2669 valeat,
1693 2632 1723 2660 et
1747 2628 1866 2661 servari
1893 2628 2024 2662 omnino

1323 2693 1334 2720 1
1353 2691 1497 2727 Perperam
1511 2690 1554 2718 ed.
1571 2689 1650 2718 Μαίη.
1666 2689 1731 2725 legit
1744 2698 1802 2718 non
1813 2690 1925 2718 obstare
1933 2690 2024 2726 (nm).
