2293 3231
497 263 535 298 16
1045 273 1222 298 111111111ιή
1243 273 1396 297 konnen

463 321 539 355 stiae
565 321 734 365 inciderit),
751 328 783 354 ut
803 322 858 354 viri
877 320 1046 364 prudentes
1064 319 1134 360 sint,
1150 320 1203 364 qui
1220 320 1346 361 {decem
1370 320 1459 353 annis
1484 320 1640 360 minores,
1665 331 1722 364 pro
1748 332 1805 353 usu
1836 321 1979 354 macello-

464 384 533 407 eam
558 374 619 408 cito
644 374 815 409 sublevem.
840 383 1041 417 congruaque
1067 373 1202 406 remedia
1220 383 1320 411 111111,
1338 372 1402 405 sive
1427 372 1529 412 Urbis,
1554 373 1617 405 sive
1641 373 1823 416 quarumvis
1844 373 1977 406 aliarum

465 427 698 460 subministrent
713 455 718 462 .
1220 446 1222 459 .
1239 426 1410 464 civitatum,
1429 432 1585 460 terrarum
1603 432 1631 459 et
1655 427 1795 460 locorum
1813 426 1884 460 Sedi
1903 428 1979 471 Apo-

264 272 312 299 Αη.
331 272 358 299 C.
382 271 443 301 1611
1992 272 2039 297 Au,
2057 271 2084 296 (Σ.
2110 270 2170 298 1611

290 493 393 514 tustanum
404 498 451 512 ren·

267 522 396 543 cantuum·
423 519 449 539 arl

267 547 386 566 ubertamu

267 572 353 593 nudam
386 578 449 593 anno·

267 605 306 619 nae
319 602 338 619 οι
356 616 360 619 ,
378 607 400 618 a-
418 599 421 601 ’

267 631 351 651 ‹tus-que

268 653 350 672 definio

268 678 355 702 uentae,

418 606 422 618 ι
443 616 448 619 .

369 628 450 670 quinut-

368 662 371 669 ι
384 659 401 670 ,η
417 657 450 671 tu·

509 482 523 524 ξ
549 481 576 514 2.
604 482 685 513 Motu
712 480 820 515 simili.
845 492 879 511 ac
905 490 940 511 ex
967 482 1051 511 certa
1076 479 1203 511 ,st-lentis}

411 552 421 563 r
439 557 448 561 -
466 539 494 566 et
512 533 734 566 detitnfratimif·
752 533 876 566 nostris.
894 544 928 564 ae
954 532 991 564 de
1015 532 1204 575 apostolicae
1220 559 1222 572 ‚

440 586 555 619 ..nobis
591 586 758 619 attrilmtae
794 585 954 629 potestatis
990 585 1203 628 plenitudine.

466 755 605 777 annonae
629 750 657 776 et
683 745 824 787 grasciac
844 744 982 777 curanda
1003 744 1205 780 instituimus,

467 798 497 830 in
521 808 581 841 qua
598 797 702 830 dilecti
719 797 773 830 titii
795 797 1009 830 thesaurarius
1033 802 1140 830 noster
1156 808 1206 840 ge-

466 851 591 891 neralis,
608 862 642 883 ac
661 860 801 883 annonae
817 851 1002 894 prael'ectus,
1020 856 1047 882 et
1065 851 1205 891 grasciae

466 914 601 948 praeses.
616 914 737 937 necnon
755 914 896 936 camerae
915 904 1104 947 apostolieae
1125 915 1225 947 00111-ἱ
1241 904 1333 937 etiam
1361 904 1462 944 L'rbis,
1487 916 1521 938 ac
1546 905 1731 948 quorumvis
1756 905 1890 938 aliorum
1912 903 1984 937 cim·
1998 918 2180 944 nampmmmn.

468 958 629 991 missarius
645 957 800 999 generalis
814 968 872 1001 pro
886 963 1027 1001 tempore
1040 958 1207 990 existentes
1223 970 1225 979 =

467 1022 484 1044 a
501 1011 591 1045 nobis
608 1011 756 1055 deputati,
773 1017 800 1043 et
827 1011 959 1043 dilectus
976 1011 1060 1044 tilius
1077 1012 1207 1045 loannes
1222 1018 1225 1040 f

468 1065 602 1109 Baptista
618 1065 784 1107 Costaguta
803 1064 962 1097 lanuensis
979 1064 1142 1098 familiaris
1156 1075 1209 1098 no-

468 1124 540 1157 ster,
566 1128 620 1151 seu
637 1118 715 1150 alius
731 1128 748 1150 a
765 1117 855 1151 nobis
875 1118 914 1150 ad
931 1118 1207 1161 congregationem

468 1172 646 1206 huiusmodi
663 1171 876 1216 deputandus,
892 1171 1100 1216 personaliter
1117 1171 1209 1205 inter·
1224 1184 1227 1191 ·

469 1226 540 1267 sint,
565 1231 592 1258 et
618 1225 853 1270 quintodecimo
877 1236 1003 1269 quoque
1027 1225 1066 1257 ab
1090 1225 1133 1257 eis
1151 1230 1208 1257 sta-

470 1280 583 1314 tuendo
607 1279 656 1314 die
688 1279 718 1312 in
750 1289 848 1312 unum
880 1278 1086 1319 conveniant,
1111 1289 1145 1311 ae
1170 1278 1208 1312 de

469 1341 534 1369 arte
559 1334 771 1377 agriculturae
796 1332 990 1366 restituenda
1006 1338 1035 1365 et
1055 1332 1208 1375 augenda,

469 1389 634 1423 laboreriis
651 1393 681 1421 et
698 1388 822 1433 pascuis
839 1386 1013 1420 dividendis
1029 1392 1123 1430 atque
1139 1397 1210 1419 ven-

469 1442 598 1484 dendis,
623 1448 652 1475 et
677 1442 714 1475 de
742 1446 822 1474 statu
850 1451 991 1474 annonae
1016 1445 1044 1473 et
1069 1440 1209 1483 grasciae

470 1496 660 1537 huiusmodi,
686 1496 842 1539 rebusque
867 1494 1014 1528 omnibus
1037 1494 1123 1526 illam
1141 1503 1211 1526 con-

471 1550 682 1591 cernentibus,
707 1549 839 1583 invicem
865 1548 1042 1587 conserant,
1066 1551 1210 1587 tractent,

471 1610 501 1639 et
524 1604 690 1648 diligenter
714 1602 919 1648 perpendant,
936 1607 976 1642 et,
996 1600 1079 1645 quod
1097 1600 1136 1633 ab
1155 1601 1210 1641 eis,

472 1670 527 1693 seu
555 1659 667 1692 maiori
698 1663 804 1702 parte,
829 1658 952 1690 matura
983 1655 1211 1689 consultatione

473 1712 668 1758 praehabita,
693 1711 786 1744 l'uerit
812 1710 998 1749 resolutum,
1022 1709 1112 1742 nobis
1136 1709 1213 1742 resc-

473 1773 562 1809 rant‚
594 1772 627 1799 ut
658 1765 733 1810 quid
763 1775 820 1809 pro
844 1763 969 1808 publica
999 1763 1131 1796 utilitate
1155 1768 1213 1796 sta-

474 1821 623 1855 tuendum
655 1821 693 1853 sit
723 1818 889 1864 providere
918 1817 1092 1862 possimuS,
1120 1816 1213 1850 firma

1239 479 1366 512 stolieae
1385 479 1516 511 mediate
1547 479 1592 512 rel
1619 479 1796 513 immediate
1828 480 1981 513 subiecto—

1239 543 1320 570 rum,
1347 532 1392 564 x‘el
1417 532 1455 564 ad
1482 532 1626 564 ellectum
1654 532 1867 568 incontinenti,
1885 533 1931 565 vel
1949 533 1979 565 in

1220 584 1323 633 'aliud
1348 590 1470 628 teinpus
1497 584 1669 621 mactandi.
1694 595 1809 623 emere,
1837 585 1979 624 rendere,

466 639 740 680 congregationem
765 640 988 682 prmylutorutn,
1012 636 1222 678 officialium—i

465 703 535 736 que,
553 698 580 724 et
606 693 808 734 egregiorum
830 692 969 724 xit-orum
989 702 1046 735 pro
1064 682 1223 724 ubertate:

1239 644 1289 671 aut
1306 638 1442 682 aliquem
1461 644 1656 672 contractum
1675 650 1729 673 seu
1746 646 1870 683 pactum
1890 639 1979 674 inire.

1239 691 1297 724 sub
1322 692 1500 725 amissionis
1524 691 1656 729 bobum,
1681 698 1708 725 et
1735 692 1978 736 quingentorum

1222 775 1223 780 ,
1240 749 1401 778 scutorum
1420 755 1562 778 camerae
1580 750 1705 778 nostrae
1723 745 1910 789 apostolicae
1931 756 1980 789 ap-

1240 797 1456 842 plicandorum
1481 797 1620 842 poend¹3

1285 851 1299 894 ξ
1323 850 1352 883 4.
1377 851 1504 884 Necnon
1529 850 1709 884 dolianeriis
1741 856 1770 883 et
1803 850 1982 893 gabellariis
2013 862 2181 885 pomeranam

1964 903 1969 909 -
1998 890 2101 916 retu-iant
2111 890 2181 915 palut-

1242 964 1350 999 tatum,
1365 964 1521 992 terrarum
1535 964 1564 992 et
1579 960 1721 993 locorum
1736 958 1982 1003 praedictorum,
1997 947 2182 999 {libat-¹223&

1242 1023 1415 1056 eorumque
1430 1012 1615 1045 ostieialibus
1629 1017 1656 1045 et
1675 1012 1837 1052 ministris,
1851 1011 1983 1055 aliisque
1998 999 2182 1070 ἲέἓιιξῖἷὲἔὲξῖέ

2038 1056 2049 1070 ἱ)
2059 1057 2070 1070 Β
2174 1059 2182 1064 ”

1224 1065 1279 1103 ¹ad
1305 1077 1384 1109 quos
1409 1070 1537 1109 spectat,
1561 1065 1619 1098 sub
1643 1065 1776 1099 aliorum
1801 1065 1984 1109 quingento-
1997 1055 2038 1097 1¹:³0
2065 1075 2182 1102 deputandi

1243 1129 1313 1151 rum
1339 1124 1501 1152 scutorum
1529 1118 1630 1151 eidem
1660 1129 1813 1159 camerae,
1839 1123 1872 1151 ut
1898 1128 1984 1162 prae·
1997 1103 2086 1151 Elim?
2112 1107 2182 1128 '⁰⁵⁹⁰'

1243 1171 1352 1208 fertur,
1369 1171 1639 1215 applicandorum,
1659 1171 1791 1215 aliisque
1807 1171 1900 1204 etiam
1917 1181 1984 1204 cor-

1243 1225 1424 1268 poralibus,
1457 1236 1514 1269 pro
1546 1225 1694 1269 qualitate
1723 1235 1930 1269 personarum
1955 1228 1984 1257 et

1243 1287 1450 1318 excessuum,
1486 1278 1616 1311 arbitrio
1656 1288 1797 1311 annonae
1836 1277 1984 1321 praefecti

1243 1331 1352 1374 poenis
1377 1331 1555 1375 irrogandis
1579 1337 1608 1364 et
1633 1330 1850 1371 moderandis,
1875 1340 1914 1363 ne
1940 1340 1985 1364 as-

1244 1385 1467 1428 signationem,
1491 1391 1616 1426 notam‚
1641 1396 1696 1418 seu
1721 1385 1909 1419 solutionem
1933 1384 1986 1418 ali—

1243 1450 1338 1484 quam
1363 1439 1514 1480 dohanae,
1540 1451 1595 1473 seu
1619 1439 1776 1483 gabellae,
1801 1449 1859 1482 pro
1884 1437 1986 1472 vendi-

1245 1493 1338 1534 tione,
1364 1494 1410 1527 vel
1435 1498 1597 1527 contractu
1621 1493 1738 1527 bobum
1763 1502 1986 1537 quorumcum-

1245 1557 1316 1590 que,
1333 1547 1455 1579 etiamsi
1479 1546 1607 1579 aratorii
1626 1546 1672 1580 vel
1690 1546 1728 1579 ad
1752 1545 1905 1579 arandum
1922 1545 1985 1590 apti

1245 1610 1308 1633 non
1325 1600 1396 1640 sint,
1414 1600 1565 1644 recipere.
1582 1599 1640 1632 nisi
1658 1599 1746 1643 prius
1763 1598 1863 1632 dictos
1879 1597 1984 1637 boves,

1247 1665 1341 1698 super
1357 1653 1472 1698 quibus
1489 1658 1668 1687 contractus
1686 1653 1780 1686 initus
1798 1651 1905 1692 suerit,
1922 1656 1984 1684 tam

1248 1708 1304 1752 ipsi
1336 1718 1430 1752 quam
1455 1707 1692 1740 commissarius
1716 1706 1754 1739 ad
1779 1705 1808 1739 id
1832 1705 1871 1738 ab
1895 1714 1988 1739 anno-

1247 1772 1304 1794 nae
1328 1761 1485 1806 praesecto
1509 1760 1676 1804 deputatus
1699 1760 1866 1803 diligenter
1889 1759 1988 1803 inspe-

1247 1815 1349 1849 xerint
1358 1826 1365 1855 ;
1384 1815 1436 1848 ubi
1451 1825 1525 1847 vero
1539 1825 1592 1847 eos
1605 1813 1768 1853 aratorios,
1784 1813 1829 1845 rel
1847 1812 1886 1845 ad
1901 1822 1988 1845 aran-

474 1880 653 1909 remanente
671 1874 701 1907 in
727 1873 821 1906 rebus
844 1871 951 1904 arduis
968 1870 1212 1914 congregatione
1228 1885 1231 1911 ¹
1247 1869 1322 1902 dum
1344 1874 1433 1913 aptos
1457 1878 1524 1901 esse
1548 1866 1768 1910 cognoverint,
1791 1870 1987 1899 contractum

474 1931 502 1963 S.
520 1930 553 1962 ll.
571 1929 604 1962 E.
622 1927 828 1962 cardinalium
853 1936 948 1970 super
972 1924 1114 1958 ubertate
1135 1924 1214 1957 eius·
1228 1913 1231 1949 i
1247 1923 1384 1966 aliquem
1400 1922 1458 1955 sub
1482 1921 1590 1955 eadem
1609 1923 1709 1965 poena
1728 1919 1922 1954 nullatenus·
1938 1919 1988 1953 ad-

474 1983 544 2016 dem
562 1992 701 2015 annonae
725 1992 742 2013 a
767 1979 864 2013 felicis
880 1978 1108 2012 recordationis
1128 1978 1213 2012 Sixto

279 2101 395 2122 Prnvlulutm
409 2109 433 2122 ην
443 2109 460 2122 Γ·

279 2129 340 2148 mind·
359 2129 422 2149 how«
439 2138 461 2148 ,4-

279 2159 370 2175 nturi-¹⁵
389 2157 419 2176 xcl
435 2156 461 2176 ad

279 2182 379 2202 arandum
401 2185 462 2207 aptum

279 2209 305 2227 ad
314 2209 410 2229 ellectum
417 2216 460 2230 tna—

279 2235 356 2255 '‘tan-li.

477 2037 556 2081 l’apa
581 2036 603 2068 Y
628 2035 850 2079 pradecessore
874 2038 983 2066 nostro
1007 2031 1156 2065 instituta.

1249 1977 1390 2018 mittere,

1291 2032 1306 2073 ξ
1338 2032 1366 2065 5.
1399 2030 1502 2064 Laniis
1539 2040 1612 2063 vero
1644 2035 1671 2061 et
1705 2029 1773 2061 aliis
1803 2028 2186 2086 animaliumnffissheeglffiji

520 2091 535 2133 ,ξ
558 2090 587 2122 3.
619 2089 782 2122 Praeterea
797 2115 804 2127 ,
832 2090 1037 2130 agnoscentes
1061 2089 1212 2129 quantum
1228 2070 1232 2134 ἰ
1250 2084 1483 2120 mactatoribus.
1501 2093 1549 2123 ne,
1564 2081 1622 2115 sub
1639 2081 1756 2115 eisdem
1774 2087 1803 2114 et
1826 2081 1920 2114 etiam
1943 2080 1990 2114 su-
2003 2090 2186 2112 „maturandum

477 2144 513 2176 ad
539 2154 632 2186 agros
663 2141 865 2181 excolendos,
894 2145 1057 2183 artemque
1081 2139 1215 2182 agricul·
1248 2136 1423 2181 stigationis
1446 2135 1556 2180 poenis
1572 2135 1712 2168 eiusdem
1737 2134 1886 2179 praefecti
1909 2133 1989 2166 arbi-

477 2203 564 2230 turae
588 2195 851 2236 conservandam,
876 2194 971 2227 boves
996 2193 1124 2226 aratorii
1147 2203 1216 2236 per-

478 2250 644 2284 necessarii
661 2250 732 2290 sint,
746 2254 844 2289 motu,
866 2248 996 2281 scientia
1016 2252 1046 2280 et
1062 2251 1214 2290 potestate

478 2304 651 2344 similibus,
675 2302 820 2336 omnibus
844 2307 872 2334 et
899 2300 1030 2343 singulis
1053 2299 1214 2343 personis,

479 2363 540 2390 tani
566 2357 784 2389 ecclesiasticis
815 2365 909 2400 quam
934 2353 1140 2393 secularibus,
1166 2364 1216 2385 eu-

480 2411 663 2453 iuscumquc
687 2410 804 2452 gradus
832 2414 861 2441 et
893 2407 1098 2447 conditionis,
1123 2407 1214 2439 etiam

480 2466 508 2498 S.
527 2465 560 2497 11.
578 2464 611 2497 E.
629 2463 849 2503 cardinalibus,
865 2472 987 2495 necnon
1011 2460 1216 2505 principibus,

480 2516 634 2555 ducibus,
659 2516 830 2548 latronibus
861 2521 889 2548 ct
920 2515 989 2548 aliis
1019 2525 1217 2558 quacumque

481 2570 642 2613 dignitate,
667 2569 756 2601 titulo
776 2574 803 2601 et
829 2567 1049 2612 praerogativa
1072 2565 1217 2605 suffultis,

482 2634 521 2656 ne,
536 2623 631 2656 boves
648 2622 812 2659 aratorios,
827 2632 882 2654 seu
899 2621 937 2654 ad
953 2620 1104 2654 arandum
1119 2624 1217 2663 aptos,

482 2677 574 2710 etiam
599 2675 736 2710 nondum
761 2675 906 2711 domitos,
929 2675 1097 2720 praecipue
1114 2679 1217 2707 autem

2002 2119 2072 2144 aptus,

1249 2191 1309 2225 trio
1334 2189 1534 2234 irrogandis,
1559 2189 1655 2223 boves
1679 2187 1833 2222 aratorios
1866 2187 1913 2220 vel
1949 2186 1988 2220 ad

1249 2246 1402 2279 arandum
1411 2249 1499 2288 aptos
1512 2243 1692 2277 huiusmodi
1709 2247 1845 2276 mactare
1854 2241 1989 2275 audeant

1250 2300 1296 2333 vel
1323 2303 1534 2344 praesumant,
1560 2297 1731 2331 districtius
1755 2295 1970 2340 prohibemus.

1294 2355 1309 2397 ,ξ
1333 2354 1362 2387 6.
1387 2354 1428 2386 Ac
1453 2361 1668 2396 quascumque
1693 2349 1906 2383 ordinationes
1925 2353 1989 2382 tam
2021 2355 2188 2377 canuit-mono·

1250 2418 1306 2451 per
1332 2418 1388 2440 nos
1411 2411 1437 2439 et
1465 2405 1724 2449 praedecessores
1740 2407 1864 2436 nostros
1881 2382 2192 2435 Ronia-ssiii'iiissssessiid?

2004 2435 2160 2458 confirmantur.

1289 2505 1299 2532 1
1322 2503 1498 2537 Subintellige
1518 2501 1644 2529 audeant
1664 2500 1704 2527 vel
1722 2502 1920 2535 praesumant,
1943 2499 1989 2527 di-

1251 2549 1382 2578 strictius
1392 2547 1588 2584 prohibemus,
1604 2544 1642 2572 uti
1657 2544 1683 2572 in
1699 2544 1751 2571 line
1766 2543 1779 2579 g
1794 2544 1810 2570 5
1825 2551 1882 2580 seq.
1897 2545 1958 2577 (11.1η
1972 2543 1988 2577 ).

1287 2595 1304 2622 2
1323 2593 1419 2629 Aptius
1438 2592 1574 2628 legeretur
1594 2591 1755 2621 ullatenus,-
1774 2596 1836 2616 nam
1856 2587 1989 2616 subintel-

1253 2639 1343 2676 ligitur
1352 2647 1420 2666 ne...
1432 2637 1560 2666 audeant
1571 2636 1610 2664 vel
1619 2637 1816 2670 praesumant,
1829 2633 1989 2662 districtiu-e

1250 2684 1436 2720 prohibemus
1448 2683 1486 2717 (11.
1503 2683 1550 2715 τ.).
