2293 3231
75 275 126 304 An.
142 275 171 304 G.
189 275 256 304 1622

104 337 258 366 suessa-nv,
319 323 334 366 ξ
357 323 386 355 3.
413 323 532 366 Atque,
558 329 588 356 ut
625 325 786 365 regulares
817 324 847 356 in
872 326 1011 357 ecclesiis

77 368 258 438 ctiissedgatgisscsa
272 385 402 408 suorum
427 376 578 408 (ti-(linum
604 376 785 419 praedicare
811 377 958 417 volentes,
978 389 1010 411 sc

76 422 110 438 Vffl'
128 422 140 437 ιλ
174 422 201 437 (ΕΙ.

273 438 379 461 corani
409 428 565 473 episcopis
594 434 811 473 praesentare,
836 434 865 461 et
897 431 934 462 ab
966 431 1010 463 eis

271 481 520 515 benedictionem
544 486 651 526 petere
676 487 849 522 teneantur,
868 483 897 515 in
915 484 1010 515 cecle-

271 534 325 568 siis
339 545 424 575 vero,
442 545 521 578 quae
538 545 668 568 suorum
683 535 833 569 Ordimun
848 546 910 569 non
929 542 1009 577 sunt,

272 587 463 620 nullomodo
473 587 655 631 praedicare
665 588 784 631 possint
793 588 859 621 sine
870 589 1009 633 episcopi

272 640 413 681 licentia,
446 641 678 674 contradicente
709 647 812 674 autem
844 642 1009 686 episcopo,

272 693 359 734 nulli,
375 693 467 726 etiam
489 693 520 726 in
538 704 667 726 suorum
685 694 835 726 Ordinum
860 694 1010 735 ecclesiis,

272 745 455 789 praedicare
470 750 681 789 praesumant.

72 810 192 841 rimantem
202 810 256 832 ron-
316 798 331 842 ἓ
355 798 384 831 lt.
411 799 536 840 Verum,
554 799 627 842 quia
651 799 844 843 experientia
869 810 1011 843 comper—

72 836 337 893 llssssoffip‘ilec'llltum
373 857 419 885 est
451 852 653 886 ecclesiastici
683 852 846 895 regiminis
874 853 1010 885 rationes

72 890 208 942 iiinii’tnnfflg
219 889 255 936 “iii
270 906 448 948 postulare,
481 910 514 940 ut
545 905 678 939 decretis
707 906 860 939 eiusmodi
892 906 1010 949 aliquid

72 943 255 999 ἷῆἶῖῗῑιζῖιωῶῗᾶ
271 957 472 1001 adiungatur,
496 961 620 992 matura
643 959 868 992 deliberatione
891 961 1009 999 nostra,

72 1001 255 1044 issiff'ffii'nssaeffis
270 1016 300 1044 et
323 1023 358 1045 ex
377 1014 462 1046 certa
480 1013 620 1055 scientia,
637 1024 673 1045 ac
689 1013 727 1045 (le.
747 1013 934 1056 apostolieae
952 1023 1009 1056 po-

71 1050 255 1098 ἶῖῗιῆἓῗῖἓιῗῦηέιῖἷ
270 1067 389 1099 testatis
413 1066 615 1110 plenitudine,
640 1066 699 1098 hae
723 1065 861 1108 generali
879 1076 913 1099 ac
941 1077 1010 1110 per-

269 1126 365 1165 petuo
390 1121 523 1154 valitura
546 1120 772 1154 Constitutione
796 1120 1009 1161 decernimus,

269 1174 434 1209 statuimus
454 1179 484 1207 et
503 1174 709 1215 declaramus,
730 1179 761 1206 ut
782 1174 928 1217 deinceps
946 1180 1008 1207 tam

270 1229 432 1272 regulares
461 1238 554 1271 quain
585 1228 742 1260 seculares
772 1228 1009 1271 quomodolibet

267 1282 405 1326 exempti
429 1282 507 1325 (sive
531 1281 707 1314 animarum
732 1292 841 1314 curam
864 1292 1009 1326 persona-

268 1347 340 1368 rum
357 1335 545 1368 secularium
567 1335 767 1368 monasteriis
785 1346 839 1368 seu
863 1336 1008 1369 domibus

270 1389 468 1433 regularibus
496 1393 549 1421 aut
579 1388 741 1432 quibusvis
768 1389 836 1422 aliis
868 1390 1009 1422 eeclesiis

272 1443 318 1476 vel
342 1442 514 1484 beneficiis,
534 1442 597 1475 sive
622 1442 821 1485 regularibus
846 1443 909 1476 sive
926 1454 1010 1476 seeu-

270 1496 399 1536 laribus,
413 1495 647 1528 incumbentem
661 1501 835 1535 exerceant,
853 1495 916 1528 sive
933 1496 1010 1529 alias

269 1549 480 1582 ecclesiastica
493 1553 697 1589 sacramenta,
712 1554 875 1581 autunum
892 1559 928 1582 ex
948 1549 1009 1582 illis

270 1602 465 1643 ministrent,
493 1602 620 1646 praevia
651 1602 792 1645 episcopi
823 1602 946 1636 licentia
980 1609 1008 1635 et

270 1655 514 1700 approbatione,
536 1655 599 1688 sive
616 1655 841 1699 quoquomodo
862 1655 893 1687 in
909 1656 1009 1688 dictae

269 1719 364 1742 curae
389 1709 549 1750 exercitio,
569 1713 622 1742 aut
646 1709 676 1741 in
701 1709 884 1742 eorumdem
909 1720 1010 1742 sacra-

271 1767 449 1797 mentorum
484 1763 532 1795 vel
568 1763 700 1796 alieuius
731 1773 767 1795 ex
793 1762 853 1795 illis
877 1763 1009 1795 admini-

270 1816 419 1851 stratione
433 1816 471 1849 de
489 1816 581 1857 facto,
598 1816 715 1859 absque
732 1816 796 1848 ulla
813 1816 1008 1857 auctoritate,

270 1881 304 1904 se
327 1870 496 1914 ingerant),
514 1869 544 1902 in
562 1870 611 1902 bis
632 1880 711 1914 qnae
729 1869 883 1903 eiusmodi
901 1880 1007 1903 euram

271 1934 325 1957 seu
349 1923 650 1957 administrationem
679 1929 887 1961 concernunt,
912 1924 1010 1956 omni-

271 1976 382 2010 modae
406 1977 629 2017 iurisdictioni,
653 1977 821 2009 visitationi
846 1982 876 2009 et
906 1987 1010 2010 corre-

271 2030 366 2064 ctioni
384 2030 560 2063 dioecesani
577 2031 727 2074 episcopi,
745 2034 903 2074 tamquam
921 2031 1009 2063 Sedis

271 2083 467 2126 Apostolicae
494 2083 651 2126 delegati,
675 2084 767 2126 plene
798 2083 828 2116 in
863 2084 1009 2117 omnibus

271 2136 486 2169 subiiciantur.
504 2135 549 2168 Ad
566 2136 643 2168 haee
657 2139 718 2169 tam
735 2136 897 2178 regulares
914 2147 1008 2179 quain

272 2189 428 2222 seculares
451 2189 634 2222 huiusmodi
650 2189 745 2221 nullis
768 2188 941 2232 privilegiis
957 2195 1010 2221 aut

237 2249 245 2254 ·
272 2241 523 2285 exemptionibus
536 2241 617 2274 tueri
634 2251 666 2274 se
683 2241 814 2284 possint,
830 2241 1009 2284 quominus,

271 2295 297 2328 si
321 2294 510 2338 deliquerint
534 2293 618 2327 circa
642 2303 793 2337 personas
818 2294 898 2326 intra
923 2298 1010 2338 septa

271 2349 430 2391 degentes,
455 2354 508 2381 aut
532 2347 616 2381 cirea
639 2348 826 2388 clausuram,
851 2349 913 2385 rel*
927 2348 1011 2381 eirea

271 2402 427 2436 bonorum
458 2402 760 2434 administrationem
797 2402 1010 2435 monasterio-

271 2466 342 2489 rum
366 2455 562 2496 monialium,
577 2455 669 2489 etiam
687 2455 886 2497 regularibus
911 2456 1011 2488 subie-

271 2514 407 2551 ctarum,
432 2510 471 2542 ab
499 2510 646 2553 episcopo
674 2509 734 2542 loci
767 2509 919 2550 similiter,
938 2514 1011 2543 tani-

271 2573 365 2606 quam
387 2563 426 2596 ad
441 2563 500 2596 hoc
523 2563 611 2596 Sedis
633 2563 829 2606 Apostolieae
857 2562 1009 2605 delegato,

271 2615 393 2658 quoties
417 2621 448 2649 et
471 2615 596 2660 quando
619 2626 700 2659 opus
727 2615 831 2656 suerit,
852 2616 955 2658 puniri
981 2621 1011 2649 et

273 2668 390 2711 corrigi
413 2669 544 2702 valeant.

355 2731 434 2760 Bull.
454 2732 537 2760 Rom.
580 2731 638 2761 Vol.
659 2731 723 2759 XII.
886 2731 919 2760 83

874 276 1050 302 GREGORlUS
1075 279 1114 303 XV
1140 279 1185 302 PP.

1686 271 1750 303 657

1089 327 1103 368 ξ
1128 327 1156 358 ,”ι.
1182 326 1381 359 Consessores
1407 337 1501 365 vero,
1528 327 1591 359 sire
1621 329 1782 369 regulari-s

1044 379 1107 411 sire
1132 379 1298 420 seculares,
1316 379 1611 423 quoniodocuinque
1636 381 1782 423 exempti,

1045 437 1105 464 tani
1120 432 1269 465 ordinarii
1286 444 1378 475 quain
1397 433 1648 473 extraordinarii,
1662 433 1698 465 ad
1713 444 1783 466 eon-

1045 485 1192 517 l'essiones
1203 485 1495 525 monialium,etiarn
1509 486 1705 527 regularibus
1715 487 1783 518 sub⁴

1044 538 1212 577 iectarum,
1237 537 1406 570 aiulicndas
1434 538 1611 571 imbuimus
1640 539 1781 582 deputari

1044 591 1174 631 valeant,
1194 591 1252 623 nisi
1271 592 1358 635 prius
1376 592 1414 624 ab
1432 591 1580 635 episeopo
1598 591 1782 625 dioecesano

1044 643 1146 676 idonei
1164 644 1351 684 iudicentur,
1369 650 1398 676 et
1411 644 1681 688 approbationem,
1702 656 1782 688 quae

1043 696 1140 739 gratis
1158 697 1356 737 concedatur,
1377 697 1544 729 obtineant.
1563 697 1621 729 Sed
1639 702 1665 730 et
1684 698 1782 730 admi-

1044 749 1210 781 nistrantes
1247 749 1328 781 bona
1359 749 1397 782 ad
1429 749 1560 782 eadem¹
1592 751 1780 783 monasteria

1044 803 1339 844 sanctimonialium,
1358 808 1390 835 ut
1417 805 1602 846 praefertur,
1627 804 1720 836 etiam
1739 815 1783 837 re-

1043 856 1207 897 gularibus
1237 855 1467 897 subiectarum,
1491 857 1694 900 pertinentia,
1719 858 1782 890 sive

1043 909 1206 951 regulares
1219 909 1377 942 extiterint
1390 910 1453 942 sive
1474 911 1640 951 seculares,
1655 921 1783 954 quomo-

1043 961 1162 994 dolibet
1185 962 1331 1005 exempti,
1357 962 1507 1006 episcopo
1532 963 1609 1003 loci,
1635 963 1783 996 adhibitis

1043 1014 1136 1046 etiam
1161 1015 1379 1058 superioribus
1410 1016 1626 1058 regularibus,
1652 1016 1783 1059 singulis.

1043 1069 1131 1101 annis
1152 1069 1289 1101 rationes
1314 1069 1604 1110 administrationis,
1625 1070 1722 1112 gratis
1742 1075 1784 1102 ta-

1043 1132 1114 1154 men
1132 1122 1310 1164 exigendas,
1335 1123 1467 1155 reddere
1493 1127 1666 1164 tencantur,
1686 1124 1725 1156 ad
1742 1124 1783 1156 id—

1042 1186 1102 1217 que
1113 1175 1189 1207 iuris
1203 1175 1351 1208 remediis
1367 1176 1437 1218 cogi
1451 1182 1479 1208 et
1494 1177 1641 1220 compelli
1658 1183 1782 1220 queant.

1042 1227 1209 1271 Liceatque
1237 1228 1386 1271 episcopo
1418 1239 1453 1261 ex
1485 1229 1663 1263 rationabili
1689 1232 1780 1263 causa

1043 1281 1221 1325 superiores
1245 1282 1407 1324 regulares
1432 1282 1618 1323 admonere,
1644 1288 1678 1315 ut
1707 1284 1784 1316 eius-

1042 1334 1126 1367 modi
1157 1335 1353 1368 confessores
1388 1340 1480 1378 atque
1513 1336 1783 1369 administratores

1042 1393 1222 1427 amoveant3
1248 1388 1347 1431 iisque
1372 1389 1589 1433 superioribus
1619 1389 1649 1422 id
1682 1390 1782 1423 facere

1042 1442 1288 1474 detrectantibus
1318 1446 1371 1474 aut
1397 1443 1646 1485 negligentibus,
1672 1443 1781 1476 habeat

1043 1495 1208 1538 episcopus
1227 1495 1405 1528 facultatem
1430 1496 1608 1539 praedictos
1629 1498 1784 1530 confesso-

1044 1559 1093 1581 res
1117 1554 1147 1581 et
1170 1549 1441 1582 administratores
1471 1550 1637 1583 amovendi
1661 1551 1784 1594 quoties

1043 1607 1073 1634 et
1096 1602 1221 1645 quando
1241 1613 1320 1645 opus
1337 1612 1404 1635 esse
1421 1599 1614 1635 iudicaterit.
1636 1604 1679 1636 Ae
1702 1604 1784 1636 simi-

1043 1655 1114 1687 liter
1133 1655 1230 1698 possit
1254 1655 1432 1699 episcopus,
1456 1658 1517 1688 una
1541 1667 1613 1689 eum
1639 1657 1783 1700 superio-

1043 1708 1130 1741 ribus
1155 1708 1371 1751 regularibus,
1396 1719 1668 1752 quarumcumque
1694 1710 1784 1742 abba-

1043 1762 1200 1801 tissarum,
1219 1761 1454 1805 priorissarum,
1474 1763 1715 1806 praesectarum,
1736 1764 1783 1795 rel

1042 1815 1293 1859 praepositarum
1307 1816 1491 1849 eorumdem
1507 1816 1782 1855 monasteriorum,

1042 1880 1243 1912 quocumque
1259 1869 1385 1902 nomine
1402 1870 1610 1913 appellentur,
1629 1870 1783 1904 electioni-

1043 1923 1120 1961 bus,
1140 1933 1197 1966 per
1224 1933 1255 1955 se
1280 1923 1328 1955 vel
1352 1933 1409 1965 per
1433 1923 1548 1963 alium,
1574 1923 1724 1956 interesse
1748 1934 1783 1955 ae

1042 1975 1237 2019 praesidere,
1262 1976 1380 2020 absque
1411 1977 1476 2009 ulla
1507 1982 1611 2010 tamen
1642 1977 1782 2020 ipsorum

1043 2029 1307 2061 monasteriorum
1327 2029 1480 2072 impensa.

1087 2084 1101 2124 ξ
1125 2082 1154 2115 6.
1172 2083 1215 2115 Ae
1233 2082 1360 2115 demum
1381 2082 1494 2115 habeat
1511 2083 1690 2126 episcopus,
1708 2088 1784 2115 tam-

1042 2146 1136 2178 quam
1154 2136 1254 2169 dictae
1273 2136 1361 2169 Sedis
1378 2136 1549 2179 delegatus,
1567 2137 1782 2170 auctoritatem

1043 2188 1210 2221 coercendi
1228 2199 1262 2221 ac
1280 2189 1430 2232 puniendi
1444 2200 1661 2232 quoscumque
1679 2200 1783 2222 exem-

1043 2246 1125 2284 ptos,
1143 2246 1206 2274 tam
1231 2243 1388 2274 seculares
1412 2253 1506 2285 quam
1532 2243 1705 2284 regulares,
1731 2243 1782 2285 qni

1044 2294 1075 2327 in
1099 2295 1208 2327 alienis
1232 2295 1382 2335 eeclesiis,
1403 2301 1454 2328 aut
1479 2306 1558 2339 quae
1583 2306 1713 2328 suorum
1730 2296 1785 2329 Or-

1043 2348 1151 2381 dinum
1169 2359 1232 2381 non
1253 2354 1334 2390 sunt,
1354 2349 1471 2392 absque
1492 2349 1631 2392 episcopi
1649 2349 1784 2387 licentia,

1043 2405 1073 2435 et
1094 2401 1122 2433 in
1148 2401 1288 2434 ecclesiis
1309 2402 1383 2441 suis,
1401 2407 1453 2434 aut
1471 2412 1601 2435 suorum
1620 2401 1781 2437 Ordinum,

1044 2464 1105 2486 non
1130 2454 1225 2498 petita
1255 2453 1338 2487 illius
1368 2454 1606 2495 benedictione,
1631 2460 1685 2488 aut
1716 2455 1783 2498 ipso

1044 2507 1286 2549 contradicente,
1304 2508 1487 2551 praedicare
1503 2509 1782 2552 praesumpserint.

1044 2562 1087 2594 lta
1107 2566 1138 2594 ut
1164 2561 1303 2605 episcopi
1321 2562 1353 2594 in
1375 2562 1596 2606 suprascriptis
1614 2563 1738 2595 casibus
1755 2563 1784 2595 in

1043 2615 1296 2658 praenominatas
1327 2625 1499 2658 personas,
1532 2615 1563 2647 in
1601 2616 1784 2659 praemissis

1079 2678 1090 2704 l
1111 2677 1180 2704 Edit.
1198 2677 1276 2705 Main.
1293 2677 1357 2713 legit
1370 2677 1499 2706 eiusdem
1514 2679 1556 2713 (n.
1571 2678 1619 2712 Τ.).

1799 279 1845 307 An.
1864 280 1891 307 C,
1911 280 1980 307 1592

1817 341 1837 359 tit
1851 347 1877 366 up:
1901 342 1919 359 t*

1800 369 1886 387 tium-2,

1799 2092 1824 2112 Et
1835 2094 1898 2112 etiam
1912 2099 1967 2118 quoa
1977 2093 1981 2111 l

1799 2119 1967 2145 praedicatum,
