2293 3231
318 273 365 301 Αη.
385 273 412 299 c..
435 273 501 301 itu-2
548 266 591 298 nt

515 324 677 356 lacultates
693 323 858 359 concedet.
877 329 902 356 et
922 323 1015 355 etiam
1039 334 1190 360 summae,
1212 323 1258 356 vel

516 378 631 411 valoris
653 378 696 410 rei
722 378 759 410 ile
783 388 843 420 (pta
864 377 981 420 agitium
1008 387 1130 410 necnon
1155 377 1260 411 onmia

515 437 678 475 sequestra
691 437 718 464 et
740 430 905 464 monitoria
923 442 957 463 ex
975 430 1085 474 quavis
1101 432 1194 464 eausa
1211 430 1261 464 de-

515 485 681 518 cernenda.

560 538 611 571 85.
641 539 672 571 ln
697 538 796 571 altero
819 543 922 571 autem
947 537 1091 571 similiter
1108 544 1258 572 annotare

516 591 644 625 debeant
673 592 777 625 omnia
804 591 949 624 mandata
969 592 1172 635 exequutira,
1198 602 1260 625 non

517 652 620 678 tamen
643 645 672 678 in
689 645 936 683 contumaciam,
954 651 983 678 et
1001 645 1106 679 omnia
1123 651 1260 687 arresla,

518 699 662 732 mandata
690 699 727 731 de
748 699 989 739 excarcerale
1017 699 1261 742 significationes

516 753 646 794 dotales,
663 759 713 786 aut
732 753 840 795 vigore
855 753 992 794 termini,
1006 759 1057 786 aut
1076 754 1106 786 in
1124 754 1185 786 vim
1199 754 1261 787 litis

516 806 716 850 pendentum,
738 812 788 839 aut
806 806 868 840 litis
885 806 990 840 linitae
1002 834 1009 847 ,
1028 812 1077 840 aut
1096 812 1195 840 stante
1212 807 1262 840 de-

516 860 619 904 posito
637 862 682 894 vel
711 861 887 904 negatione,
904 867 954 894 aut
973 861 1044 894 data
1063 862 1206 895 cautione
1223 862 1260 895 dc

515 913 626 946 stando
651 914 710 947 iuri
739 919 768 949 et
793 914 928 948 iudicato
953 916 1104 949 solvendo
1136 926 1262 949 conces-

516 977 575 1007 sas,
602 972 632 1000 et
655 977 765 1000 omnes
786 968 968 1007 citationes,
986 969 1034 1002 vel
1060 968 1261 1003 inhibitiones

516 1019 624 1063 vigore
642 1021 882 1063 ‹sonitans-ionis,
899 1028 949 1054 aut
968 1027 1057 1055 extra
1073 1022 1192 1055 curiam
1210 1022 1263 1055 de-

517 1078 634 1114 cretas,
651 1074 822 1108 dummodo
846 1076 876 1108 in
899 1076 1039 1119 quolibet
1057 1076 1197 1120 ipsorum
1215 1087 1262 1110 ca-

516 1137 607 1160 suum
632 1133 744 1170 agatur
766 1129 804 1162 de
831 1140 864 1161 re
891 1130 938 1162 ret
962 1131 1083 1162 summa
1100 1135 1260 1163 scutorum

516 1180 583 1213 auri
610 1187 748 1225 septem,
766 1182 1022 1216 constituentium
1050 1183 1142 1216 iulios
1158 1188 1262 1217 octua-

516 1233 603 1277 ginta
623 1240 772 1278 quatuor,
791 1241 822 1268 ut
840 1246 944 1279 supra.

561 1287 612 1321 86.
636 1288 734 1323 Listas
759 1300 967 1334 expensarum
992 1300 1055 1324 non
1084 1290 1260 1329 conficiant,

515 1352 617 1386 neque
634 1348 804 1388 propterea
821 1345 1000 1378 mercedem
1015 1345 1151 1389 aliquam
1167 1345 1260 1379 etiam

516 1405 533 1428 a
558 1402 669 1440 sponte
694 1397 838 1431 dantibus
862 1398 1025 1442 recipiant,
1051 1399 1108 1431 nisi
1133 1399 1260 1442 praevio

517 1449 756 1485 locumtenentis
781 1451 929 1491 decreto,
957 1457 985 1485 et
1021 1453 1160 1485 eiusdem
1193 1453 1262 1485 sub-

517 1503 698 1547 scriptione,
725 1504 754 1536 in
779 1505 863 1538 calce
889 1505 1070 1539 citationum
1089 1506 1131 1538 ad
1148 1505 1260 1539 riden-

517 1556 596 1590 dum
622 1559 733 1591 tamari
748 1569 904 1602 &pensas
929 1559 1127 1603 apponenda.

561 1610 612 1644 87.
629 1611 764 1645 Examen
778 1612 902 1646 testium
914 1613 1053 1645 scribere
1066 1613 1183 1656 possint
1199 1613 1261 1645 duo

517 1668 636 1698 tantum
663 1666 776 1699 notarii
802 1678 861 1710 pro
886 1666 1025 1709 quolibet
1051 1667 1165 1706 allicio,
1183 1678 1262 1711 quos

517 1717 710 1761 gubernator
736 1730 794 1763 pro
817 1723 957 1764 tempore
982 1720 1218 1764 approbaverit,
1233 1725 1262 1755 et

517 1781 579 1804 non
603 1772 664 1804 alii.

561 1824 612 1858 88.
638 1826 755 1860 Notarii
776 1827 929 1861 auditoris
950 1838 1104 1865 camerae,
1126 1829 1208 1862 ultra
1225 1838 1262 1861 ea

517 1890 596 1922 quae
629 1880 745 1914 sancita
775 1884 846 1914 sunt
875 1881 912 1913 de
939 1881 1085 1915 tribunali
1110 1882 1262 1916 auditoris

517 1944 661 1967 camerae
686 1938 716 1968 et
739 1934 777 1967 de
802 1935 871 1968 aliis
896 1935 1036 1977 notariis,
1054 1935 1227 1970 abstineant
1245 1946 1263 1968 a

517 1987 694 2021 monitoriis
719 1987 894 2022 incultionis
918 1994 945 2021 et
972 1989 1184 2029 iactatiommi,
1210 1994 1260 2023 aut

518 2041 588 2074 aliis
611 2042 873 2086 quibuscumque,
891 2043 1005 2087 quibus
1026 2044 1128 2088 prima
1147 2045 1262 2077 instan-

521 2094 561 2128 lia
586 2106 603 2127 a
636 2096 699 2128 suis
727 2096 895 2129 ordinariis
920 2098 1100 2137 auferatur,
1125 2097 1263 2142 exceptis

519 2149 642 2182 casibus
667 2149 882 2192 privilegialis.

563 2202 615 2237 89.
642 2203 677 2237 Et
698 2203 727 2236 in
750 2204 926 2237 monitoriis
949 2204 1137 2248 specialibus
1154 2203 1184 2237 in
1202 2204 1264 2248 pri-

520 2257 571 2289 mt't
588 2256 746 2295 instantia,
767 2257 820 2290 ulli
839 2257 1042 2301 permittitur,
1060 2261 1087 2291 cl
1110 2257 1264 2292 inhibitio-

520 2310 613 2343 nibus
631 2311 738 2354 vigore
755 2311 1014 2355 appellationum,
1028 2322 1108 2354 quae
1129 2311 1167 2344 ab
1181 2311 1264 2344 audi-

519 2368 586 2398 tore
603 2375 745 2398 camerae
759 2365 974 2399 conceduntur
992 2365 1021 2398 in
1036 2365 1178 2408 partibus
1192 2376 1262 2398 cum

521 2418 671 2460 clausula,
696 2418 871 2454 dummodo
891 2429 988 2452 causa
1011 2429 1170 2452 summam
1195 2429 1265 2452 scu-

522 2476 628 2505 torum
640 2474 887 2517 quinquaqinta
902 2471 1044 2513 excedat,
1057 2476 1085 2505 et
1099 2472 1265 2506 molestiae

520 2535 587 2559 non
610 2526 678 2559 sint
703 2525 889 2566 iudiciales,
915 2526 1047 2559 debeant
1073 2524 1264 2570 praedit-tam

523 2579 707 2619 clausulam,
725 2579 900 2614 dummodo
925 2590 1034 2621 causa,
1059 2579 1197 2613 scrihere
1217 2579 1266 2613 lit—

523 2632 598 2665 teris
623 2632 805 2665 maiusculis
829 2637 856 2667 et
887 2634 957 2666 loco
981 2633 1065 2665 illius
1089 2633 1264 2673 ‹2·lausulae,

521 2685 695 2720 dummodo
717 2686 882 2720 molestiae
901 2698 967 2721 non
990 2688 1056 2721 sint
1078 2686 1262 2727 iudiciales,

1097 274 1277 299 nt'LLAttlmt
1301 273 1455 299 ROMANUM

1293 322 1432 356 scribere
1464 321 1583 366 pariter
1610 321 1723 356 litteris
1750 321 1931 357 maiusculis
1959 321 2036 356 haec

1294 376 1400 416 verba,
1427 375 1579 416 videlieet,
1593 375 1767 410 duinmodo
1791 375 1955 410 iudicium
1971 385 2037 411 mm

1293 430 1336 463 sit
1360 434 1507 473 coeptum
1532 429 1568 462 in
1590 429 1762 473 partibus;
1787 429 1828 465 ita
1851 433 1895 469 ut,
1912 429 1936 462 si
1963 428 2038 462 iudi-

1293 484 1377 516 cium
1402 494 1508 517 eoram
1534 483 1640 527 aliquo
1660 483 1762 516 iudice
1787 483 1978 527 competenti
1998 482 2037 516 sit

1294 542 1452 582 coeptum,
1472 537 1675 572 monitorium
1695 548 1757 571 non
1773 537 1895 573 afficiat.
1914 537 1949 571 Et
1965 547 2038 580 qua-

1295 595 1384 625 tenus
1415 591 1495 624 inter
1524 597 1631 635 partes
1659 590 1697 623 de
1725 590 1809 625 dicto
1837 591 1942 624 valore
1967 600 2038 624 con-

1295 649 1495 685 tros-ortatur,
1521 644 1645 678 auditor
1668 655 1822 685 camerae,
1846 645 1894 678 vel
1919 644 1986 678 eius
2006 643 2037 678 in

1294 699 1440 731 civilibus
1465 699 1691 739 locumtenens,
1708 698 1842 733 eonstito
1867 698 1925 732 sibi
1943 698 2037 732 etiam

1294 752 1573 786 extraimlirialiter
1598 762 1723 785 causam
1741 762 1804 786 non
1827 752 1979 786 excedere
1995 752 2039 786 di-

1295 813 1376 840 ctam
1397 817 1564 848 summam,
1583 811 1725 840 teneatur
1741 816 1799 850 per
1823 805 1942 840 litteras
1966 805 2039 839 mis-

1295 861 1386 902 sivas,
1399 865 1429 895 et
1441 861 1558 904 absque
1572 861 1634 893 ulla
1650 860 1803 904 impensa,
1816 859 1914 894 dictas
1927 870 2037 894 eorum

1295 914 1497 948 inhibitiones
1513 920 1541 947 et
1564 914 1734 948 monitoria
1753 924 1903 948 revocare
1921 918 1951 948 et
1969 924 2039 948 eau-

1294 978 1344 1001 sas
1367 969 1405 1001 ad
1430 979 1504 1002 suos
1527 968 1646 1002 iudices
1671 968 1841 1002 remittere.

1339 1021 1390 1055 90.
1407 1022 1443 1055 Et
1459 1022 1622 1066 (quoniam
1632 1022 1825 1066 experientia
1840 1025 2038 1065 compertum

1295 1080 1350 1117 est,
1375 1076 1460 1120 quod
1484 1076 1597 1110 notarii
1624 1076 1784 1110 multoties
1807 1075 1958 1109 inducunt
1982 1075 2040 1109 hu-

1295 1130 1428 1164 iusmodi
1455 1130 1591 1164 monitos
1615 1134 1643 1164 cl
1669 1130 1788 1170 citatos,
1806 1133 1839 1163 ut
1859 1129 1891 1162 in
1915 1128 2040 1162 iurisdi-

1295 1184 1430 1218 ctionem
1464 1184 1554 1217 tacite
1580 1183 1790 1227 consentiant)
1820 1183 1981 1223 volumus,
2005 1187 2039 1217 ut

1294 1237 1419 1282 quando
1451 1248 1606 1271 summam
1637 1237 1828 1282 praedictam
1859 1247 1952 1271 causa
1975 1246 2038 1270 non

1294 1291 1429 1332 excedit,
1455 1291 1635 1325 huiusmodi
1661 1301 1832 1325 consensus
1860 1291 1891 1324 in
1914 1289 2039 1324 iurisdi-

1294 1346 1429 1380 ctionem
1463 1346 1593 1379 minime
1623 1345 1774 1386 sufficiat,
1799 1344 1857 1378 nisi
1887 1344 1967 1378 adsit
1990 1354 2039 1378 ex-

1295 1411 1431 1443 pressus.

1339 1453 1390 1485 nt.
1416 1454 1483 1487 Non
1510 1452 1626 1496 possint
1660 1453 1800 1485 relaxare
1831 1451 1973 1485 mandata
1998 1450 2040 1484 vi-

1294 1518 1371 1547 gore
1398 1506 1521 1539 termini
1548 1506 1577 1538 in
1608 1516 1719 1539 eorum
1745 1505 1856 1538 officiis
1880 1504 2037 1548 suseepti,

1295 1559 1419 1602 quando
1438 1559 1499 1592 iam
1525 1559 1704 1592 mandatum
1721 1569 1737 1592 a
1759 1559 1860 1592 iudice
1877 1568 1989 1592 causae
2007 1558 2037 1590 in

1294 1613 1356 1645 alio
1375 1612 1521 1646 tribunali
1539 1616 1585 1646 est
1607 1613 1789 1646 relaxatum.
1808 1612 1852 1645 Eo
1873 1622 1947 1644 vero
1964 1620 2040 1645 non-

1295 1667 1369 1700 dum
1391 1668 1539 1709 relaxato,
1566 1668 1595 1699 in
1619 1667 1752 1701 arbitrio
1769 1667 1804 1700 sit
1830 1673 1860 1699 et
1887 1669 2038 1710 potestate

1295 1720 1462 1754 creditoris
1492 1721 1568 1754 illud
1594 1720 1698 1754 utrobi
1723 1720 1859 1754 voluerit
1882 1719 2038 1764 accipere,

1295 1775 1365 1818 cogi
1392 1779 1493 1809 tamen
1519 1774 1556 1807 ad
1583 1775 1612 1807 id
1637 1785 1700 1808 non
1726 1774 1833 1818 possit.

1341 1827 1391 1862 92.
1418 1829 1517 1871 Atque
1544 1827 1573 1860 in
1599 1828 1739 1872 praefata
1765 1827 1891 1861 termini
1915 1837 2040 1871 suscep-

1297 1882 1379 1915 tione
1399 1891 1461 1915 non
1478 1881 1642 1915 admittant
1660 1881 1797 1924 aliquam
1815 1880 2038 1922 conditionem,

1296 1935 1552 1975 reservationem,
1569 1938 1622 1969 aut
1645 1933 1904 1978 protestationem
1932 1932 2038 1967 termi-

1296 1999 1370 2021 num
1399 1989 1543 2033 petentis‚
1573 1999 1674 2031 neque
1699 1988 1783 2020 illam
1809 1987 1959 2028 scribant,
1984 1985 2039 2020 sed

1297 2048 1414 2075 tamtum
1441 2042 1616 2086 simplicem
1634 2041 1728 2075 debiti
1750 2041 1989 2081 consessionem,
2009 2043 2040 2074 et

1295 2096 1434 2129 solvendi
1461 2096 1491 2129 in
1516 2096 1576 2128 line
1603 2095 1728 2128 termini
1753 2094 1989 2137 obligationem,
2008 2097 2040 2127 et

1296 2160 1356 2182 uon
1382 2150 1481 2183 aliter.

1311 2223 1315 2227 ·
1340 2202 1390 2235 aa.
1417 2203 1452 2236 Et
1469 2202 1506 2234 ad
1527 2201 1706 2245 effugienda
1730 2199 1941 2241 incommoda,
1957 2209 2037 2243 quae

1296 2256 1337 2289 oli
1365 2256 1526 2290 citationes
1546 2255 1736 2300 ‹tepet-ditas,
1756 2255 1834 2288 sorte
1851 2254 1945 2288 etiam
1969 2252 2039 2286 sub-

1299 2314 1420 2348 tractas,
1447 2311 1628 2353 frequenter
1648 2313 1829 2348 occurrunt,
1854 2306 2039 2340 mandamus

1297 2364 1414 2397 eisdem
1441 2363 1592 2398 auditoris
1609 2373 1752 2396 camerae
1770 2361 1909 2402 notariis,
1930 2366 1965 2394 ut
1979 2361 2039 2394 sin-

1297 2417 1360 2459 guli
1377 2417 1458 2452 iuxta
1473 2421 1611 2451 veterem
1623 2415 1879 2450 consuetudinem
1895 2414 2038 2448 manuale

1297 2478 1439 2505 actorum
1461 2471 1589 2505 omnino
1607 2469 1784 2509 conficiant,
1798 2468 1938 2512 illudque
1957 2468 2039 2501 infra

1298 2525 1388 2558 unius
1413 2524 1530 2558 mensis
1553 2523 1687 2567 spatium
1708 2533 1726 2555 a
1742 2522 1792 2555 die
1818 2521 2039 2566 publicationis

1298 2579 1510 2623 praesentium
1527 2577 1661 2610 debeant
1678 2576 1851 2617 inclinasse,
1872 2579 1903 2610 et
1922 2579 2039 2620 quanto

1297 2632 1389 2667 eitius
1414 2630 1599 2676 perfecisse,
1625 2630 1655 2662 in
1680 2629 1820 2663 futurum
1854 2639 1929 2662 vero
1961 2627 2038 2661 illud

1297 2685 1436 2730 quolibet
1462 2683 1610 2719 trimestri
1635 2683 1759 2726 saciant,
1777 2694 1813 2717 ac
1835 2681 1971 2719 auditori
1992 2691 2040 2716 ca-

2049 273 2100 302 An.
2114 272 2144 302 C.
2162 272 2233 303 1642
2277 301 2279 306 Α

2255 2937 2267 2952 -ι
2259 2894 2272 2926 «-.
2252 1954 2276 2876 ωιψίμΜϋΜωΜ-Α-,ιὼ
2259 1931 2261 1933 ’
