2293 3231
275 288 325 315 Λη.
347 287 376 316 c.
396 287 462 316 ¹622
509 278 572 312 7⁶20

301 1898 314 1917 Α
323 1896 468 1922 mellationem

327 1930 362 1943 eie
365 1925 392 1944 eh
388 1929 417 1947 1,s
433 1923 468 1943 ds-

285 1956 335 1975 sup
325 1957 347 1970 ϊ
378 1950 394 1970 se
399 1956 419 1969 re
409 1950 467 1969 enli

284 1979 361 2002 pareri
365 1983 422 1996 Γιιιιῐι
432 1977 468 1996 ιιι-

285 2004 367 2024 dinan-10

476 335 534 368 nisi
561 336 591 367 in
617 345 653 367 eo
675 335 782 366 saltem
808 334 976 366 duodecim
1008 335 1142 372 tratres,
1167 340 1219 366 aut

477 389 634 428 monachi,
659 398 713 420 seu
740 387 880 428 religiosi
905 386 1097 427 inhabitare,
1121 397 1158 419 ac
1182 396 1219 419 ex

478 441 650 474 redditibus
664 445 691 472 et
707 439 865 472 consuetis
882 438 1090 483 eleemosynis
1102 444 1221 472 susten-

479 494 535 526 tari
562 493 692 527 valeant.
710 504 744 524 ac
770 492 892 535 priores
917 502 972 524 seu
996 496 1220 535 procuratores

477 546 611 579 alioruin
634 544 910 585 monasteriorum,
929 549 1141 577 conventuum
1166 555 1220 577 seu

477 599 646 632 domorum
678 598 810 630 aliarum
841 597 1032 640 religionum
1065 598 1112 631 vel
1145 608 1220 631 con-

477 651 697 694 gregationum
723 656 775 683 aut
805 650 991 684 societatum
1020 661 1075 684 seu
1103 650 1223 684 institu-

478 709 581 739 torum
596 703 776 736 huiusmodi
795 713 857 736 non
874 703 975 737 solum
992 703 1024 736 in
1041 704 1221 747 praedictis,

478 757 531 791 sed
555 757 648 790 etiam
673 756 704 789 in
725 756 794 789 aliis
811 767 869 800 per
886 762 1023 800 quatuor
1040 757 1138 789 millia
1154 767 1223 801 pas-

472 820 569 853 ,suum
601 809 834 842 circumvicinis
865 809 962 849 locis,
988 808 1027 842 ad
1060 808 1091 841 id
1122 810 1222 843 vocati

478 869 505 896 et
531 863 627 896 auditi
652 863 779 903 suerint,
797 872 833 894 ae
850 862 903 895 tali
926 862 1077 896 erectioni
1094 873 1223 896 consen-

478 917 585 954 serint,
611 917 658 949 rel
684 916 759 949 alias
781 916 954 950 Ordinariis
980 916 1122 950 locorum
1147 927 1222 950 con·

478 969 601 1009 stiterit,
627 969 794 1012 religiosos
813 969 1006 1010 monasterii,
1033 975 1222 1011 conventus,

478 1034 532 1056 seu
565 1024 678 1056 domus
709 1015 896 1066 regularis,
917 1023 961 1056 sie
993 1023 1136 1066 erigendi
1169 1034 1223 1057 seu

479 1077 656 1119 erigendae,
667 1076 786 1120 absque
797 1076 986 1110 detrimento
1000 1077 1223 1120 religiosorum

479 1131 510 1163 in
536 1131 735 1164 monasteriis
760 1140 814 1162 seu
838 1130 985 1163 domibus
1010 1136 1101 1164 antea
1128 1131 1159 1163 in
1183 1131 1225 1164 ci-

480 1185 628 1217 vitatibus
653 1196 706 1217 seu
732 1185 808 1218 locis
834 1185 1016 1218 huiusmodi
1039 1185 1152 1219 crectis
1176 1185 1226 1219 de-

479 1239 632 1282 gentium,
659 1239 700 1271 ibi
731 1239 761 1271 in
786 1250 921 1272 numero
946 1239 1114 1273 duodecim
1139 1250 1225 1273 com-

480 1293 571 1326 mode
586 1299 615 1325 et
636 1303 776 1335 congrue
798 1293 995 1326 manuteneri
1016 1299 1045 1327 et
1062 1294 1101 1326 ali
1122 1305 1223 1338 posse.

481 1345 511 1379 Si
537 1356 611 1379 vero
636 1346 708 1378 novi
733 1351 916 1386 conventus,
941 1346 1066 1387 domus,
1095 1358 1225 1390 congre-

481 1400 565 1443 gatio
586 1400 633 1432 vel
657 1400 789 1432 societas
812 1400 993 1434 huiusmodi
1016 1401 1225 1435 instituendae

482 1458 584 1492 erunt,
609 1453 749 1496 nullique
775 1453 826 1485 alii
852 1455 1015 1496 regulares
1039 1455 1116 1488 inibi
1140 1467 1227 1500 repe—

480 1506 619 1548 riantur,
654 1506 811 1540 Ordinarii
844 1508 986 1542 locorum
1020 1509 1226 1544 nihilominus

482 1560 650 1603 diligenter
674 1560 842 1604 inquirant,
868 1561 924 1594 an¹
944 1562 1089 1596 locorum
1106 1563 1227 1597 incolae

483 1618 513 1646 et
536 1614 739 1654 habitatores,
760 1625 896 1657 quorum
917 1619 948 1649 et
972 1626 1161 1649 consensum
1182 1627 1229 1650 re-

483 1667 610 1710 quirant
633 1678 667 1699 ac
693 1667 883 1708 adhibeant,
908 1669 1089 1703 huiusmodi
1114 1670 1230 1704 duode-

484 1720 544 1753 cim
571 1720 736 1763 religiosos
762 1721 792 1753 in
817 1722 1046 1764 conventibus,
1072 1729 1105 1756 ut
1137 1735 1229 1767 prae-

484 1774 628 1814 mittitur,
655 1774 863 1816 instituendis,
897 1777 1063 1810 commodc
1089 1778 1174 1811 alere
1199 1783 1229 1811 et

485 1834 691 1861 manutenete
716 1840 733 1861 ι
736 1829 847 1862 aleant.

529 1882 585 1925 §l
592 1882 650 1915 ,5ι
672 1894 746 1916 xero
763 1894 780 1915 a
796 1883 924 1916 decreto
945 1894 999 1917 seu
1017 1884 1152 1918 decretis
1172 1896 1230 1930 per

484 1936 589 1969 Ordin
583 1936 666 1969 arios
684 1937 885 1980 pr'aedietos
879 1948 910 1970 in
928 1939 1030 1972 causis
1048 1939 1229 1972 huiusmodi

421 2003 458 2023 ιιι
484 1989 620 2022 serendis
645 1990 783 2033 legitime
809 1991 960 2034 appellari
985 1992 1171 2035 contigerit,
1192 2003 1229 2026 ex

316 2064 354 2076 „in
369 2039 393 2082 ζμ
411 2037 469 2077 ιῖιξῖ
484 2054 567 2076 nunc
592 2049 686 2087 prout
712 2054 750 2076 ex
776 2046 812 2076 ea
838 2044 898 2082 die,
923 2056 984 2088 qua
1001 2046 1168 2090 appellatio
1186 2045 1230 2078 in-

284 2089 352 2109 eaqiei
363 2091 373 2109 Ι
377 2090 402 2103 e
406 2084 438 2103 1eii
441 2086 468 2103 ,υι

284 2110 327 2130 nihi
331 2111 335 2130 l
373 2117 420 2131 ιιιιιυ
437 2117 467 2131 ari

285 2137 358 2157 deci-ui
364 2138 386 2157 it.

485 2101 687 2141 tei-ponetur,
712 2108 748 2130 ea
777 2098 814 2130 ad
847 2099 990 2131 eamdem
1016 2110 1138 2132 sacram
1159 2109 1231 2133 con-

484 2152 701 2194 gregationem
723 2153 785 2184 una
811 2162 883 2184 cum
906 2156 968 2186 toto
994 2153 1122 2196 negotio
1146 2153 1231 2197 prin-

485 2204 576 2248 cipali
596 2205 742 2238 devoluta
763 2210 937 2245 censeatur,
956 2207 1230 2250 appellationeque

486 2258 666 2291 huiusmodi
699 2259 872 2302 pendente,
905 2260 983 2292 nihil
1016 2260 1229 2293 innovandum

486 2322 563 2353 csse,
590 2312 779 2355 irritumque
804 2318 834 2345 et
859 2313 949 2346 inane
974 2314 1124 2357 quicquid
1141 2325 1231 2347 secus

487 2375 581 2408 super
606 2365 654 2398 his
679 2376 695 2398 a
716 2376 887 2410 quoquam,
907 2367 1015 2410 quavis
1033 2367 1229 2408 auctoritate,

485 2419 620 2452 scienter
645 2420 692 2453 vel
719 2420 903 2461 ignoranter
929 2421 1097 2464 contigerit
1133 2427 1232 2455 atten-

486 2472 555 2511 tari,
580 2473 763 2513 decernens,
783 2474 1037 2517 quibuscumque
1058 2475 1090 2507 in
1110 2480 1232 2508 contra-

487 2525 569 2558 rium
595 2527 778 2560 facientibus
802 2538 864 2560 non
889 2527 1096 2561 obstantibus.

575 2580 700 2620 Itomae,
720 2589 785 2613 xvii
803 2581 928 2623 augusti
948 2591 1087 2615 iincxxn.

1056 286 1238 310 BULLARIUM
1262 284 1417 311 Romnum

1562 333 1690 368 LXXIII.

1253 404 1438 448 Privileyia
1452 408 1482 437 et
1494 403 1630 437 indulta
1643 405 1926 448 patriarcharum,
1941 417 1996 440 ar-

1298 458 1576 502 chiepiscoporum
1593 461 1622 491 el
1635 458 1858 501 episcoporum
1875 459 1911 492 in
1925 470 1995 504 cap-

1296 510 1387 554 pellzi
1403 509 1596 544 Sanctitatis
1615 520 1694 544 suae
1717 511 1941 544 assistentium
1954 512 1973 545 ¹.

1460 589 1618 625 Gregorius
1635 591 1714 625 Papa
1728 591 1785 625 XV,

1379 634 1416 662 ad
1435 638 1610 669 perpetuam
1629 635 1676 662 rei
1694 635 1877 664 memoriam.

1299 704 1533 749 Circumspecta
1550 705 1683 739 Romani
1701 705 1872 747 Pontificis,
1888 705 2001 750 gratia-
2041 720 2164 744 Exordium.

1256 757 1371 791 tiarum
1385 757 1623 802 dispensatoris,
1647 758 1845 802 providentia
1861 768 1914 792 eas
1931 769 2001 792 con·

1256 810 1357 844 suevit
1379 820 1532 855 personas
1549 810 1714 854 condignis
1730 811 1902 855 praecipue
1920 811 2003 846 savo·

1257 863 1346 897 ribus
1375 867 1405 898 et
1435 864 1545 907 gratiis
1576 864 1750 908 prosequi,
1781 874 1860 908 quas
1888 864 1947 897 sibi
1971 868 2003 898 et

1256 916 1454 960 Apostolicae
1479 916 1551 950 Sedi
1575 916 1704 950 devotas
1727 922 1759 950 et
1782 917 2002 961 obsequiosas,

1257 977 1294 1004 ac
1317 970 1464 1014 plurimis
1488 970 1652 1014 cognoscit
1668 970 1789 1005 meritis
1805 970 1957 1004 adiuvari.

1303 1025 1318 1068 ς
1341 1024 1371 1057 t.
1398 1024 1477 1058 Hinc
1507 1029 1555 1057 est
1588 1024 1672 1068 quod
1702 1034 1778 1066 noS,
1807 1024 2003 1058 venerabiles
2031 1039 2143 1062 praelatos
2153 1045 2204 1068 cap

1258 1077 1392 1120 fratres,
1417 1077 1636 1122 patriachhas
1668 1077 1948 1122 archiepiscopos,
1973 1071 2030 1111 et.p

1258 1131 1436 1176 episcopos,
1461 1132 1620 1176 praelatos
1643 1132 1835 1166 domesticos
1865 1137 2002 1174 nostros,
2017 1152 2059 1174 que
2097 1147 2204 1173 indutus,

2018 1174 2142 1201 privilegiis,
2160 1175 2202 1196 otc.

1259 1191 1289 1219 et
1314 1185 1345 1218 in
1370 1185 1511 1229 cappella
1534 1187 1643 1218 nostra
1667 1185 1866 1227 assistentes,
1891 1195 2003 1219 eorum
2018 1201 2091 1223 dom,

1260 1239 1381 1272 meritis
1405 1244 1436 1272 et
1459 1238 1619 1283 obsequiis
1650 1238 1870 1282 exigentibus,
1894 1238 2004 1272 condi-

1259 1295 1330 1337 gnis
1354 1294 1514 1328 favoribus
1538 1299 1569 1326 et
1585 1294 1696 1338 gratiis
1715 1295 1874 1340 prosequi,
1894 1295 2005 1328 titulis-

1259 1359 1321 1393 que
1334 1354 1365 1381 et
1377 1349 1554 1382 honoribus
1570 1349 1721 1382 decorare
1735 1349 1876 1382 volentes
1885 1360 1893 1390 ;
1915 1355 2005 1384 motu

1260 1404 1401 1448 proprio,
1426 1414 1490 1442 non
1515 1403 1553 1436 ad
1578 1403 1720 1447 ipsorum
1739 1404 2004 1447 patriarcharum,

1260 1457 1575 1501 archiepiscoporum
1599 1461 1631 1490 et
1654 1457 1887 1501 episcoporum,
1907 1458 1957 1492 vel
1975 1469 2006 1491 a·

1261 1511 1376 1544 liorum
1401 1521 1461 1554 pro
1485 1510 1530 1544 eis
1554 1511 1646 1544 nobis
1670 1521 1767 1555 super
1792 1511 1852 1545 hoc
1881 1512 2006 1546 oblatae

1261 1564 1421 1609 petitionis
1445 1564 1634 1604 instantiam,
1660 1564 1714 1597 sed
1730 1564 1768 1598 de
1790 1567 1900 1598 nostra
1916 1568 2006 1600 mera

1262 1618 1449 1651 liberalitate
1473 1622 1503 1650 et
1527 1619 1614 1651 certa
1639 1617 1780 1659 scientia,
1800 1618 1929 1652 eosdem
1956 1630 2007 1664 pa-

1262 1671 1428 1712 triarchas,
1452 1671 1710 1715 archiepiscopos
1729 1677 1761 1705 et
1777 1672 1943 1717 episcopos
1971 1683 2008 1706 ac

1263 1735 1375 1758 eorum
1391 1724 1533 1767 singulos
1546 1725 1720 1769 respective
1739 1725 1871 1767 nobiles,
1885 1731 2008 1770 aposto-

1264 1778 1323 1811 lica
1340 1777 1537 1819 auctoritate,
1553 1783 1662 1812 tenore
1681 1779 1907 1823 praesentium,
1925 1789 2009 1813 crea-

1264 1843 1334 1865 mus
1358 1837 1388 1865 et
1412 1832 1555 1873 facimus,
1572 1842 1609 1865 ac
1627 1832 1843 1873 nobithamus,
1867 1833 2011 1866 nobilita-

1263 1886 1367 1929 tisque
1390 1885 1488 1919 titulis
1512 1890 1542 1918 et
1566 1885 1710 1929 insigniis
1733 1885 1931 1927 decoramus,
1951 1897 2009 1920 nec

1263 1949 1326 1972 non
1339 1939 1475 1973 aliorum
1490 1938 1644 1972 nobilium
1659 1949 1793 1972 numero
1805 1944 1835 1972 et
1848 1939 2009 1974 consortio

1264 1992 1480 2026 favorabiliter
1493 2002 1716 2036 aggregamus,
1731 2002 1767 2026 ac
1780 2003 1838 2037 pro
1850 1993 2010 2027 nobilibus

1264 2046 1373 2079 haberi
1399 2051 1429 2079 et
1453 2045 1611 2079 nominari
1636 2056 1672 2078 ac
1696 2046 1837 2090 reputari
1863 2047 2009 2082 volumus

1264 2103 1294 2133 et
1318 2098 1516 2140 mandamus,
1539 2098 1658 2142 eisque,
1674 2102 1709 2133 ut
1725 2099 1874 2133 omnibus
1895 2105 1927 2134 et
1950 2101 2010 2135 sin-

1264 2153 1346 2196 gulis
1371 2152 1556 2196 privilegiis,
1579 2152 1843 2194 immunitatibus,
1860 2153 2010 2188 libertati-

1264 2207 1333 2248 bus,
1359 2206 1622 2251 exemptionibus,
1640 2206 1909 2250 derogationibus,
1925 2219 2011 2242 man-

1264 2261 1354 2302 datis,
1379 2260 1677 2305 dispensationibus,
1702 2261 1871 2303 favoribus,
1900 2262 2010 2306 gratiis

1264 2319 1294 2347 et
1319 2314 1458 2355 indultis,
1484 2314 1600 2358 quibus
1624 2314 1676 2347 alii
1701 2314 1834 2356 nobiles,
1858 2315 1952 2348 etiam
1971 2315 2010 2350 de

1265 2368 1363 2401 nobili
1381 2367 1534 2401 comitum
1552 2378 1678 2411 genere,
1694 2368 1787 2402 etiam
1801 2369 1855 2413 qui
1871 2369 2009 2403 illustres

1264 2425 1461 2465 reputantur,
1476 2421 1570 2454 etiam
1584 2431 1621 2454 ex
1640 2426 1776 2466 utroque
1788 2427 1918 2466 parente
1933 2432 2009 2466 pro-

1265 2473 1372 2515 creati,
1398 2474 1437 2507 de
1461 2474 1530 2507 iure
1554 2474 1602 2507 vel
1620 2473 1858 2516 consuetudine,
1873 2483 1909 2507 ae
1933 2474 2009 2508 alias

1265 2528 1507 2573 quomodolibet
1531 2532 1671 2569 utuntur,
1696 2527 1862 2572 potiuntur
1883 2532 1913 2561 et
1935 2538 2010 2571 gau-

1301 2609 1311 2635 1
1331 2607 1388 2636 Non
1399 2607 1540 2635 dissimilia
1554 2606 1694 2644 privilegia
1706 2606 1839 2634 concessit
1854 2606 2009 2636 huiusmodi

2008 285 2059 315 Αιι.
2079 287 2108 316 C.
2124 286 2194 316 tm

2017 1067 2087 1094 pellae
2128 1067 2204 1094 Papa·

2017 1093 2142 1115 assistentes
2167 1099 2205 1115 no-

2017 1119 2072 1141 bites
2080 1122 2147 1145 creat.
2156 1125 2203 1142 oo&

859 2636 935 2668 Aur.
953 2635 1037 2668 card.
1055 2635 1199 2670 Saucius.

1261 2653 1448 2681 assistentibus
1463 2652 1546 2681 lulius
1560 2652 1597 2680 111
1610 2651 1639 2679 in
1658 2650 1770 2680 Constit.
1784 2658 1828 2679 xiv
1841 2652 2002 2686 Romanus,

521 2696 532 2723 1
551 2694 695 2732 Perperam
709 2696 774 2725 edit.
789 2697 867 2726 Main-
883 2697 965 2727 habet
980 2707 1013 2726 ac
1027 2698 1065 2735 (ιι.
1081 2700 1130 2735 tu).

1261 2703 1328 2727 tom.
1344 2705 1381 2734 vi,
1395 2705 1458 2738 pag.
1475 2697 1540 2727 ⁴34.
