2293 3231
98 270 147 297 An.
166 269 194 296 C.
212 268 278 295 1617

118 1182 232 1212 Derogatio
241 1186 289 1202 con-

105 1212 227 1230 uariorum.

156 2352 299 2372 Cardinalium

115 2378 290 2404 subscriptiones.

916 264 1035 289 PAULUs

296 319 379 348 tenta
414 324 642 358 quaecumque,
667 323 791 357 semper
822 318 852 346 et
882 319 1050 356 perpetuo*

298 369 407 409 valida,
425 368 515 402 firma
540 374 568 400 et
594 368 730 401 efficacia
756 368 821 400 sore
850 372 877 398 et
902 377 979 407 esse,
1000 377 1034 399 ac

296 423 334 455 ab
359 421 505 454 omnibus
530 426 557 454 ct
584 421 729 465 singulis,
754 421 791 453 ad
816 431 894 463 quos
919 424 1034 463 spectat

296 486 330 508 ac.
355 487 414 520 pro
441 481 583 520 tempore
611 475 846 519 quomodolibet
873 473 1036 517 spectabit,

297 529 518 563 inviolabiliter
543 530 720 566 observark
747 529 853 570 sicque
872 537 928 571 per
947 536 1037 569 qnos-

297 593 431 626 cumque
462 583 580 615 iudicos
604 581 781 615 ordinarios
805 586 835 613 et
859 580 1036 622 delegatos,

298 637 391 669 etiam
416 646 580 668 causarum
606 635 711 679 palatii
734 633 896 678 apostolici
921 632 1039 665 audito-

299 699 360 728 res,
385 699 421 720 ac
444 692 567 720 sanctae
585 688 743 720 Romanae
760 686 917 719 Ecclesiae
942 684 1040 718 cardi-

299 742 395 782 nales,
416 742 509 775 etiam
535 741 572 774 de
596 742 693 774 latere
717 741 846 784 legatos,
872 739 903 771 in
931 738 1039 782 quavis

301 796 395 828 causa
411 800 441 828 et
465 794 611 827 instanti-ti
636 797 647 837 <
660 794 781 827 sublata
807 793 852 826 eis
876 797 905 826 et
929 802 1039 825 eorum

301 848 428 881 cuilibet
452 848 562 892 quavis
586 848 676 881 aliter
700 846 857 879 iudicandi
889 851 918 877 ct
949 845 1041 877 inter-

301 902 443 945 pretandi
468 902 612 934 facultate
637 907 666 934 et
690 900 889 942 auctoritate)
910 898 1039 931 iudicari

301 961 330 987 et
355 955 479 988 definiri
504 955 641 994 debere,
671 965 705 986 ac
731 954 855 986 irritum
881 958 908 985 ct
936 953 1040 992 inane,

302 1010 326 1042 si
350 1020 440 1042 secus
464 1019 559 1053 super
577 1009 624 1042 bis
641 1019 657 1041 a
674 1018 844 1051 quoquam,
864 1006 972 1050 quavis
988 1017 1041 1038 au-

302 1063 456 1104 ctoritate,
474 1063 608 1096 scienter
625 1062 670 1094 rel
698 1061 889 1104 ignoranter,
907 1060 1043 1100 contige-

304 1116 343 1148 rit
367 1116 521 1150 attentari.

349 1169 416 1213 ἐῢ.
449 1170 516 1203 Non
549 1168 745 1202 obstantibus
780 1167 980 1212 praemissis,
1009 1177 1043 1199 ac

305 1222 578 1256 constitutionibus
601 1227 630 1254 et
651 1221 900 1254 ordinationibus
925 1225 1045 1263 aposto-

305 1276 382 1317 licis,
396 1276 571 1320 privilegiis
594 1286 730 1319 quoque,
745 1275 872 1307 indultis
890 1279 917 1306 et
933 1273 1044 1306 litteris

305 1330 496 1374 apostolicis,
520 1329 683 1373 quibusvis
707 1328 860 1372 personis,
889 1327 945 1359 sul)
975 1327 1044 1370 qui-

304 1383 499 1426 buscumque
524 1383 687 1416 tenoribus
712 1388 741 1414 et
765 1381 885 1420 formis,
910 1391 944 1413 ac
973 1391 1042 1413 cum

304 1437 468 1480 quibusvis
498 1437 590 1470 eliam
613 1436 886 1478 derogatoriarum
912 1435 1044 1477 deroga-

306 1490 413 1530 toriis,
438 1490 570 1533 aliisque
604 1489 833 1522 etticacioribus
858 1493 884 1521 et
912 1488 1044 1520 insolitis

306 1544 463 1583 clausulis,
485 1543 681 1576 irritantibus
707 1548 734 1575 et
759 1542 828 1574 aliis
853 1541 997 1580 decretis,
1016 1541 1045 1572 in

305 1607 420 1639 genere
446 1597 491 1629 vel
519 1597 548 1629 in
574 1597 687 1640 specie,
711 1606 746 1628 ac
772 1596 846 1627 alias
872 1595 902 1627 in
927 1599 1047 1627 contra-

305 1650 388 1682 rium
425 1648 672 1691 praemissorum
709 1646 944 1690 quomodolibet
971 1656 1046 1678 con-

306 1703 421 1742 cessis,
449 1701 643 1734 contii-matis
675 1706 704 1733 et
735 1700 897 1733 innovatis.
928 1699 1047 1738 Quibus

307 1756 452 1789 omnibus
477 1761 505 1787 et
531 1754 673 1798 singulis,
689 1765 800 1786 corum
820 1759 945 1786 tenores
961 1763 1064 1796 prae-1

307 1808 447 1841 sentibus
473 1819 530 1851 pro
555 1808 645 1851 plene
667 1813 695 1839 et
716 1807 907 1839 sufficienter
924 1816 1048 1850 expres-

307 1862 349 1894 sis
372 1868 401 1895 et
426 1862 463 1894 ad
490 1861 620 1894 verbum
644 1861 769 1893 insertis
794 1860 963 1899 habentes,
989 1859 1048 1891 illis

307 1916 382 1949 alias
400 1916 430 1948 in
456 1926 512 1948 suo
535 1915 649 1948 robore
666 1914 890 1958 permansuris,
908 1913 964 1945 bac
983 1913 1048 1944 vice

308 1970 467 2003 dumtaxat
491 1968 670 2012 specialiter
694 1973 724 2000 et
745 1978 891 2010 expresse
916 1967 1049 2009 deroga-

310 2033 390 2063 mus,
411 2022 585 2065 ceterisque
603 2022 768 2054 contrariis
788 2020 1048 2064 quilmscumquc.

354 2076 465 2108 Datum
492 2076 626 2115 Romae,
647 2075 728 2118 apud
754 2074 782 2106 S.
808 2074 934 2106 Mariani
961 2073 1068 2113 Maio-v

312 2140 390 2169 rem,
413 2129 470 2162 sub
491 2129 606 2161 annulo
632 2128 809 2166 piscatoris,
833 2127 882 2159 die
903 2137 942 2159 vn
968 2131 1069 2180 octo-¹⁴

313 2182 379 2214 bris
396 2191 537 2219 nncxvn,
554 2181 755 2224 pontificatus
773 2181 869 2213 nostri
887 2190 967 2212 anno
986 2190 1051 2212 xm.

351 2254 407 2281 Dat.
425 2253 468 2279 die.
483 2253 498 2280 7
514 2252 634 2279 octobris
651 2252 728 2287 1617,
747 2252 841 2287 pontis.
859 2259 901 2278 an.
920 2258 976 2278 xni.

405 2343 600 2375 {immarus
645 2340 812 2373 cardinalis
855 2341 1055 2372 lusrmiANus

449 2397 616 2440 episcopus
641 2394 829 2428 Sabinensis.

406 2451 540 2483 IOANNES
565 2449 682 2482 Gaaznx
708 2447 874 2481 cardinalis
893 2447 1055 2480 Mnmnus.

405 2503 441 2536 M.
468 2502 635 2535 cardinalis
661 2502 793 2534 LANrt-:s

407 2557 437 2589 F.
464 2556 631 2589 cardinalis
657 2556 831 2588 Vanum-s.

409 2611 444 2643 ΙΙ.
471 2610 636 2642 cardinalis
662 2610 917 2642 LAxcELLoTTts.

1060 264 1079 287 v
1105 264 1150 287 pr.
1712 250 1770 283 441
1824 260 1871 285 An⁴
1893 259 2005 286 01617

1367 309 1510 343 ccxcix.

1072 381 1162 421 Quod
1185 382 1302 425 fratres
1328 380 1527 424 Cappiwcc'm'
1554 378 1687 413 Ordinis
1705 379 1808 411 Mino-

1115 446 1188 467 rum
1212 436 1318 467 scmcle'
1339 434 1507 467 Francisci
1528 433 1564 465 in
1579 432 1718 476 publicis
1736 442 1811 475 pro-

1115 488 1311 520 cessionibus
1349 488 1470 530 ubique
1508 487 1661 525 Iocorum,
1686 495 1808 517 crucem

1112 541 1281 583 propriam
1309 540 1431 583 deferre
1449 540 1574 583 possint
1591 540 1609 572 ¹.

1301 622 1413 648 Paulus
1442 622 1520 655 Papa
1548 622 1579 655 V,

1192 675 1228 701 ad
1248 677 1425 710 perpetuam
1445 675 1490 701 rei
1510 674 1690 702 memoriam.

1118 737 1285 770 Pastoralis
1310 737 1416 777 oflicii,
1437 747 1500 779 quo
1524 736 1627 770 divina
1652 736 1813 779 dispensa—
1855 746 1976 767 Exordium.

1074 791 1167 830 tione,
1184 791 1270 823 nullo
1287 795 1395 822 nostro
1414 790 1536 830 merito,
1550 790 1720 832 fungimur,
1735 789 1814 822 ratio

1075 844 1222 888 postulat,
1247 849 1279 876 ut
1305 844 1550 886 religiosorum,
1577 843 1712 875 maxime
1744 843 1813 876 stri-

1075 898 1182 932 ctioris
1207 898 1434 936 observantiae,
1452 898 1520 940 paci
1545 902 1572 929 et
1598 897 1705 939 quieti,
1718 907 1817 940 qnan-

1076 956 1140 985 tum
1164 952 1257 983 nobis
1280 962 1315 983 ex
1342 951 1404 983 alto
1429 950 1621 989 conceditur,
1639 955 1816 993 opportune.

1076 1005 1286 1037 consulamus.

1121 1060 1136 1100 ξ
1161 1059 1189 1091 l.
1216 1059 1291 1091 Cum
1318 1059 1443 1101 itaque,
1468 1058 1547 1090 sicut
1577 1058 1709 1090 dilectus
1734 1057 1817 1089 tilius
1853 1066 1942 1097 ,Cau—‘³²52
1968 1070 2017 1085 001-

1077 1117 1265 1156 procurator
1289 1111 1446 1154 generalis
1471 1111 1596 1144 Ordinis
1616 1111 1748 1143 fratrum
1767 1111 1818 1142 Mi-
1832 1094 1956 1113 summm

1077 1177 1191 1199 norum
1205 1166 1476 1209 Cappuecinorum
1491 1170 1754 1207 nuncupatorum,
1768 1174 1820 1196 no-

1078 1220 1125 1252 bis
1150 1230 1251 1263 nuper
1275 1219 1390 1263 exponi
1423 1219 1516 1258 fecit,
1541 1218 1710 1252 nonnullae
1735 1218 1820 1250 rixae

1078 1279 1106 1306 et
1125 1273 1338 1306 dissensiones
1363 1273 1445 1305 inter
1461 1273 1574 1304 fratres
1595 1271 1669 1303 dicti
1686 1271 1821 1309 Ordinis,

1079 1333 1108 1360 et
1126 1328 1257 1360 dilectos
1282 1327 1375 1360 etiam
1394 1327 1475 1358 lilios
1494 1328 1607 1358 t'ratrcs
1624 1325 1750 1359 Ordinis
1767 1325 1824 1357 sra-

1079 1385 1162 1414 trum
1178 1380 1332 1413 Minornm
1347 1379 1604 1412 Conventualium
1619 1378 1717 1411 sancti
1732 1378 1824 1410 Fran-

1079 1433 1176 1472 cisci,
1202 1433 1276 1465 dum
1302 1432 1481 1476 primodicti
1508 1433 1620 1464 fratres
1645 1431 1676 1463 in
1700 1440 1825 1474 proces-

1079 1487 1220 1520 sionibus
1245 1486 1380 1530 publicis
1406 1486 1463 1518 sub
1488 1486 1673 1518 corumdem
1691 1486 1823 1517 fratrum

1080 1541 1233 1574 Minornm
1255 1541 1513 1573 Conventualinm
1540 1550 1633 1573 cruce
1658 1539 1823 1578 incedunt,

1080 1595 1236 1627 interdum
1262 1594 1420 1626 oriantur:

1125 1649 1138 1689 ἓ
1163 1648 1191 1680 2.
1218 1648 1279 1680 Nos
1304 1657 1429 1680 omnem
1455 1647 1594 1679 rixarum
1613 1652 1639 1678 ct
1658 1646 1824 1678 dissensio·
1866 1665 1970 1685 mannum
1987 1663 2023 1683 de.

1080 1712 1154 1734 num
1180 1701 1412 1744 praedictarum
1439 1701 1602 1734 materiam
1624 1700 1823 1739 submovere,
1839 1692 2027 1745 ζξξιξζῖἶζηῗῖἓζῖἶῖ

1080 1755 1242 1797 dictosque
1258 1755 1369 1786 fratres
1381 1755 1515 1786 Minores
1525 1750 1740 1797 Ca'ppuccinos
1749 1763 1826 1785 nun-
1839 1744 1978 1767 ‘'⁹⁵⁵³⁰⁰*b”⁹·

1082 1814 1212 1851 cupatos
1245 1807 1433 1851 specialibus
1466 1807 1625 1840 favoribus
1656 1812 1683 1839 et
1717 1806 1826 1849 gratiis

1083 1862 1231 1905 prosequi
1265 1862 1425 1899 volentes,
1451 1866 1479 1893 et
1505 1871 1616 1893 eorum
1652 1861 1828 1903 singulares

1082 1925 1233 1959 personas
1258 1926 1275 1947 a
1300 1915 1463 1957 quibusvis
1484 1913 1828 1952 excommunicationis,

1083 1968 1308 2012 suspensionis,
1330 1967 1497 2007 interdicti,
1513 1968 1644 2010 aliisque
1670 1967 1831 2000 ecclesias-

1085 2022 1153 2054 ticis
1178 2021 1350 2062 sententiis,
1369 2021 1511 2054 censuris
1536 2026 1563 2053 et
1590 2020 1709 2064 poenis,
1728 2030 1744 2052 a
1763 2020 1829 2052 iure

1085 2076 1131 2107 vel
1150 2075 1188 2107 ab
1206 2075 1344 2114 homine,
1362 2074 1471 2117 quavis
1487 2074 1651 2107 occasione
1670 2073 1717 2105 vel
1736 2075 1829 2105 causa

1086 2130 1172 2169 latis,
1198 2129 1221 2161 si
1247 2129 1364 2173 quibus
1393 2127 1631 2171 quomodolibet
1667 2127 1830 2159 innodatae

1086 2184 1242 2220 existunt,
1268 2183 1306 2215 ad
1331 2182 1477 2215 ell'ectum
1503 2181 1715 2225 praesentium
1740 2180 1830 2212 dum-

1088 2241 1165 2268 taxat
1193 2235 1461 2279 consequendum,
1487 2235 1600 2267 barum
1626 2234 1707 2266 serie
1731 2232 1832 2264 absol-

1089 2295 1194 2321 ventes
1212 2295 1240 2321 et
1257 2289 1414 2322 absolutas
1432 2289 1497 2321 sore
1523 2292 1696 2326 censentes,
1716 2285 1832 2328 suppli-

1088 2342 1263 2375 cationibus
1295 2342 1421 2374 illorum
1454 2341 1581 2374 nominc
1613 2339 1704 2372 nobis
1735 2348 1832 2382 super

1127 2449 1137 2475 1
1162 2447 1262 2474 llornm
1276 2447 1390 2474 fratrum
1413 2446 1589 2474 institutionis
1610 2445 1833 2481 approbationem

1091 2491 1175 2518 edidit
1190 2492 1273 2519 Ulem.
1292 2498 1325 2518 vn
1350 2491 1377 2517 in
1399 2499 1450 2518 sua
1474 2490 1563 2518 Const.
1580 2496 1642 2517 xxtv
1662 2490 1833 2525 Reliqionis,

1093 2541 1156 2563 tom.
1175 2543 1209 2569 vt,
1236 2544 1296 2571 pag.
1326 2535 1391 2567 1133
1413 2536 1484 2571 quod
1507 2543 1569 2562 vero
1595 2535 1637 2562 isti
1662 2535 1761 2562 fratres
1781 2535 1835 2561 sint

1074 2590 1076 2598 ⁴
1094 2590 1154 2607 vere
1174 2581 1272 2608 fratres
1292 2580 1407 2607 Minores
1427 2589 1457 2607 ex
1475 2580 1573 2607 Ordine
1588 2580 1672 2607 sancti
1689 2580 1835 2613 Francisci,

408 2664 437 2697 S.
463 2664 629 2696 cardinalis
655 2663 796 2696 SANcrAE
823 2662 994 2695 St's‘ANNAF..

1094 2625 1239 2652 declaravit
1252 2625 1349 2652 Paulus
1359 2625 1380 2651 V
1398 2625 1423 2652 iu
1440 2627 1487 2652 sua
1502 2625 1593 2652 Const.
1606 2632 1662 2651 cxxi
1678 2625 1834 2652 Ecclesiae,

1078 2671 1130 2706 ¹‚Jiu
1149 2670 1197 2696 bac
1214 2678 1239 2696 n.
1257 2669 1320 2696 edit.
1337 2676 1424 2704 cxxiv,
1443 2674 1506 2696 tom.
1525 2676 1560 2703 (ι,
1578 2678 1637 2705 pag.
1656 2670 1729 2704 55⁶2).
1767 2686 1771 2688 ἡ
