2293 3231
874 259 968 284 mnnx
994 260 1097 285 annun
1668 251 1731 284 84³5

986 366 1012 400 N

243 470 471 516 Neapolitanae
496 473 633 507 civitatis
658 476 689 506 et
712 471 790 506 cleri
814 472 983 506 concordia
1007 481 1104 516 super
1128 471 1273 515 gabellis,
1301 472 1361 506 419
1387 472 1403 505 b
1428 475 1459 506 et
1482 483 1546 516 seq.

243 525 364 560 Nicolai
389 526 445 570 (S.)
471 528 503 560 in
528 526 639 569 Agone
664 525 703 559 de
728 524 811 559 Urbe
836 525 988 567 ecclesia,
1012 526 1073 559 741
1101 536 1130 559 α.
1156 525 1237 559 Cura
1261 527 1436 560 animarum
1460 524 1500 559 ab
1525 534 1561 559 ea
1586 526 1776 569 seiungitur,

331 579 394 612 743
420 590 440 611 a
464 583 495 613 et
519 579 770 613 confraternitati
795 578 1067 623 Lotharingiorum
1091 579 1277 613 conceditur
1300 580 1362 613 744
1388 590 1418 612 a.

244 631 366 665 Nicolai
392 632 448 676 (S.)
475 632 514 666 de
539 632 685 667 Funariis
710 632 846 666 ecclesia
870 633 1061 677 parochialis
1085 633 1124 666 de
1150 632 1244 676 Urbe,
1270 634 1334 667 798
1359 644 1397 666 α.·
1423 633 1467 667 illi
1491 634 1598 667 unitur
1615 632 1776 677 parochia-

331 685 402 720 litas
427 686 583 720 ecclesiae
608 686 638 720 S.
664 685 812 720 Andreae
836 686 876 720 de
901 686 1056 729 Funariis,
1082 686 1158 719 ibid.

243 737 392 773 Nicotaus
418 741 588 784 episcopus
614 740 852 781 Sarsinatensis,
879 741 919 774 19
944 752 972 773 (ι.
998 741 1140 774 Facultas
1157 742 1215 783 ipsi
1234 740 1418 774 conceditur
1435 740 1647 783 cognoscendi
1665 748 1778 773 causas

330 797 394 827 tam
418 793 528 827 civiles
554 803 648 838 quam
672 793 855 827 criminales
881 797 911 828 et
935 795 1034 827 mixta
1051 793 1261 839 quorumdam
1277 797 1451 827 castrorum
1473 793 1550 826 ibid.
1569 796 1600 826 et
1616 794 1777 836 exemptio

330 855 348 880 a
372 847 530 881 datiorum
553 847 720 889 solutione,
747 847 787 880 20
814 858 843 880 a.

241 899 389 935 Nicolaus
413 901 471 934 ΡΡ.
496 901 522 935 V
546 901 770 935 Trevirensem
794 900 971 935 studiorum
996 902 1236 935 universitatem
1261 901 1378 943 erigit,
1404 902 1498 945 eique
1524 899 1674 934 nonnulla
1703 908 1778 933 con-

331 954 416 988 cedit
448 955 631 999 privilegia,
664 955 728 988 559
756 965 774 987 a
807 958 838 988 et
868 965 929 998 seq.
955 954 1068 989 Eidem
1098 964 1156 989 sex
1187 955 1392 988 canonicatus
1422 963 1458 987 ac
1482 957 1546 987 tres
1580 952 1776 996 parochiales

332 1007 484 1042 eeclesias
509 1008 637 1049 addicit,
663 1008 723 1041 561
754 1008 771 1040 b
796 1011 826 1042 et
850 1017 916 1052 seq.

241 1060 388 1096 Nicolaus
411 1061 650 1096 Zambeccarius
674 1061 903 1095 consistorialis
927 1061 1019 1095 aulae
1043 1061 1226 1102 advocatus,
1247 1061 1311 1094 680
1337 1061 1364 1094 b.
1392 1061 1498 1094 Partes
1522 1060 1594 1094 illus
1626 1062 1657 1094 in
1682 1069 1775 1094 cano·

333 1117 490 1149 nizatione
514 1115 545 1148 S.
570 1115 751 1155 Theresiae,
777 1114 854 1147 ibid.

241 1167 501 1212 Novozamoyscii
524 1168 687 1202 academia
712 1172 743 1202 et
761 1168 928 1210 collegiata
953 1169 1089 1202 ecclesia
1114 1171 1250 1210 erectae,
1277 1168 1340 1201 390
1365 1179 1395 1202 a.
1413 1167 1633 1210 Consu-malae,
1652 1168 1715 1202 396
1748 1168 1775 1201 b.

327 1221 501 1264 Privilegia
525 1223 571 1256 eis
596 1231 759 1264 concessa,
778 1222 838 1255 391
858 1232 887 1254 α.

995 1327 1024 1363 O

241 1434 393 1469 Octavius
416 1434 578 1469 Bandinus
602 1435 771 1469 cardinalis
803 1436 972 1479 episcopus
1006 1435 1231 1469 Praenestinus
1255 1435 1517 1478 Congregationis
1542 1435 1775 1470 Bursseldensis

327 1490 359 1522 in
384 1488 554 1523 Germania
578 1488 709 1524 Ordinis
733 1489 764 1522 S.
785 1489 948 1522 Benedicti
973 1492 1141 1532 protector,
1168 1488 1519 1523 538b.1nstitutionem
1544 1489 1672 1533 hospitii
1698 1490 1776 1524 Gre-

327 1544 451 1585 goriani
475 1544 507 1576 in
532 1542 614 1576 Urbe
640 1552 696 1586 pro
721 1546 782 1577 toto
807 1542 929 1577 Ordine
953 1542 1159 1576 Benedictino
1184 1541 1348 1585 approbat,
1376 1542 1455 1575 ibid.

240 1591 409 1628 Odoardus
433 1594 603 1628 Farnesius
627 1594 759 1628 Parmae
776 1599 807 1629 et
826 1595 1004 1630 Placentiae
1025 1596 1101 1637 dux,
1118 1596 1179 1629 701
1199 1595 1224 1628 b.
1243 1596 1347 1629 Patrio
1371 1605 1502 1639 genere,
1529 1596 1634 1630 indole
1660 1601 1690 1630 et
1714 1607 1775 1631 ma-

329 1652 418 1682 terna
443 1648 632 1682 educatione
656 1648 813 1690 laudatur,
838 1650 901 1683 702
927 1650 953 1683 b.
974 1649 1214 1683 Confalonerius
1238 1649 1268 1682 S.
1294 1649 1328 1683 R.
1354 1649 1387 1683 E.
1406 1653 1540 1690 creatur,
1566 1651 1629 1683 703
1655 1662 1683 1683 a.

240 1700 409 1735 Odoardus
433 1702 463 1735 S.
487 1702 649 1735 Eustachii
674 1702 843 1737 cardinalis
868 1703 1021 1737 diaconus
1046 1703 1232 1744 Farnesius,
1259 1702 1319 1735 266
1346 1712 1374 1734 α.

239 1754 349 1790 Oratio
373 1756 583 1800 quadraginta
607 1756 755 1790 horarum
780 1760 971 1799 nuncupata,
995 1757 1058 1790 576
1084 1757 1110 1790 b.

239 1807 327 1843 Ordo
358 1808 569 1843 Eremitarum
598 1809 628 1842 S.
661 1809 854 1853 Augustini,
879 1809 943 1842 732
968 1819 997 1842 a.
1022 1809 1190 1843 Provincia
1219 1808 1472 1843 Recollectorum
1503 1809 1774 1845 Discalceatorum

327 1864 512 1906 provinciae
536 1862 689 1896 Castellae
720 1872 738 1896 a
768 1863 993 1906 superioritate
1023 1862 1234 1897 Eremitarum
1258 1862 1465 1897 Calceatorun
1486 1865 1656 1906 eximitur,
1684 1864 1773 1905 ibid„

328 1920 359 1950 et
391 1917 460 1960 ipsa
493 1918 525 1950 in
557 1918 755 1960 provinciam
786 1916 958 1961 Hispaniae
989 1917 1048 1951 sub
1082 1918 1315 1961 nuncupatione
1351 1918 1382 1952 S.
1414 1918 1584 1962 Augustini
1616 1920 1772 1963 erigitur,

328 1970 392 2004 733
413 1981 442 2003 a.
458 1970 559 2005 Priori
583 1974 688 2004 tamen
712 1969 854 2014 generali
881 1971 973 2005 totius
997 1970 1128 2005 Ordinis
1152 1970 1320 2005 subiicitur
1344 1972 1536 2013 immediate,
1562 1973 1624 2006 733
1650 1984 1671 2005 a
1694 1976 1725 2007 et
1746 1973 1772 2006 b.

326 2022 362 2056 ln
386 2023 464 2058 alias
484 2028 618 2068 quatuor
641 2025 821 2068 provincias
839 2025 991 2059 dividitur
1006 2024 1065 2058 sub
1089 2026 1311 2069 superioritate
1337 2026 1448 2059 vicarii
1473 2026 1641 2070 generalis,
1663 2027 1725 2061 734
1745 2028 1771 2059 b.

326 2076 447 2110 Statuta
471 2087 526 2121 pro
552 2086 662 2111 earum
684 2077 841 2120 gubernio
866 2078 960 2119 edita,
985 2078 1048 2112 733
1067 2078 1083 2111 b
1108 2082 1139 2111 et
1161 2089 1222 2122 seq.
1248 2078 1480 2113 Confirmantur
1502 2089 1520 2113 a
1542 2079 1694 2124 Gregorio
1710 2080 1771 2120 XV,

273 2126 276 2127 ⁷
327 2131 390 2164 737
412 2131 440 2163 b.
474 2130 550 2164 tide
573 2130 745 2175 Augustini
770 2131 839 2175 (5.).

239 2182 326 2218 Ordo
350 2184 403 2218 SS.
428 2184 587 2218 Trinitatis
610 2184 838 2229 redemptionis
862 2186 1069 2228 captivorum.
1087 2185 1258 2229 Privilegia
1284 2186 1357 2220 huic
1381 2184 1494 2221 Ordini
1514 2196 1532 2220 a
1548 2187 1688 2221 diversis
1713 2187 1772 2221 Ro-

326 2238 427 2271 manis
452 2237 654 2280 pontificibus
679 2247 831 2272 concessa
857 2239 1020 2272 confirmat
1043 2238 1216 2281 Gregorius
1241 2239 1303 2281 XV,
1329 2240 1391 2273 683
1418 2239 1443 2272 b.

238 2287 325 2324 Ordo
349 2290 481 2324 fratrum
506 2290 777 2333 Praedicatorum‚
802 2291 865 2325 787
892 2292 919 2324 b.
944 2291 991 2325 Ex
1016 2292 1054 2326 iis
1080 2291 1222 2326 nonnulli
1246 2293 1277 2326 in
1299 2293 1482 2326 Armeniam
1506 2294 1545 2327 ad
1571 2303 1678 2328 sacras
1699 2296 1773 2328 mis-

326 2344 431 2377 siones
455 2343 618 2378 obeundas
641 2346 806 2379 mittuntur
829 2354 847 2378 a
871 2344 1024 2388 Gregorio
1049 2344 1116 2386 XV,
1141 2345 1219 2378 ibid.

998 2450 1034 2484 P.

237 2558 472 2594 Paderbonensi
495 2558 631 2604 capitulo
656 2563 688 2593 ut
711 2557 926 2592 coadiutorem
950 2560 1100 2602 episcopo
1125 2558 1232 2601 eligat,
1260 2558 1278 2592 7
1304 2569 1334 2592 α.

236 2612 506 2648 Paderbornensis
518 2615 708 2648 universitas
723 2621 740 2646 a
752 2611 917 2645 Theodoro
941 2613 1090 2656 episcopo
1115 2614 1228 2653 erecta,
1246 2613 1308 2645 299
1326 2613 1353 2645 b.
1371 2613 1602 2648 confirmatura
1617 2614 1713 2649 Paulo
1730 2615 1761 2656 V,

325 2666 389 2702 300
412 2677 449 2709 α,·
473 2671 505 2704 et
527 2667 676 2712 regimini
700 2666 864 2702 societatis
883 2664 956 2701 Iesu
978 2663 1156 2708 subiicitur,
1182 2664 1261 2699 ibid.
1282 2664 1455 2710 Privilegia
1471 2675 1633 2710 concessa,
1651 2668 1715 2703 300
1741 2667 1766 2701 ὁ.
