2293 3231
98 333 148 363 An.
165 332 194 363 c.
216 332 283 362 1022

886 333 1065 358 GREGORIUS
1089 333 1131 358 XV
1154 333 1202 357 PP.

294 380 477 414 Ordinarios
501 390 554 413 seu
579 390 689 414 corum
707 380 854 414 officiales
871 392 929 424 pro
955 387 1032 414 tem-

295 443 372 478 pore
389 432 555 467 existentes
571 433 608 465 ad
628 433 909 477 praesentationem
930 434 1034 466 huius-

296 485 381 519 modi
398 485 612 525 instituendas‚
630 485 737 518 itidem
754 491 907 530 perpetuo
923 486 1032 518 cadem

295 538 481 571 auctoritate
504 540 613 572 nostra
636 548 795 579 reserves,
828 538 981 571 concedas
1005 544 1035 571 et

296 591 437 635 assignes
444 602 452 631 ;
469 601 504 625 ac
521 592 754 635 iuspatronatus
770 597 799 624 et
814 591 1033 635 praesentandi

297 644 477 677 huiusmodi
491 644 643 678 laicorum
656 644 810 678 nobilium
824 649 854 677 et
863 644 1033 677 illustrium

297 697 446 738 existere,
463 707 585 730 necnon
601 698 738 731 chrico
755 698 826 731 duci
844 703 873 731 et
888 698 1033 742 principi,

296 760 332 783 ac
356 750 590 784 successoribus
614 751 788 794 praesentis
804 751 916 784 suturis
932 754 1035 794 patro-

296 803 355 844 nis,
378 813 441 837 non
466 814 502 836 ex
527 803 694 848 privilegio
718 804 902 848 apostolico,
927 803 980 836 sed
997 815 1034 837 ex

295 857 370 889 vera
384 855 543 899 primaeva
556 856 644 897 reali,
658 856 782 896 actuali,
792 856 895 899 plena,
912 856 1035 899 integra

296 913 327 941 et
349 908 532 942 omnimoda
557 908 749 949 fundatione,
765 915 795 941 et
812 910 963 952 perpetua
982 909 1035 942 do-

296 961 413 995 tatione
429 961 531 995 laicali
547 972 584 995 ex
600 962 692 995 bonis
716 971 803 994 mere
826 961 988 993 laicalibus
1005 967 1035 994 et

295 1013 569 1058 patrimonialibus
593 1014 754 1047 dumtaxat
772 1018 952 1057 competere
966 1040 973 1054 ,
997 1013 1034 1046 il-

296 1066 412 1110 ludque
428 1067 501 1110 vim,
518 1066 675 1107 effectum,
695 1071 850 1106 naturam,
868 1066 1035 1098 essentiam

296 1124 327 1152 et
342 1119 523 1162 qualitatem
536 1119 799 1163 iurispatronatus
812 1119 964 1152 laicorum
980 1119 1036 1151 ob-

296 1172 406 1212 tinere,
431 1182 466 1204 ac
490 1172 628 1205 Henrico
644 1171 716 1204 duci
734 1175 764 1205 et
776 1171 910 1215 principi
925 1176 954 1204 et
966 1171 1035 1204 aliis

295 1224 410 1256 futuris
434 1224 577 1267 patronis
600 1224 768 1268 praedictis
789 1224 957 1266 suffragari
981 1224 1034 1257 de-

294 1276 372 1310 bere
395 1277 428 1309 in
451 1276 599 1310 omnibus
631 1282 661 1310 et
691 1288 749 1321 per
781 1277 886 1310 onmia
916 1277 1035 1320 absque

294 1330 359 1363 ulla
368 1340 500 1374 prorsus
508 1330 694 1372 differentia,
706 1331 799 1364 etiam
809 1330 913 1376 quoad
926 1340 1035 1364 omnes

295 1383 374 1417 iuris
397 1389 429 1417 et
452 1384 523 1417 sacti
548 1383 697 1425 effectus,
725 1384 857 1428 perinde
880 1394 917 1417 ac
940 1385 966 1417 si
991 1385 1035 1417 eis

296 1445 327 1473 et
349 1438 478 1472 illorum
502 1439 635 1483 singulis
658 1440 780 1473 ratione
795 1450 897 1480 verae,
921 1439 1034 1480 realis,

295 1493 435 1536 actualis,
459 1494 571 1538 plenae
587 1499 617 1526 et
637 1493 777 1536 integrae
800 1493 988 1527 fundationis
1006 1499 1035 1527 et

295 1553 466 1592 perpetuae
490 1547 658 1581 dotationis
682 1558 739 1591 per
759 1557 813 1580 eos
837 1557 873 1580 ex
897 1547 1035 1591 propriis

296 1607 327 1635 et
339 1612 426 1635 mere
438 1602 601 1635 laicalibus
614 1607 644 1634 et
657 1601 930 1645 patrimonialibus
943 1601 1035 1634 bonis

296 1657 457 1690 dumtaxat
480 1666 498 1689 a
521 1655 679 1699 principio
703 1655 892 1699 acquisitum
913 1659 943 1687 et
963 1665 1036 1687 con-

297 1719 422 1743 cessum
447 1709 564 1748 fiiisset;
584 1718 620 1741 ac
637 1713 671 1741 ut
687 1708 747 1741 tale
763 1708 820 1740 sub
837 1718 1035 1751 quacumque

297 1762 502 1806 derogatione
524 1762 701 1795 nullatenus
718 1760 956 1804 comprehendi,
978 1771 1035 1794 nec

297 1817 342 1850 illi
359 1817 423 1850 ullo
439 1825 580 1861 unquam
596 1821 739 1858 tempore
753 1814 860 1857 (etiam
872 1818 1035 1858 praetextu

297 1870 566 1914 iurispasronatus
575 1879 612 1901 ex
625 1867 792 1912 privilegio
801 1868 976 1911 apostolico
988 1868 1037 1900 vel

298 1923 525 1958 consuetudine
548 1922 709 1966 acquisiti,
734 1926 787 1954 aut
810 1921 1035 1964 cuiuscumque

298 1977 362 2010 litis
384 1976 581 2021 pendentiae,
601 1986 657 2008 seu
672 1974 911 2019 permutationis
932 1975 979 2007 vel
999 1985 1035 2007 ex

298 2031 360 2063 alia
373 2031 467 2063 causa
481 2029 683 2074 quantumvis
702 2029 841 2071 legitima
855 2034 885 2061 et
897 2028 1035 2071 urgenti)

299 2083 468 2126 derogari,
495 2087 549 2115 aut
579 2082 766 2125 derogatum
791 2081 912 2114 censeri
945 2091 1036 2125 posse

299 2145 401 2179 neque
424 2135 550 2175 debere,
573 2135 633 2167 nisi
657 2134 782 2168 ilenrici
798 2134 888 2167 ducis
904 2139 934 2166 et
952 2133 1038 2177 prin-

300 2188 377 2232 cipis
393 2198 430 2221 ac
442 2192 650 2232 patronorum
674 2198 732 2231 pro
749 2191 893 2230 tempore
909 2187 1038 2219 existen-

301 2242 379 2275 tium
404 2252 572 2285 expressus
589 2241 627 2273 ad
645 2241 675 2274 id
692 2241 857 2274 accesserit
882 2250 1036 2279 assensus,

301 2300 331 2329 et
354 2295 444 2329 aliter
466 2294 563 2327 factas
587 2294 819 2337 derogationes,
839 2303 960 2326 necnon
977 2293 1038 2326 col-

301 2348 442 2388 lationes,
455 2347 651 2391 provisiones
664 2352 694 2380 et
706 2347 831 2390 quasvis
848 2347 924 2378 alias
935 2346 1037 2389 dispo-

300 2402 429 2435 sitiones
460 2400 499 2433 de
530 2400 764 2433 canonicatibus
794 2405 825 2432 et
850 2399 1036 2443 praebendis

301 2465 337 2488 ac
360 2454 429 2487 aliis
452 2453 613 2486 beneficiis
637 2452 817 2496 praedictis,
843 2452 906 2484 sive
931 2452 978 2492 iis5
1004 2457 1037 2484 ut

299 2508 486 2552 praefertur,
499 2507 564 2540 sive
571 2506 639 2539 aliis
649 2505 811 2549 quibusvis
821 2505 932 2545 modis,
944 2505 1036 2538 etiam

300 2561 384 2606 apud
400 2561 513 2595 Sedem
530 2560 672 2593 eamdem
688 2570 747 2604 pro
764 2564 906 2603 tempore
931 2569 1039 2592 vacan-

300 2615 393 2656 tibus,
409 2615 528 2659 absque
542 2614 793 2658 praesentatione
817 2613 864 2645 vel
889 2623 1037 2657 expresso

301 2679 457 2703 consensu
480 2672 687 2712 patronorum
714 2678 772 2711 pro
802 2672 944 2710 tempore
974 2667 1037 2700 exi-

301 2721 448 2755 stentium
463 2721 709 2765 praedictorum,
719 2730 791 2753 cum
805 2719 934 2763 speciali
945 2725 976 2753 et
988 2730 1037 2754 ex-

384 2783 464 2812 Bull.
483 2784 567 2812 Rom.
609 2783 669 2814 Vol.
688 2782 753 2812 XII.
915 2781 949 2809 98

1660 321 1725 357 777

1066 382 1175 424 pressa
1199 380 1403 423 derogatione
1421 380 1683 424 iurispatronatus
1699 379 1804 412 huius-

1066 433 1151 466 modi
1168 443 1226 476 pro
1240 438 1380 477 tempore
1395 433 1561 472 faciendas,
1574 442 1804 476 processusque

1066 486 1201 529 desuper
1217 485 1386 526 habendos,
1400 496 1435 518 ac
1449 486 1520 519 inde
1544 485 1702 529 sequenda
1714 495 1805 529 quac-

1066 549 1212 582 cumque,
1237 540 1321 572 nulla
1345 544 1376 572 ct
1400 539 1534 571 invalida
1557 538 1737 582 nulliusque
1756 549 1806 572 ro-

1066 594 1153 627 boris
1178 594 1225 627 vel
1250 594 1401 627 momenti
1427 594 1506 634 fore,
1531 604 1567 627 ac
1591 604 1648 637 pro
1665 593 1758 626 nullis
1775 599 1806 625 et

1066 646 1186 679 insectis
1211 646 1320 679 haberi
1345 651 1375 679 et
1399 646 1519 679 censeri
1540 646 1666 686 debere,
1683 655 1740 679 nec
1757 646 1805 679 ius

1067 704 1120 731 aut
1143 699 1319 732 coloratum
1345 699 1469 731 titulum
1486 698 1666 742 possidendi
1691 698 1805 741 cuique

1066 762 1122 795 per
1145 752 1198 784 illa
1223 751 1318 784 tribui
1332 751 1379 784 vel
1393 750 1523 794 acquiri,
1539 750 1706 793 minusque
1719 760 1805 794 prae-

1067 810 1169 837 sentes
1188 804 1306 838 litteras
1320 815 1356 837 ex
1374 814 1574 848 quocumque
1587 804 1698 847 capite,
1711 814 1806 847 quan-

1066 858 1180 890 tumvis
1192 858 1334 901 legitimo
1343 862 1374 890 et
1383 857 1527 897 iuridico,
1544 856 1582 890 de
1595 857 1806 900 subreptionis

1067 915 1098 942 et
1117 910 1309 954 obreptionis
1334 920 1388 943 seu
1411 909 1563 942 nullitatis
1587 909 1661 942 vitio
1682 915 1736 941 aut
1757 910 1804 941 in-

1068 964 1215 996 tentionis
1247 969 1373 997 nostrae
1405 973 1460 995 seu
1489 962 1638 1006 quopiam
1666 962 1728 995 alio
1753 962 1806 995 de-

1068 1015 1150 1048 fectu
1165 1015 1278 1056 notari,
1298 1015 1490 1059 impugnari,
1510 1014 1684 1054 retractari,
1698 1014 1806 1047 annul-

1068 1068 1126 1100 lari
1141 1069 1190 1101 vel
1206 1068 1380 1108 invalidari,
1394 1068 1425 1100 in
1445 1067 1493 1101 ius
1510 1068 1558 1101 vel
1571 1067 1603 1100 in
1623 1072 1806 1100 controver-

1068 1121 1146 1154 siam
1164 1121 1279 1164 vocari,
1297 1126 1349 1154 aut
1365 1121 1403 1154 ad
1417 1121 1497 1154 viam
1513 1126 1541 1154 et
1560 1120 1713 1154 terminos
1728 1120 1806 1153 iuris

1068 1174 1185 1215 reduci,
1196 1184 1251 1207 seu
1260 1174 1409 1207 adversus
1420 1174 1471 1207 illa
1485 1174 1705 1218 quodcumque
1718 1173 1806 1214 iuris,

1068 1227 1186 1269 gratiae
1203 1227 1250 1259 vel
1274 1228 1345 1260 sacti
1370 1227 1546 1260 remedium
1571 1227 1734 1270 impetrari
1757 1228 1807 1260 vel

1069 1280 1198 1313 concedi
1211 1291 1349 1324 unquam
1371 1291 1473 1324 posse,
1487 1280 1541 1313 sed
1554 1280 1623 1313 illas
1640 1290 1764 1323 semper
1776 1285 1807 1313 et

1068 1339 1223 1377 perpetuo
1241 1334 1358 1366 validas
1376 1339 1405 1366 et
1425 1334 1566 1366 efficaces
1583 1343 1651 1366 esse
1675 1338 1705 1366 et
1728 1333 1806 1373 sore,

1068 1397 1204 1431 suosque
1218 1387 1375 1431 plenarios
1390 1393 1420 1420 et
1437 1387 1576 1429 integros
1596 1386 1725 1420 effectus
1739 1397 1807 1419 sor-

1070 1441 1119 1475 tiri
1134 1446 1164 1474 et
1180 1440 1333 1482 obtinere,
1357 1451 1459 1484 neque
1484 1441 1542 1473 sub
1560 1441 1722 1484 quibusvis
1739 1451 1808 1473 can-

1068 1494 1214 1528 cellariae
1237 1495 1417 1538 praedictae
1447 1494 1567 1537 regulis
1598 1504 1693 1537 super
1716 1505 1808 1538 prae-

1068 1547 1237 1581 missorum
1262 1548 1408 1581 effectum
1433 1558 1496 1581 non
1519 1548 1704 1581 sortitorum
1722 1558 1809 1582 revo-

1068 1601 1205 1641 catoriis,
1230 1601 1361 1644 aliisque
1377 1601 1526 1633 similium
1543 1601 1592 1633 vel
1608 1601 1807 1634 dissimilium

1068 1654 1240 1696 gratiarum
1257 1653 1519 1694 revocationibus,
1539 1654 1807 1697 suspensionibus,

1068 1707 1307 1740 limitationibus
1327 1713 1377 1740 aut
1399 1707 1467 1740 aliis
1484 1707 1650 1740 contrariis
1674 1707 1807 1751 disposi-

1068 1760 1226 1800 tionibus,
1257 1760 1350 1792 etiam
1375 1771 1432 1803 per
1459 1770 1516 1793 nos
1548 1765 1578 1792 et
1610 1771 1808 1794 successores

1068 1818 1193 1846 nostros
1212 1814 1371 1846 Romanos
1396 1813 1562 1846 Pontifices
1582 1824 1640 1856 pro
1664 1819 1807 1857 tempore

1069 1867 1244 1907 existentes,
1258 1866 1434 1910 Sedemque
1446 1866 1650 1910 praedictam,
1665 1867 1722 1899 sub
1737 1868 1807 1911 qui-

1068 1920 1264 1963 buscumque
1294 1919 1462 1952 verborum
1493 1919 1746 1963 expressionibus
1778 1926 1808 1953 et

1068 1973 1188 2013 formis,
1205 1983 1241 2005 ac
1265 1983 1336 2006 cum
1357 1972 1518 2016 quibusvis
1542 1973 1689 2006 clausulis
1705 1978 1735 2006 et
1759 1973 1808 2006 de-

1069 2026 1162 2059 cretis
1188 2036 1247 2069 pro
1276 2029 1418 2069 tempore
1448 2025 1686 2070 quomodolibet
1709 2026 1806 2067 sactis,

1069 2078 1296 2122 comprehendi
1320 2079 1368 2112 vel
1393 2079 1562 2119 confundi,
1591 2079 1645 2111 sed
1676 2079 1715 2112 ab
1744 2080 1807 2113 illis

1070 2142 1193 2176 semper
1210 2131 1382 2175 exceptas¹,
1398 2136 1437 2172 et,
1454 2132 1576 2175 quoties
1596 2132 1668 2165 illae
1687 2142 1808 2165 emana-

1069 2185 1156 2225 bunt,
1176 2185 1267 2218 toties
1284 2185 1315 2217 in
1334 2185 1502 2228 pristinum
1527 2190 1557 2217 et
1580 2184 1806 2218 validissimum

1070 2242 1184 2270 statum
1211 2238 1384 2279 restitutas,
1416 2237 1571 2281 repositas
1604 2242 1635 2269 et
1666 2237 1807 2280 plenarie

1070 2291 1285 2334 reintegratas,
1302 2301 1338 2323 ac
1361 2290 1400 2323 de
1422 2301 1504 2324 novo
1529 2290 1622 2323 ctiam
1646 2290 1705 2322 sub
1730 2301 1806 2333 qua-

1070 2354 1204 2387 cumque
1216 2344 1384 2388 posteriori
1397 2344 1478 2384 data,
1491 2354 1549 2387 per
1566 2343 1736 2376 ilenricum
1752 2344 1807 2377 du-

1069 2408 1138 2431 cem
1159 2403 1189 2431 et
1203 2398 1377 2441 principem
1402 2403 1432 2430 et
1456 2407 1655 2430 successores
1675 2408 1748 2430 suos
1764 2399 1808 2430 su-

1071 2456 1158 2484 turos
1188 2456 1338 2495 patronos
1352 2478 1359 2491 ,
1385 2461 1507 2484 necnon
1531 2450 1677 2483 abbatem
1701 2456 1732 2483 et
1755 2462 1806 2484 ca-

1069 2504 1203 2548 pitulum
1218 2531 1225 2544 ,
1249 2514 1285 2537 ac
1308 2503 1476 2537 canonicos
1499 2503 1600 2536 dictae
1624 2504 1807 2547 collegiatae

1071 2557 1230 2598 ecclesiae,
1244 2563 1274 2590 et
1290 2561 1447 2590 rectorem
1463 2562 1494 2589 ct
1509 2556 1688 2599 colleg-iales
1708 2556 1807 2600 ipsius

1071 2611 1194 2654 collegii
1218 2620 1276 2654 pro
1299 2615 1442 2654 tempore
1471 2609 1637 2643 existentes
1665 2610 1806 2654 quando-

1106 2728 1117 2753 1
1136 2725 1257 2754 Erronee
1272 2725 1336 2753 edit.
1349 2724 1432 2753 Main.
1445 2724 1490 2753 hic
1502 2725 1568 2761 legit
1582 2725 1804 2761 memiana).

1817 331 1868 359 Αιι.
1889 330 1918 359 C.
1933 329 2002 360 1622
