2293 3231
87 275 139 303 An.
150 274 183 302 fl.
204 272 269 302 1623

121 1499 232 1525 Regum-is
249 1498 280 1519 ‹li-

95 1527 197 1552 sciptuuae
209 1526 279 1546 obser·

96 1553 187 1574 vautiam
199 1553 279 1573 servari

94 1581 207 1606 praecipit.

103 2349 214 2370 Clausulas
225 2353 286 2374 prae·

103 2376 229 2396 servati-:mr
238 2375 286 2395 sut)-

891 276 1067 300 GREGORIUS
1090 277 1134 300 XV
1158 277 1205 300 1²1³.

286 321 383 366 polyti
407 322 573 355 cardinalis
597 332 751 355 consensu
778 323 943 367 deputatus
968 324 1041 363 εἰί,4

287 384 342 407 seu
367 385 420 407 eos
444 374 587 418 deputari
604 375 773 418 contingat,
791 375 828 408 ab
853 386 963 409 eorum
983 376 1025 409 os-

288 427 367 460 ficiis
384 428 564 461 huiusmodi
583 439 640 472 per
660 429 805 462 cumdem
822 430 1022 473 Hippolytum
1040 455 1042 467 ,

288 481 476 513 cardinalem
498 483 647 522 amoveri,
664 487 694 514 ct
713 482 764 514 alii
782 482 812 514 in
830 493 939 515 eorum
957 483 1025 515 loca

288 533 456 576 subrogari
480 535 599 577 possint
624 539 654 567 ct
683 536 817 575 valeant,
841 535 1025 569 auctoritate

288 591 319 619 et
343 592 451 620 tenore
475 588 643 630 praedictis
664 588 828 621 statuimus
852 593 882 621 ct
905 588 1028 621 ordina-

288 650 374 680 mus3
400 651 522 673 necnon
546 641 647 674 eidem
678 641 845 686 Hippolyto
876 642 1026 674 cardinali

288 703 383 726 unam
401 694 540 726 eiusdem
558 694 816 737 Congregationis
836 694 966 727 domum
982 705 1028 727 re-

288 747 430 789 gularem
456 747 517 779 sibi
541 747 739 788 benevisam,
764 758 843 791 quae
876 758 893 780 a
917 749 973 781 sua
998 752 1028 780 et

288 810 347 843 pro
372 806 512 844 tempore
537 801 696 833 existentis
727 801 826 834 dictae
850 794 1045 843 Congrega-'

289 853 382 886 tionis
411 854 600 897 protectoris
635 854 818 887 auctoritate
849 853 1028 885 immediate

290 905 473 949 dependeat,
498 906 644 949 eligendi,
668 907 700 939 in
724 917 856 950 eamque
884 906 1028 947 novitios,

290 959 343 1003 qui
359 959 390 992 in
407 960 568 1003 praedicto
591 960 743 993 novitiatu
764 960 886 993 educati
902 960 1027 1000 suerint,

291 1018 363 1056 post
386 1023 501 1045 annum
527 1013 652 1046 circiter
668 1013 706 1045 ab
723 1013 890 1046 emissione
913 1012 1047 1072 profes-¹

292 1065 388 1099 sionis
411 1077 467 1109 per
491 1077 544 1099 eos
560 1067 639 1100 sacta
664 1066 919 1109 computandum,
935 1069 1029 1108 prout
1045 1073 1047 1091 ι

291 1129 348 1162 per
360 1119 477 1151 multos
492 1129 590 1151 annos
603 1118 672 1151 tieri
689 1118 859 1157 consuevit,
876 1117 1029 1156 mittendi,

291 1172 324 1204 in
347 1171 527 1214 eisdemque
550 1171 695 1204 domibus
719 1170 918 1212 regularibus
935 1175 963 1201 et
983 1180 1031 1201 ca-

292 1235 363 1257 rum
388 1224 526 1268 qualibet
550 1224 728 1267 superiores
749 1223 886 1256 cuiusvis
910 1223 1029 1266 patriae

293 1278 357 1310 sive
380 1277 560 1321 provinciae
584 1276 791 1310 constituendi
804 1282 834 1309 et
850 1276 1029 1319 deputandi,

292 1332 417 1375 plenam
443 1336 473 1363 et
488 1331 624 1374 amplam
641 1331 828 1371 facultatem,
845 1330 1030 1363 auctoritate

294 1389 324 1417 et
347 1389 457 1417 tenore
480 1384 659 1428 praedictis,
684 1384 885 1417 concedimus
912 1389 941 1416 ct
965 1383 1028 1416 im-

294 1438 458 1481 partimur.

339 1491 354 1534 g
377 1491 407 1523 4.
433 1491 610 1525 Inliihentes
634 1496 812 1535 propterea,
829 1491 886 1523 sub
907 1501 1031 1524 excom-

295 1544 516 1577 municationis
540 1550 570 1577 et
589 1545 657 1577 aliis
674 1544 807 1577 arbitrio
823 1543 897 1576 dicti
914 1543 1033 1587 Hippo-

295 1597 350 1641 lyti
373 1597 539 1630 cardinalis
556 1597 734 1639 infligendis
751 1597 872 1640 poenis,
888 1596 1033 1629 omnibus

295 1654 325 1685 et
348 1651 479 1693 singulis
503 1651 603 1684 dietae
619 1650 877 1694 Congrcgationis
902 1651 1034 1683 Iesuato-

295 1715 367 1737 rum
389 1704 635 1748 professoribus,
655 1714 694 1737 ne
710 1709 819 1737 contra
843 1703 1033 1737 erectionem

295 1764 326 1791 et
349 1758 575 1791 institutionem
592 1758 759 1791 novitiatus
774 1756 966 1796 huiusmodi,
983 1761 1035 1789 aut
1050 1748 1052 1768 ²

296 1812 451 1854 regularis
469 1811 650 1855 disciplinae
667 1810 896 1844 observantiam
920 1820 976 1853 per
992 1809 1036 1842 di-

297 1870 382 1898 ctum
406 1864 665 1907 Congregatiouis
695 1864 882 1897 clericorum
914 1863 1036 1905 regula-

297 1918 379 1950 rium
405 1918 627 1951 Theatinorum
654 1917 865 1960 professorem
894 1917 927 1949 in
953 1916 1054 1949 dieto}

298 1970 450 2003 novitiatu
473 1970 683 2004 introductam
698 1997 705 2010 ,
731 1974 760 2003 et
783 1980 877 2013 quam
907 1968 937 2001 in
968 1969 1054 2022 aliisk

299 2022 439 2055 eiusdem
463 2023 721 2066 Congregationis
739 2023 935 2056 Iesuatorum
959 2021 1054 2055 locis*

298 2076 507 2119 regularibus,
530 2076 733 2110 benedicente
762 2075 912 2115 Domino,
937 2075 1053 2120 intro—i

299 2129 371 2163 duci
395 2129 582 2172 contigerit,
609 2129 720 2173 quovis
744 2129 884 2173 quaesito
909 2129 1053 2169 colore,

300 2182 426 2225 ingenio
450 2183 498 2214 vel
529 2187 691 2226 praetextu
720 2182 847 2223 venire,
871 2186 923 2215 aut
950 2182 1037 2225 quic-

299 2246 394 2279 quam
427 2235 600 2268 machinari
629 2236 694 2268 sive
723 2239 874 2269 attentare
905 2235 1037 2268 audeant

301 2300 356 2323 seu
379 2292 590 2333 praesumant.

346 2343 360 2386 ἓ
377 2342 406 2375 5.
424 2343 552 2375 Necnon
571 2342 775 2375 decernentes
791 2346 971 2385 praesentes
988 2341 1038 2373 lit-

303 2402 384 2430 teras
412 2402 441 2429 et
458 2397 489 2429 in
506 2396 549 2429 eis
569 2401 714 2429 contenta
731 2406 945 2439 quaecumque
962 2406 1040 2428 sem·

303 2461 359 2495 per
388 2455 418 2484 et
445 2456 599 2495 perpetuo
623 2449 724 2482 valida
749 2453 778 2483 et
801 2450 940 2482 efficacia
963 2449 1039 2482 exis-

304 2508 369 2537 tere
389 2509 420 2537 et
435 2504 512 2543 fore,
530 2513 665 2547 suosque
679 2502 836 2546 plenarios
852 2505 882 2536 et
900 2502 1040 2544 integros

305 2556 432 2590 effectus
449 2556 555 2590 sortiri
572 2561 601 2589 et
620 2556 771 2596 obtinere,
788 2565 824 2588 ac
840 2554 878 2587 ab
895 2554 1041 2588 omnibus

305 2614 336 2643 et
358 2610 500 2653 singulis,
516 2610 555 2643 ad
578 2620 656 2654 quos
676 2614 802 2653 spectat,
818 2607 1041 2641 inviolabiliter

305 2664 467 2698 observari
476 2676 484 2706 ;
501 2665 619 2709 sicque,
636 2669 666 2698 et
680 2674 743 2698 non
759 2663 859 2705 aliter,
878 2673 936 2707 per
951 2672 1042 2707 quos-

1698 264 1762 297 813
1808 275 1844 300 Λη

1057 334 1191 367 cumque
1224 323 1342 356 iudices
1375 322 1551 356 ordinarios
1583 328 1614 355 et
1638 322 1796 363 delegatos

1057 377 1150 408 etiam
1176 386 1340 409 causarum
1368 376 1473 419 palatii
1491 375 1652 418 apostolici
1679 375 1798 407 audito-

1058 440 1108 462 res
1129 430 1263 469 (sublata
1287 430 1331 462 eis
1357 435 1386 461 et
1411 440 1521 462 eorum
1547 429 1675 461 cuilibet
1688 428 1797 472 quavis

1058 483 1148 515 aliter
1173 482 1328 515 iudicandi
1354 488 1385 514 ct
1410 482 1634 525 interpretandi
1653 481 1797 514 facultati·

1059 539 1088 568 et
1112 536 1309 578 auctoritate)
1331 535 1461 568 iudicari
1479 541 1505 568 ct
1532 535 1654 567 deliniri
1673 534 1797 571 debere,

1059 599 1093 621 ac
1119 588 1243 621 irritum
1269 592 1299 622 et
1323 589 1423 628 inane,
1441 589 1465 620 si
1484 599 1572 621 secus
1597 599 1691 631 super
1714 588 1762 620 liis
1781 599 1798 620 a

1059 652 1228 685 quoquam,
1242 642 1351 685 quavis
1382 642 1575 683 auctoritate,
1590 642 1725 674 scienter
1749 642 1796 674 vel

1061 695 1252 738 ignoranter,
1277 696 1443 737 contigerit
1466 695 1620 728 attentari.

1106 748 1119 791 g
1145 747 1173 780 6.
1199 749 1268 781 Non
1299 748 1493 781 obstantibus
1524 748 1797 781 constitutionibus
1837 762 1994 788 ωηιηιῑῑηιω

1812 789 1908 809 muamus
1934 790 1996 810 durs»-

1061 807 1091 833 et
1122 801 1373 834 ordinationibus
1402 802 1601 845 apostolicis,
1631 812 1667 834 ac
1698 801 1797 834 dietae
1812 819 1853 843 gan.

1061 854 1318 897 Congrcgationis
1346 855 1541 887 Iesuatorum
1573 855 1677 891 (etiam
1708 855 1795 887 iura-

1062 913 1176 949 mento,
1202 908 1440 941 confirmatione
1465 908 1646 951 apostolica,
1663 908 1709 940 vel
1727 919 1800 951 qua-

1062 961 1107 993 vis
1138 961 1286 993 firmitate
1316 961 1376 993 alia
1411 961 1588 1004 roboratis)
1618 961 1739 993 statutis
1770 967 1800 993 et

1062 1013 1360 1054 consuetudinibus,
1386 1014 1558 1057 privilegiis
1588 1024 1730 1057 quoque,
1753 1014 1800 1046 in-

1062 1066 1156 1099 dultis
1176 1072 1204 1099 et
1229 1067 1339 1101 litteris
1363 1067 1542 1110 apostolicis
1558 1067 1589 1099 in
1606 1067 1798 1100 contrarium

1062 1120 1310 1161 praemissorum
1350 1119 1585 1162 quomodolibet
1621 1120 1798 1156 concessis.

1063 1171 1266 1212 confirmatis,
1291 1177 1319 1205 et
1343 1173 1505 1206 innovatis.
1522 1173 1638 1211 Quibus
1655 1173 1801 1205 omnibus

1063 1229 1093 1256 et
1117 1224 1256 1267 siugulis,
1275 1236 1384 1258 eorum
1410 1225 1549 1258 omnium
1574 1231 1699 1259 tenores
1715 1236 1801 1269 prae-

1064 1278 1203 1310 sentibus
1216 1290 1274 1321 pro
1287 1280 1378 1322 plene
1396 1285 1423 1311 et
1442 1279 1632 1313 sufficienter
1647 1279 1801 1322 expressis

1064 1331 1227 1371 habentes,
1242 1331 1301 1363 illis
1319 1331 1394 1364 alias
1410 1332 1441 1364 in
1459 1342 1514 1364 suo
1531 1332 1647 1364 robore
1661 1342 1802 1375 perman-

1065 1383 1161 1424 suris,
1178 1384 1237 1417 hac
1253 1385 1319 1417 vice
1335 1385 1497 1417 dumtaxat
1517 1385 1694 1427 specialiter
1710 1389 1739 1418 et
1755 1396 1803 1417 ex-

1064 1447 1171 1479 presse
1185 1437 1386 1480 dcrogamus,
1396 1448 1431 1470 ae
1441 1437 1625 1479 derogatum
1640 1448 1706 1470 esse
1720 1438 1802 1471 rolu-

1065 1500 1145 1530 mus,
1163 1491 1337 1534 ceterisque
1359 1491 1524 1523 contrariis
1543 1490 1801 1534 quibuscumque.

1109 1543 1221 1576 Datum
1242 1544 1374 1584 Romae,
1398 1544 1480 1587 apud
1497 1550 1638 1577 sanetum
1663 1544 1802 1582 Petrum,

1067 1596 1124 1629 sub
1153 1597 1268 1629 annulo
1299 1597 1487 1637 piscatoris,
1512 1597 1562 1630 die
1596 1607 1665 1631 xxn
1695 1598 1803 1640 aprilis

1066 1659 1222 1689 uncxxni,
1239 1649 1439 1693 pontificatus
1455 1650 1554 1683 nostri
1571 1660 1652 1683 anno
1670 1659 1712 1683 ιη,

1103 1710 1159 1737 Dat.
1178 1710 1220 1738 die.
1240 1710 1273 1737 22
1288 1711 1381 1746 aprilis
1402 1710 1480 1746 1623,
1501 1711 1594 1746 pontis.
1611 1720 1652 1739 an·
1669 1718 1707 1738 111.

1398 1828 1470 1861 CIX.

1128 1898 1312 1932 Facultates
1330 1910 1388 1942 pro
1413 1900 1603 1943 cappellano
1626 1901 1747 1933 maiori

1190 1956 1217 1984 et
1237 1953 1384 1997 capp-ellit
1404 1954 1488 1996 reqis
1505 1953 1683 1986 catholici&

1070 2022 1248 2049 charissimo
1273 2023 1301 2049 in
1327 2024 1442 2050 christo
1463 2024 1525 2050 filio
1544 2028 1648 2051 nostro
1669 2024 1804 2059 Philippo

1210 2067 1419 2100 Hispaniarum
1430 2067 1500 2102 Regi
1513 2068 1665 2095 catholico

1272 2120 1428 2154 Gregorius
1448 2121 1527 2155 Papa
1546 2122 1601 2148 XV.

1167 2180 1345 2208 charissime
1361 2181 1392 2208 in
1409 2182 1526 2209 Christo
1541 2183 1584 2209 fili
1599 2186 1712 2215 noster,

1106 2225 1236 2252 salutem
1256 2229 1287 2252 et.
1308 2226 1502 2259 apostolicam
1521 2227 1768 2254 benedictionem.

1114 2287 1176 2319 Piis
1207 2287 1434 2320 catholicorum
1466 2298 1576 2330 regum
1611 2288 1725 2324 votis².
1751 2299 1807 2332 per

1071 2350 1149 2383 quae
1163 2340 1286 2373 divinus
1299 2341 1401 2373 cultus
1416 2341 1524 2383 augeri
1543 2345 1572 2374 et
1588 2342 1805 2374 ministrorum

1072 2393 1364 2433 ecclesiasticorum,
1384 2394 1570 2437 praesertim
1593 2395 1805 2438 cappellarum

1071 2446 1231 2489 regiarum
1249 2446 1376 2479 servitio
1392 2446 1633 2489 adscriptorum,
1651 2453 1748 2480 status
1771 2448 1809 2480 ad

1072 2500 1125 2533 Dei
1150 2500 1284 2543 gloriam
1308 2500 1476 2543 tranquille
1501 2506 1531 2533 et
1554 2506 1638 2534 reete
1662 2501 1755 2544 dirigi
1780 2508 1808 2535 et

1109 2582 1120 2607 1
1143 2580 1181 2607 Ex
1201 2580 1308 2616 llegest.
1329 2581 1356 2607 in
1376 2580 1479 2608 Secret.
1500 2580 1577 2608 Brev.

1107 2625 1124 2652 2
1138 2624 1206 2653 Vide
1221 2625 1337 2653 similem
1350 2625 1413 2652 huic
1423 2625 1514 2652 Const
1526 2633 1607 2661 supra
1618 2633 1677 2661 pag.
1687 2625 1740 2653 245
1750 2624 1777 2653 h.
1789 2616 1822 2652 t.-

1075 2670 1110 2707 (a.
1126 2669 1172 2705 τ,).

1852 295 1856 299 .
1878 275 1905 300 C,
1927 275 1991 302 {5⁸23

1849 2309 1969 2330 Emi-itum..
