2293 3231
328 297 365 323 A..
395 298 413 320 (¹.
447 297 510 323 unz
563 287 621 324 ΗΞ

571 345 600 378 ’2.
626 345 737 378 Citatio
761 346 824 377 sive
851 345 1053 377 momtorium
1080 344 1181 377 simile
1212 354 1269 388 per

1110 297 1287 322 mmmmm!
1314 296 1464 322 nontam!

1350 343 1398 377 ta.
1423 344 1572 377 inhibitio
1595 345 1626 377 in
1651 345 1738 378 eui-iat
1763 346 1871 388 vigore
1896 345 2040 379 commis-

528 398 675 435 etlietum„
691 399 813 431 notario
831 403 952 430 scutum
972 407 1079 437 unum,
1096 398 1200 440 sigillo
1217 398 1270 431 bo·
1302 397 1409 438 sionis,
1436 410 1494 442 pro
1517 408 1582 431 uno
1606 398 1669 431 sive
1694 399 1853 443 pluribus,
1877 404 1907 432 ιιι
1935 409 2039 443 supra,

527 451 640 484 noueni
661 450 768 494 viginti
787 456 905 494 septem
924 461 995 483 rum
1012 450 1152 484 dimidio.

570 504 600 536 53.
629 503 893 547 Compulsoriales
917 504 1081 547 generales
1109 504 1173 537 sire
1202 515 1269 548 spe—

527 557 638 594 ciales,
663 567 721 600 pro
745 566 808 589 uno
833 556 897 589 sire
926 556 1080 600 pluribus,
1104 563 1135 590 ut
1161 567 1266 602 supra,

527 610 649 642 notario
681 614 804 642 scutum
834 619 930 642 unum
942 637 950 650 ,
975 610 1078 653 sigillo
1109 610 1265 643 bononeni

527 661 634 704 viginti
653 667 771 705 septem
789 673 861 695 cum
875 662 1016 695 dimidio.

574 714 597 747 ί.
623 715 832 748 Remissoriae
857 715 1112 758 instrumentum,
1128 727 1186 760 pro
1203 727 1266 750 uno

525 778 578 800 seu
603 768 758 812 pluribus,
774 774 804 801 ut
832 779 938 814 supra,
954 770 1079 803 notario
1096 770 1161 802 iulii
1179 770 1266 814 quin-

523 821 636 862 decim,
651 821 754 865 sigillo
767 822 924 856 bononeni
939 823 1047 866 viginti
1058 829 1178 868 septem
1192 834 1263 857 cum

523 873 663 908 dimidio.

567 928 596 960 5.
614 929 825 962 Remissoriac
842 929 973 970 rotulus,
993 930 1018 962 si
1035 929 1099 970 fiat,
1115 941 1174 974 pro
1190 941 1264 974 quo-

523 980 595 1013 libet
614 981 720 1025 palmo
738 982 898 1022 solvantur
915 983 1038 1016 notario
1055 982 1121 1016 iulii
1141 989 1262 1028 septem

523 1044 594 1066 cum
619 1033 766 1075 dimidio3
784 1035 823 1068 sit
847 1040 950 1068 autem
967 1035 1092 1079 palmus
1108 1036 1262 1069 linearum

524 1086 662 1130 triginta,
680 1092 707 1119 et
726 1087 917 1132 syllabarum
934 1088 1043 1122 decem
1061 1094 1088 1121 et
1107 1094 1187 1123 octo.

566 1140 595 1172 Γ).
615 1140 749 1173 Litterae
766 1141 911 1174 missii-ae
928 1142 1052 1175 clausae
1069 1142 1139 1175 loeo
1155 1142 1264 1175 remis-

521 1193 683 1227 sorialium
709 1205 780 1228 cum
812 1195 952 1228 articulis
982 1196 1179 1237 introclusis,
1203 1207 1262 1240 pro

521 1256 584 1280 uno
609 1247 673 1281 sive
697 1248 851 1292 pluribus,
875 1254 907 1281 ut
926 1260 1031 1293 supra,
1047 1249 1171 1283 notario
1195 1250 1261 1283 iulii

522 1310 590 1341 sex,
615 1301 773 1335 bononeni
798 1302 860 1335 duo
885 1314 957 1336 cum
981 1303 1132 1344 dimidio,
1157 1304 1261 1347 sigillo

520 1353 677 1387 bononcni
695 1355 804 1398 viginti
821 1361 940 1400 septem
957 1367 1029 1389 eum
1043 1357 1182 1391 dimidio.

566 1409 594 1442 7.
621 1410 865 1445 instrumentum
897 1412 1123 1447 declaratoriac
1153 1415 1260 1458 vigore

522 1465 763 1506 commissionis,
788 1465 846 1510 pro
871 1477 934 1499 uno
958 1468 1023 1500 sive
1044 1467 1203 1512 pluribus,
1228 1475 1258 1502 ut

521 1528 627 1562 supra,
644 1518 768 1551 notario
785 1524 907 1553 scutum
922 1531 1031 1562 unum,
1045 1526 1075 1554 et.
1088 1521 1192 1565 sigillo
1208 1522 1261 1555 bo—

522 1571 636 1604 noneni
655 1572 762 1615 viginti
781 1578 900 1617 septem
915 1584 986 1607 eum
1003 1574 1144 1608 dimidio.

565 1624 594 1657 8.
620 1625 866 1659 instrumentum
886 1627 948 1660 litis
971 1627 1156 1672 pendentiae
1173 1634 1260 1663 extra

520 1677 652 1719 curiam,
677 1689 736 1722 pro
760 1689 822 1713 uno
846 1680 911 1713 sive
934 1681 1088 1724 pluribus,
1104 1687 1135 1715 ut
1155 1694 1260 1727 supra,

519 1731 642 1766 notario
668 1732 732 1765 iulii
756 1733 894 1778 quinque
911 1744 982 1767 cum
1000 1734 1141 1778 dimidio,
1156 1737 1260 1780 sigillo

519 1785 675 1819 bononeni
690 1786 799 1830 viginti
812 1791 931 1832 septem
948 1799 1020 1821 cum
1037 1789 1177 1824 dimidio.

563 1839 593 1872 9.
613 1839 842 1873 intrumentum
861 1841 1032 1875 sententiae
1053 1843 1161 1887 vigore
1177 1854 1260 1878 com-

519 1893 687 1934 missionis,
701 1894 726 1926 si
742 1894 936 1937 extrahatur,
952 1905 1011 1940 pro
1026 1906 1090 1930 uno
1113 1897 1178 1931 sive
1193 1898 1260 1942 plu-

519 1945 625 1987 ribus,
649 1951 680 1979 ut
707 1957 819 1991 supra,
844 1948 968 1981 notario
999 1955 1122 1983 scutum
1150 1961 1258 1992 unum,

519 1999 622 2043 sigillo
652 2000 808 2033 bononcni
840 2001 947 2045 viginti
973 2008 1094 2046 septem
1119 2013 1190 2037 cum
1215 2004 1258 2037 di-

519 2053 624 2087 midio.

562 2107 612 2140 tn.
628 2108 872 2142 instrumentum
891 2109 1095 2144 absolutionis
1109 2112 1156 2145 vel
1174 2123 1257 2146 com-

518 2161 675 2195 missionis
701 2173 760 2206 pro
785 2173 857 2204 uno,
881 2164 1004 2197 notario
1028 2164 1093 2198 iulii
1117 2165 1256 2210 quinque.

518 2226 589 2248 eum
615 2215 756 2257 dimidio,
775 2216 879 2260 sigillo
902 2217 1059 2251 bononeni
1086 2219 1193 2262 viginti
1212 2231 1256 2253 se-

517 2275 601 2313 ptem
616 2280 687 2302 cum
701 2269 841 2304 dimidio.

562 2323 613 2355 11.
631 2323 875 2357 Instrumentum
893 2324 1099 2359 absolutionis
1115 2337 1173 2370 pro
1190 2327 1255 2371 plu-

517 2375 614 2418 ribus,
640 2377 786 2421 capitulo,
803 2378 1018 2419 universitate,
1035 2384 1062 2412 et
1088 2379 1254 2421 similibus,

516 2430 639 2463 notario
655 2436 778 2464 scutum
795 2441 903 2473 unum,
917 2432 1020 2476 sigillo
1034 2433 1099 2466 iulii
1115 2434 1254 2478 quinque

515 2493 586 2515 cum
608 2483 746 2517 dimidio.

560 2535 610 2569 1⁶2.
621 2536 865 2572 instrumentum
879 2538 1085 2573 absolutionis
1094 2551 1165 2573 cum
1175 2541 1255 2574 rein-

515 2588 660 2630 cidentisi,
677 2601 734 2634 pro
755 2601 817 2624 uno
834 2591 898 2625 sive
921 2593 1075 2636 pluribus,
1092 2599 1126 2626 ιιι
1147 2605 1252 2638 supra,

515 2642 638 2676 notario
664 2643 728 2675 iulii
753 2644 900 2688 quinque,
917 2646 1021 2689 sigillo
1037 2647 1195 2681 bononeni
1213 2649 1252 2681 vi-

515 2692 592 2736 ginti
609 2698 728 2737 septem
746 2705 817 2727 cum
835 2695 974 2729 dimidio.

1302 451 1424 484 notario
1443 451 1508 484 iulii
1526 457 1673 495 quatuor,
1690 451 1794 495 sigillo
1812 452 1904 485 iulius
1918 462 2009 485 unus.

1347 504 1397 537 1-4.
1423 505 1669 538 instrumentum
1700 505 1763 539 litis
1793 505 1979 550 pendentiae
2008 505 2039 538 in

1301 557 1399 597 curia,
1416 567 1476 601 pro
1492 567 1556 590 uno
1573 557 1638 590 sive
1654 558 1808 602 pluribus,
1821 563 1855 591 ut
1871 568 2039 602 supramo-

1300 611 1381 645 tario
1399 611 1464 644 iulii
1480 616 1626 655 quatuor,
1643 611 1749 654 sigillo
1765 611 1859 644 iulius
1875 622 1965 645 unus

1345 665 1395 697 15.
1422 665 1622 698 Monitorium
1647 669 1732 699 extra
1756 665 1875 698 curiam
1892 665 2038 709 speciale,

1299 718 1329 750 in
1353 718 1542 758 ordinariis,
1567 718 1660 752 etiam
1692 729 1763 751 cum
1788 718 1984 759 inhibitione,
2007 723 2039 752 et

1298 771 1392 805 etiam
1416 782 1475 815 pro
1499 771 1644 815 pluribus
1668 771 1877 812 consortibus,
1901 772 2037 816 capitulo

1298 825 1344 857 vel
1375 825 1598 861 universitate.
1623 824 1747 858 notario
1778 824 1843 857 iulii
1873 825 2012 869 quinque
2028 852 2036 866 ,

1297 877 1402 920 sigillo
1426 878 1583 911 bononeni
1614 877 1724 920 viginti
1753 882 1873 922 septem
1898 887 1970 911 cum
1994 877 2037 910 di-

1297 930 1402 964 midio.

1346 984 1392 1017 16.
1419 983 1566 1017 inhibitio
1591 984 1621 1016 in
1638 984 1726 1016 curi-a
1744 983 1852 1026 vigore
1879 983 2035 1027 privilegii
2056 973 2058 975 ’

1297 1038 1344 1070 vel
1358 1047 1515 1074 recursus,
1529 1042 1578 1069 aut
1594 1036 1722 1081 praevia
1735 1037 1959 1081 citatione‚p1·o
1972 1047 2036 1070 uno

1298 1090 1345 1122 vel
1362 1089 1506 1133 pluribus
1523 1089 1734 1130 consortibus,
1752 1089 1876 1122 notario
1892 1089 1958 1122 iulii
1972 1094 2036 1122 tres

1296 1153 1367 1175 eum
1385 1142 1527 1181 dimidio,
1543 1142 1647 1186 sigillo
1666 1142 1760 1175 iulius
1771 1151 1861 1174 unus.

1340 1195 1390 1229 ¹17.
1416 1195 1527 1229 Citatio
1551 1201 1638 1228 extra
1655 1195 1774 1228 curiam
1800 1195 1907 1238 vigore
1931 1195 2035 1239 appel-

1295 1249 1430 1290 lationis,
1447 1249 1539 1282 etiam
1556 1259 1628 1282 cum
1653 1249 1848 1289 inhibitione,
1865 1249 1958 1281 etiam
1976 1259 2034 1292 pro

1294 1304 1449 1348 pluribus,
1472 1309 1503 1336 ut
1529 1313 1636 1348 supra,
1653 1303 1776 1336 notario
1794 1303 1859 1335 iulii
1883 1303 2034 1347 quinque,

1295 1359 1398 1403 sigillo
1423 1358 1580 1392 bononeni
1609 1358 1718 1401 viginti
1749 1362 1870 1402 septem
1895 1367 1968 1390 cum
1991 1357 2035 1390 di·

1295 1414 1400 1448 midio.

1339 1467 1389 1501 18.
1415 1469 1616 1502 Monitorium
1635 1479 1692 1513 per
1716 1468 1853 1501 edictum
1876 1472 1963 1501 extra
1983 1478 2035 1502 cu-

1296 1522 1385 1563 riam,
1402 1533 1462 1567 pro
1478 1531 1541 1555 uno
1559 1522 1605 1555 vel
1631 1521 1787 1566 phu—ibus,
1803 1527 1836 1554 ut
1854 1531 1962 1566 supra,
1981 1530 2034 1554 no-

1295 1575 1375 1608 tario
1393 1575 1459 1608 iulii
1477 1581 1597 1620 septem
1615 1586 1687 1609 cum
1703 1575 1844 1616 dimidio,
1861 1574 1965 1618 sigillo
1981 1574 2034 1608 bo-

1294 1629 1408 1662 noncni
1425 1629 1654 1674 vigintiseptem
1671 1640 1743 1663 cum
1759 1629 1899 1663 dimidio.

1338 1683 1389 1717 19.
1408 1683 1598 1717 Remissoria
1613 1693 1670 1727 per
1685 1684 1806 1717 litteras
1821 1683 1943 1717 clausas
1958 1692 2031 1716 cum

1293 1737 1444 1777 articulis,
1469 1747 1528 1781 pro
1551 1746 1616 1770 uno
1640 1737 1687 1770 vel
1705 1736 1860 1781 pluribus,
1876 1741 2031 1780 utsupra,

1293 1790 1417 1824 notario
1441 1791 1508 1824 iulii
1533 1801 1597 1831 sex,
1621 1790 1780 1824 bononeni
1804 1790 1868 1823 duo
1892 1800 1964 1823 cum
1988 1789 2032 1822 di-

1293 1843 1400 1885 midio,
1417 1844 1521 1887 sigillo
1534 1844 1691 1878 bononem
1709 1844 1941 1888 vigintiseptem
1957 1853 2029 1878 cum

1291 1897 1431 1931 dimidio.

1335 1950 1387 1984 ⁶20.
1403 1951 1606 1995 Sequestrum
1617 1956 1705 1985 extra
1720 1951 1851 1991 curiam,
1864 1951 1930 1984 sive
1946 1960 2030 1984 man-

1291 2004 1396 2039 datum
1421 2004 1459 2037 de
1484 2005 1721 2048 sequestrando,
1737 2014 1796 2048 pro
1819 2014 1884 2038 uno
1899 2004 1946 2037 vel
1962 2005 2030 2049 plu-

1290 2057 1388 2098 ribus,
1408 2062 1441 2091 ιιι
1465 2068 1578 2103 supra,
1594 2058 1718 2091 notario
1737 2058 1803 2091 iulii
1826 2058 1975 2102 quinque,
1991 2057 2030 2091 si-

1290 2111 1365 2154 gillo
1382 2111 1538 2145 bononeni
1557 2111 1786 2156 vigintiscptem
1801 2122 1872 2145 cum
1887 2111 2026 2146 dimidio.

1333 2165 1384 2197 ⁶21.
1409 2165 1615 2209 Sequcstrum
1640 2165 1672 2198 in
1685 2166 1783 2206 curia,
1799 2165 1877 2198 nihil
1899 2165 2026 2209 ubique.

1332 2217 1384 2251 ⁶2⁹2.
1408 2218 1652 2252 Instrumentum
1666 2219 1730 2252 litis
1741 2218 1927 2263 pendentiae
1939 2222 2027 2251 extra

1288 2272 1418 2313 curiam,
1436 2282 1494 2316 pro
1518 2282 1581 2306 uno
1605 2273 1653 2305 vel
1677 2272 1831 2317 pluribus,
1853 2275 1889 2305 ut
1911 2282 2025 2316 supra,

1288 2325 1411 2359 notario
1436 2325 1501 2358 iulii
1525 2326 1674 2370 quinque,
1691 2325 1795 2368 sigillo
1810 2324 1968 2358 bononeni
1985 2324 2026 2357 vi-

1288 2378 1489 2423 gmtiseptem
1514 2389 1585 2412 cum
1610 2378 1751 2412 dimidio.

1331 2431 1382 2465 ⁹23.
1414 2433 1660 2466 Instrumentum
1693 2431 1919 2465 declaratoriae
1931 2457 1940 2471 ,
1964 2441 2024 2475 pro

1287 2495 1350 2518 uno
1375 2485 1421 2518 vel
1445 2485 1599 2529 pluribus,
1623 2489 1657 2518 ut
1680 2494 1785 2529 supra,
1809 2483 1934 2517 notario
1957 2483 2024 2517 iulii

1286 2538 1425 2582 quinque
1441 2549 1512 2572 cum
1529 2537 1669 2578 dimidio,
1687 2538 1791 2581 sigillo
1807 2537 1965 2571 bononcni
1983 2536 2024 2570 vi-

1286 2592 1485 2636 gintiscptem
1509 2601 1581 2624 cum
1605 2590 1744 2624 dimidio.
1920 2612 1933 2626 ι

1328 2645 1379 2678 ⁶24.
1404 2644 1580 2678 Mandatum
1594 2644 1814 2688 exequutimm
1831 2649 1904 2688 post
1918 2643 2022 2678 decla-

1284 2699 1430 2740 ratorias,
1453 2709 1512 2743 pro
1536 2708 1599 2732 uno
1624 2699 1671 2732 vel
1696 2699 1850 2744 pluribus,
1866 2703 1901 2733 ut
1915 2708 2020 2744 supra,

2053 297 2103 324 Αιι,
2122 296 2150 325 G.
2168 297 2215 329 181
2225 336 2229 338 q
