2293 3231
77 309 130 338 An.
147 310 177 337 C.
193 308 262 337 1622

92 371 262 396 Quidivtsiouem
277 354 428 400 gationis⁴
450 356 591 391 futurum
617 357 706 398 foret,
726 357 752 391 si
776 356 827 390 illa
852 357 890 391 de
910 362 1014 391 cetero

78 398 262 454 fflss‘eilssffmss'bss
276 420 333 454 per
355 420 453 444 unum
478 410 561 443 illius
585 411 736 444 vicarium
761 411 940 454 generalem
964 422 1014 445 re-

77 449 262 507 {ltnfffflffffiff
277 467 405 506 geretur
429 468 459 497 et
483 463 736 507 gubernaretur).

77 503 133 555 31¹5?
155 504 260 529 ⁹¹⁰⁸⁰⁰²⁰‘
321 515 400 559 §16
416 517 488 556 Nos,
502 516 781 560 supplicationibus
795 516 934 550 eiusdem
947 527 1016 560 pro-

278 569 433 602 curatoris
464 569 619 612 generalis
650 569 776 603 nomine
807 569 898 603 nobis
922 579 1016 613 super

278 622 339 655 hoc
363 621 525 655 humiliter
548 622 702 666 porrectis
727 622 875 663 inclinati,
896 621 1016 654 dilectis

279 674 351 707 filiis
374 684 458 708 nunc
482 674 625 709 existenti
650 675 750 719 priori
771 674 965 719 provinciali,
981 685 1016 707 ac

279 726 346 759 aliis
364 726 582 770 superioribus
606 732 636 760 et
658 727 808 760 fratribus
824 727 925 760 dictae
947 736 1017 760 con-

278 779 492 822 gregationis,
517 780 710 824 praedictam
742 781 771 814 S.
797 779 961 823 Augustini
986 779 1017 811 in

277 831 384 875 plures
408 832 597 876 provincias,
622 838 716 877 prout
739 833 924 872 domorum,
949 842 1018 865 con-

280 890 439 926 ventuum,
456 890 486 918 et
502 886 636 919 aliorum
656 886 850 929 regularium
875 886 1017 918 locorum

279 938 498 982 opportunitas
523 939 680 980 suasisset,
697 939 828 972 arbitrio
852 943 955 972 tamen
972 948 1019 971 ve-

279 991 427 1025 nerabilis
457 992 563 1025 fratris
593 992 692 1025 nostri
723 991 847 1025 Antonii
879 991 1018 1035 episcopi

126 1058 265 1088 Etpctippem-
281 1045 431 1079 Ostiensis
461 1046 628 1079 cardinalis
653 1045 749 1079 Saulii
773 1045 955 1089 nuncupati,
976 1044 1018 1077 di-

81 1090 265 1132 gi'r‘aiii‘ffi'm‘ii']
280 1097 320 1131 cti
345 1098 470 1132 Ordinis
494 1098 576 1143 apud
599 1109 656 1132 nos
683 1101 713 1132 et
736 1097 947 1142 Apostolicam
965 1097 1018 1130 Se-

81 1137 265 1193 {ffiqnstffffissi
280 1151 351 1184 dem
370 1151 568 1195 protectoris,
591 1151 741 1192 dividere,

79 1189 265 1246 ffissss'ss‘ffsszssio'rtl
324 1205 339 1248 ἓ
364 1204 414 1238 17.
439 1206 566 1239 Necnon
590 1215 688 1237 unum
713 1204 864 1238 vicarium
888 1214 1017 1247 genera-

79 1244 265 1300 fflssss‘lffilssgss
279 1258 341 1290 lem
360 1257 499 1290 eiusdem
523 1258 786 1301 congregationis,
804 1257 857 1301 qui
874 1257 932 1301 ipsi
950 1267 1020 1290 con-

81 1295 264 1343 iifiiii'sii'ssnpfflw
279 1310 456 1354 gregationi
480 1315 660 1355 praeesset,
686 1321 818 1354 eamque
842 1316 967 1353 regeret
991 1315 1020 1342 et

280 1364 485 1408 gubernaret,
510 1364 660 1397 canonice
685 1364 802 1407 eligere
826 1364 924 1396 libere
942 1368 972 1396 et
988 1363 1021 1395 li-

280 1417 340 1451 cite
369 1421 498 1461 possent
521 1417 589 1460 (ita
619 1422 744 1458 tamen,
772 1422 807 1450 ut
843 1417 1020 1450 nullatenus

279 1469 509 1515 praeiudicaret
543 1470 756 1514 superioritati
788 1475 818 1503 ct
842 1469 1020 1503 auctoritati

279 1522 395 1567 prioris
419 1522 574 1566 generalis
597 1522 672 1556 dicti
697 1522 831 1563 Ordinis,
849 1522 903 1555 sed
920 1522 1019 1555 eidem

279 1575 415 1609 vicarius
431 1576 633 1621 provincialis
654 1581 685 1610 et
707 1576 821 1610 fratres
840 1575 1021 1609 Discalceati

279 1629 430 1673 praedicti
454 1629 585 1663 subiecti
609 1634 810 1663 remanerent
827 1629 858 1661 in
876 1628 1021 1662 omnibus

280 1685 310 1716 et
332 1692 389 1726 per
413 1682 527 1725 omnia,
557 1682 637 1716 sicut
667 1682 755 1726 prius
778 1682 880 1725 erant)
901 1686 1023 1725 aposto-

280 1735 341 1768 lica
365 1735 550 1769 auctoritate
584 1735 744 1768 licentiam
780 1740 810 1768 et
845 1735 1021 1768 facultatem

282 1787 515 1829 concessimus,
540 1793 570 1822 et
594 1788 746 1832 impartiti
775 1798 903 1829 sumuS,
928 1793 1023 1832 prout

282 1841 315 1874 in
345 1842 461 1875 nostris
496 1841 527 1874 in
564 1841 658 1874 simili
694 1842 796 1875 forma
828 1841 934 1875 Brevis
965 1841 1022 1875 sub

102 1905 210 1936 papaten
222 1910 269 1926 ear·
283 1894 333 1927 die
349 1904 369 1927 v
389 1894 467 1927 iunii
491 1904 611 1928 MDcxxi
636 1894 789 1939 expeditis
813 1894 934 1935 litteris,
951 1905 1023 1938 qua-

57 1962 60 1965 ·
85 1931 270 1988 ggffigffiffldffi
284 1957 356 1980 rum
380 1952 504 1981 tenores
538 1948 756 1992 praesentibus
785 1959 843 1992 pro
868 1948 1023 1992 expressis

86 1985 270 2032 iiipssfffl'm‘ffl‘*
285 1999 394 2033 haberi
417 2001 571 2043 volumus,
595 2001 718 2045 plenius
742 2001 920 2035 continetur
933 2000 952 2033 ².

329 2051 408 2096 §18
421 2053 497 2087 Cum
510 2059 624 2095 autem,
639 2055 719 2088 sicut
732 2054 922 2098 accepimus,
936 2065 1023 2098 prae-

285 2105 385 2139 dictus
402 2107 553 2140 Antonius
569 2107 735 2152 episcopus
751 2111 782 2142 et
798 2107 975 2148 cardinalis,
992 2108 1023 2140 in

286 2159 347 2192 vim
379 2164 410 2192 et
439 2160 679 2204 exequutionem
704 2161 881 2194 litterarum
906 2166 1025 2194 nostra-

286 2223 357 2245 rum
384 2213 574 2254 huiusmodi,
603 2213 775 2257 capitulum
802 2214 948 2256 generale
975 2213 1024 2246 de-

286 2275 380 2308 super
411 2265 563 2298 celebrari
587 2265 801 2307 mandaverit,
827 2271 857 2298 et
876 2265 1023 2300 dilectum

285 2318 385 2352 filium
403 2319 580 2352 Gabrielem
600 2319 638 2351 de
654 2319 863 2363 Conceptionc
884 2319 1023 2352 eiusdem

286 2372 539 2416 congregationis
573 2378 812 2416 procuratorem
845 2373 1023 2416 generalem

286 2425 318 2458 in
334 2425 514 2459 huiusmodi
527 2425 652 2469 capituli
670 2426 824 2468 generalis
848 2426 1025 2469 praesiden-

287 2483 350 2513 tem
374 2479 521 2522 elegerit,
550 2478 747 2512 constituerit
766 2483 796 2513 et
818 2478 1024 2523 deputaverit,

287 2531 364 2565 dans
377 2532 422 2565 illi
434 2531 651 2566 auctoritatem
665 2531 823 2565 dividendi
836 2533 1024 2576 provincias,

287 2589 382 2628 prout
412 2585 548 2629 capitulo
582 2585 720 2628 generali
745 2585 906 2629 praedicto
930 2596 1023 2630 expe-

325 2658 335 2683 1
354 2655 429 2683 Adde
444 2657 559 2690 bonum,
576 2657 617 2684 vel
631 2656 695 2692 quid
710 2655 797 2684 simile
812 2658 849 2691 (n.
861 2657 911 2691 T.).

323 2700 340 2727 2
353 2700 424 2729 Istae
437 2708 491 2729 non
505 2701 632 2739 leguntur
645 2702 673 2730 in
687 2700 821 2730 Bulaeario
835 2701 873 2737 (R.
889 2700 938 2737 τ.).

884 310 1061 334 GREGORIUS
1085 310 1126 334 XV
1152 309 1199 333 Pr.

1687 296 1750 331 735
1795 307 1843 333 Aa,
1860 305 1888 332 c.
1915 304 1982 332 1622

1047 357 1114 390 dire
1130 357 1230 390 visum
1250 356 1367 397 suisset,
1386 360 1481 400 prout
1497 355 1529 388 in
1545 355 1643 399 ipsius
1660 354 1783 388 Antonii

1048 410 1187 454 episcopi
1201 416 1230 443 et
1244 409 1409 443 cardinalis
1424 409 1560 453 desuper
1573 407 1722 441 confectis
1735 418 1785 451 pa-

1047 463 1184 497 tentibus
1205 462 1317 496 litteris
1338 462 1460 506 plenius
1482 461 1596 494 dicitur
1611 460 1784 499 contineri;

1093 517 1107 559 ἓ
1131 515 1183 548 19.
1201 516 1234 548 ln
1252 515 1388 559 capitulo
1405 520 1508 547 autem
1527 514 1665 557 generali
1682 513 1786 546 huius-
1815 551 1818 554 Δ
1844 524 1865 545 in
1881 530 1922 551 quo
1937 530 1983 550 pm.

1049 568 1133 602 modi
1150 568 1282 601 dilectus
1298 568 1381 600 filius
1398 568 1607 611 Hieronymus
1624 566 1662 599 de
1676 566 1787 599 Resur-
1801 554 1985 614 l'3ss322.„1⁵²¹ffiil

1049 623 1197 663 rectione,
1218 622 1316 666 ipsius
1341 620 1594 664 congregationis
1618 620 1786 664 professor,
1802 607 1985 652 ffss'fflilffldst'.

1050 674 1081 707 in
1098 674 1236 707 eiusdem
1251 674 1503 717 congregationis
1520 672 1672 706 ricarium
1694 682 1786 715 genc-

1050 727 1148 760 ralem
1166 727 1282 760 electus
1299 726 1402 767 fuerit,
1418 737 1453 759 ac
1469 725 1628 770 praedicta
1645 725 1673 758 S.
1688 725 1790 767 Augu-

1051 779 1121 812 stini
1136 779 1167 812 in
1181 784 1316 823 quatuor
1330 778 1516 823 provincias,
1534 777 1677 811 videlicet
1689 777 1718 810 S.
1733 778 1791 810 Au-

1051 831 1167 874 gustini
1182 832 1213 864 in
1230 831 1335 875 regnis
1348 831 1496 865 Castellac
1509 840 1608 863 novae
1625 835 1653 862 et
1667 829 1790 869 veteris,

1052 885 1083 918 B.
1109 885 1222 918 Mariae
1254 885 1291 917 de
1321 885 1403 917 Pilar
1430 884 1462 916 in
1487 884 1592 927 regnis
1616 883 1791 926 Aragoniae

1052 942 1083 970 et
1098 938 1306 978 Cathaloniae,
1322 938 1405 971 beati
1422 938 1559 971 Thomae
1576 936 1613 970 de
1631 936 1791 969 Villanova

1053 990 1083 1022 in
1108 990 1213 1033 regnis
1237 990 1394 1023 Valentiae
1412 995 1442 1023 et
1461 990 1612 1030 Baeticae,
1633 999 1669 1022 ac
1693 988 1790 1022 sancti

1052 1043 1171 1076 Nicolai
1195 1043 1233 1076 de
1257 1043 1419 1076 Tolentino
1443 1043 1475 1076 in
1495 1042 1590 1076 Indiis
1606 1040 1791 1086 Philippinis

1053 1096 1160 1137 divisa,
1184 1106 1306 1130 necnon
1331 1101 1465 1145 quatuor
1489 1095 1708 1140 provinciales,
1728 1093 1791 1127 alii-

1053 1160 1114 1193 que
1138 1149 1286 1183 officiales
1310 1149 1479 1182 necessarii
1503 1149 1614 1188 electi;

1098 1202 1113 1245 ξ
1137 1202 1188 1235 ⁶20.
1207 1203 1243 1235 Et
1262 1202 1476 1246 postmodum,
1493 1213 1552 1246 pro
1572 1201 1653 1234 felici
1670 1212 1705 1234 ac
1722 1211 1791 1245 pro·
1824 1212 1957 1232 rosmodam
1969 1218 1988 1231 ‚n

1054 1265 1148 1299 spero
1173 1255 1271 1299 ipsius
1304 1255 1557 1298 congregationis
1586 1254 1739 1297 regimine
1763 1257 1792 1287 et
1805 1239 1898 1285 ‘iiii'r'iulo
1908 1239 1990 1285 ruffilli

1054 1319 1235 1352 progressu,
1249 1308 1486 1342 constitutiones
1510 1312 1540 1342 et
1563 1308 1688 1340 decreta
1711 1307 1792 1340 edita
1807 1292 1907 1339 effla-ia,
1929 1294 1991 1317 ''m'‘

1054 1362 1228 1406 respective
1259 1362 1396 1404 suerint,
1422 1362 1538 1396 tenoris
1574 1361 1792 1406 subsequentis

1054 1416 1216 1449 videlicet:

1099 1470 1114 1513 5
1136 1469 1188 1501 0211.
1206 1469 1294 1508 Quod
1312 1479 1421 1502 omnes
1438 1469 1617 1509 electiones,
1637 1473 1699 1503 tam
1717 1469 1795 1502 vica·
1823 1476 1993 1524 'chgffgtatfiffi

1055 1521 1093 1554 rii
1110 1521 1275 1564 generalis,
1292 1521 1494 1554 definitorum
1510 1526 1540 1554 et
1552 1526 1793 1565 procuratorum
1810 1510 1933 1551 iaiieiidale

1056 1575 1250 1618 generalium
1263 1575 1421 1608 Romanae
1441 1575 1547 1608 curiae
1575 1586 1610 1608 ac
1633 1576 1748 1618 regiae,
1766 1581 1796 1608 et

1056 1628 1216 1662 secretarii
1241 1629 1406 1671 generalis,
1435 1639 1529 1673 quam
1553 1629 1697 1673 priorum
1721 1640 1796 1672 pro-

1056 1682 1235 1715 vincialium
1261 1687 1290 1715 et
1314 1686 1524 1715 conventuum
1539 1709 1547 1723 ,
1572 1687 1796 1726 rectorumque

1056 1735 1274 1778 collegioriun,
1291 1735 1367 1768 fiant
1384 1735 1416 1768 in
1432 1735 1576 1779 capitulis
1595 1735 1796 1778 generalibus

1056 1793 1119 1821 tam
1144 1798 1181 1821 ex
1205 1788 1422 1832 praesentibus
1447 1799 1540 1832 quam
1561 1799 1598 1822 ex
1615 1789 1796 1822 absentibus

1056 1840 1309 1884 congregationis
1317 1851 1324 1881 ;

1101 1894 1116 1937 g
1136 1893 1187 1927 22.
1205 1893 1281 1926 Item
1300 1893 1384 1937 quod
1403 1893 1536 1927 vicarius
1557 1894 1713 1937 generalis
1739 1894 1795 1927 toti
1868 1903 1903 1933 Dev
1922 1902 1994 1932 vicarii

1057 1947 1293 1990 congregationi
1307 1947 1433 1991 praesit,
1449 1958 1580 1991 eamque
1594 1952 1684 1991 regat
1703 1952 1795 1991 atque
1811 1930 1996 2002 1⁸3⁰ssmclt'sinci'i'fi3f

1057 2001 1210 2044 gubernet
1234 2011 1306 2034 cum
1331 2001 1513 2035 omnimoda
1532 2005 1695 2045 potestate,
1717 2002 1797 2034 sicut
1811 1986 1889 2030 iiiiifm
1904 1988 1997 2003 auem

1057 2055 1152 2088 habet
1175 2054 1457 2088 reverendissimus
1480 2060 1571 2099 pater
1595 2055 1750 2097 generalis
1765 2055 1797 2087 in

1057 2112 1122 2141 toto
1147 2107 1273 2148 Ordine,
1294 2112 1357 2140 tam
1386 2118 1422 2141 ex
1448 2108 1516 2141 iure
1544 2119 1638 2152 quam
1667 2119 1703 2141 ex
1732 2109 1796 2152 pri-

1057 2161 1196 2204 vilegiis,
1222 2160 1288 2193 sine
1313 2164 1415 2194 tamen
1439 2161 1633 2205 praeiudicio
1658 2161 1796 2194 eiusdem

1057 2214 1153 2257 patris
1178 2214 1343 2257 generalis,
1362 2219 1392 2247 et
1415 2214 1595 2247 facultatum
1621 2214 1679 2246 sibi
1703 2214 1735 2247 in
1751 2214 1799 2247 di-

1057 2271 1138 2300 ctam
1150 2267 1428 2310 congregationem
1442 2277 1662 2300 concessarum
1676 2272 1706 2300 ct
1717 2278 1798 2301 com-

1057 2319 1243 2363 petentium,

1102 2373 1117 2416 ἓ
1141 2372 1192 2406 23.
1218 2373 1306 2412 Quod
1325 2373 1464 2406 officium
1493 2378 1524 2406 ct
1553 2378 1690 2417 potestas
1718 2373 1798 2406 vica·
1839 2381 1868 2410 De
1884 2381 1996 2418 mira-nono

1057 2425 1096 2458 rii
1121 2426 1276 2469 generalis
1301 2436 1358 2469 per
1375 2436 1428 2458 sex
1445 2436 1542 2459 annos
1562 2426 1663 2467 duret,
1684 2426 1797 2470 quibus
1812 2408 1996 2460 {gifessgli‘s-mum

1057 2478 1163 2520 sinitis,
1180 2489 1218 2512 eo
1237 2479 1303 2522 ipso
1320 2479 1403 2512 illius
1427 2483 1566 2523 potestas
1581 2484 1611 2512 ct
1628 2480 1797 2513 auctoritas

1058 2531 1117 2564 alia
1130 2531 1343 2565 renuciatione
1366 2532 1496 2575 expiret,
1510 2536 1541 2565 et
1558 2532 1675 2576 absque
1699 2543 1798 2567 novus

1059 2585 1193 2618 vicarius
1216 2585 1371 2628 generalis
1395 2585 1540 2628 eligatur,
1559 2589 1600 2626 et,
1616 2585 1675 2619 nisi
1701 2586 1798 2619 inter-

1058 2638 1154 2671 misso
1177 2638 1238 2672 alio
1259 2638 1416 2680 sexennio,
1441 2639 1555 2672 iterum
1587 2639 1619 2672 in
1644 2639 1795 2674 vicarium
1831 2671 1834 2673 .

1057 2692 1236 2737 generalem
1260 2702 1323 2726 non
1346 2692 1499 2737 eligatur;
