2293 3231
891 264 987 290 mnex
1010 262 1119 290 neuun
1660 252 1724 287 833

327 318 388 354 bus
411 317 491 353 votis
516 316 708 352 solemnibus
733 316 894 357 elevatur,
920 315 997 350 ibid.
1022 315 1190 359 Privilegia
1217 314 1348 349 aliorum
1366 313 1522 350 Ordinum
1547 313 1592 349 illi
1609 323 1769 356 concessa,

328 373 391 407 780
417 373 444 406 b.

241 427 450 470 Congregaiio
475 427 575 459 sancti
600 425 785 468 Hieronymi
810 424 1014 464 Iesuatoruin,
1040 424 1098 457 731
1120 434 1148 456 a.
1166 423 1241 457 Eius
1266 423 1434 466 privilegia
1451 423 1552 466 quoad
1578 431 1683 456 curam
1705 423 1770 455 ani-

329 489 468 521 marum7
504 480 628 513 ibidem.
666 480 841 514 Novitiatns
877 478 915 511 ad
953 477 1063 510 aedem
1089 480 1266 510 sanctornm
1298 476 1425 509 loannis
1450 479 1478 508 et
1512 475 1598 509 Pauli
1623 475 1662 508 (le
1688 475 1770 508 Urbe

330 536 464 574 erectus,
491 534 554 566 81⁶2
579 545 607 566 a.
633 534 842 567 Confirmatur
866 540 883 564 a
909 530 1061 571 Gregorio
1086 529 1156 570 XV,
1178 529 1240 562 812
1258 529 1284 561 Ι),

241 587 450 630 Congregatio
476 587 611 629 concilii,
628 587 692 620 660
710 586 738 620 Ι),·
756 587 856 628 ipsius
881 584 1010 617 (leci-eta
1027 583 1066 616 dc
1085 584 1251 626 exemptis,
1271 581 1348 614 ibid.
1366 581 1515 615 Decernit
1533 582 1677 622 xit-arios,
1698 590 1770 624 cap-

329 639 488 683 pellanos,
512 642 700 683 ceterosque
724 637 855 671 militiae
872 637 902 669 S.
919 636 1045 669 loannis
1070 634 1350 677 Ilierosolimytani
1374 635 1587 668 inservientes
1612 643 1706 677 posse
1731 633 1770 667 ab

330 690 509 725 Ordinariis
534 691 673 725 locorum
698 694 856 734 tamqnam
881 688 1081 732 Apostolicae
1105 688 1196 721 Sedis
1221 687 1376 730 delegatis
1400 688 1531 729 visitari,
1552 687 1616 720 765
1641 686 1667 719 b.

243 743 510 779 Conservatorum
535 744 676 778 iudicum
696 743 869 776 electiones
893 744 1082 774 remeantur
1106 743 1136 773 et
1161 740 1240 773 aliae
1261 740 1531 784 praescribuntur,
1550 740 1612 773 596
1630 740 1647 772 b
1665 743 1693 773 et
1709 750 1770 784 seq.

340 796 416 830 Vide
439 797 566 832 ludices
589 799 837 830 conservatores

243 850 482 885 Constantiense
506 850 675 883 concilium
700 850 841 893 tyrannis
865 847 982 880 inferre
1006 855 1118 879 manus
1141 854 1203 878 non
1228 845 1325 877 licere
1349 842 1543 884 declaravit,
1570 843 1633 876 296
1658 852 1687 875 a.

243 902 465 937 Constantinus
489 901 673 943 Caietanus,
698 901 829 936 Ordinis
854 900 884 933 S.
909 899 1093 940 Benedicti,
1119 899 1249 943 hospitii
1273 897 1461 940 Gregoriani
1492 898 1524 930 in
1555 896 1639 930 Urbe
1671 898 1770 930 erecti

331 966 387 999 pro
412 957 560 989 universo
585 954 695 988 ordine
714 954 992 987 Benedictinorum
1017 955 1185 995 promotor,
1201 950 1263 984 538
1281 961 1309 983 a.
1334 949 1450 984 Domus
1475 953 1505 983 et
1528 950 1673 983 aedificia
1697 950 1773 983 emit

330 1018 387 1051 pro
411 1008 495 1042 dicto
519 1007 665 1051 hospitio,
691 1007 800 1051 illique
824 1015 881 1039 sua
904 1005 1009 1045 donat,
1034 1005 1097 1036 539
1123 1014 1151 1037 a.
1177 1003 1366 1038 Praesidens
1384 1007 1414 1037 et
1430 1004 1575 1046 superior
1599 1006 1772 1046 perpetuus

333 1060 373 1094 ad
389 1062 486 1094 vitam
503 1060 561 1094 sub
576 1061 663 1094 titulo
680 1060 872 1093 fundationis
888 1059 1070 1099 instituitur,
1088 1057 1151 1090 542
1171 1068 1210 1097 a;
1235 1056 1310 1090 l'ide
1333 1055 1512 1100 Hospitium
1529 1055 1771 1099 Gregorianum.

245 1113 455 1147 Covarruvias
479 1113 551 1146 vide
575 1113 739 1147 Antonius.

243 1166 419 1199 Coutinhou
433 1166 499 1209 (de)
517 1166 639 1208 Petrus,
656 1165 911 1208 Portugallensis‚
928 1164 1132 1197 seminarium
1150 1163 1323 1206 Anglorum
1344 1164 1374 1195 in
1392 1163 1518 1195 civitate
1535 1161 1772 1205 Ulyssiponensi

333 1218 493 1261 fundavit,
518 1218 582 1251 740
606 1229 635 1251 α.

241 1270 412 1306 Cracoviae
437 1276 544 1307 erecta
567 1273 745 1307 studiorum
769 1273 974 1313 universitas,
1001 1271 1063 1305 222
1087 1270 1114 1305 b.
1145 1269 1181 1304 Ei
1206 1269 1355 1303 nonnulla
1380 1277 1546 1309 concessa,
1576 1268 1772 1302 confirmata-

332 1336 394 1371 que
418 1328 602 1371 privilegia,
629 1326 706 1360 ibid.

245 1381 421 1424 cuzolinus,
444 1380 517 1414 vide
541 1380 703 1424 Sylvester
728 1379 799 1424 (B.).

995 1502 1022 1536 D

247 1622 388 1657 Danielis
414 1621 471 1666 (S.)
497 1620 639 1655 Castrum
665 1619 878 1663 Aquileiensis
902 1618 1068 1659 dioecesis,
1093 1615 1162 1649 ride
1186 1615 1411 1660 Aquileiensis.

247 1678 372 1711 Datium
397 1677 539 1710 macinae
560 1684 577 1707 a
603 1674 720 1707 Senatu
745 1672 864 1705 Veneto
890 1671 1071 1713 impositum
1096 1669 1205 1702 eastris
1230 1668 1260 1701 S.
1285 1665 1426 1700 Danielis
1451 1669 1482 1699 et
1506 1665 1536 1699 S.
1562 1663 1634 1703 Viti,
1659 1665 1720 1698 477
1745 1664 1774 1699 b:

335 1734 366 1764 et
388 1731 419 1763 in
444 1728 523 1763 urbe
548 1727 717 1762 Genetensi
743 1725 805 1760 444
829 1735 868 1765 α;
894 1727 1062 1767 utrumque
1087 1723 1226 1755 irritatur
1250 1729 1266 1753 a
1292 1719 1387 1753 Paulo
1413 1718 1451 1761 V,
1476 1717 1555 1752 ibid.

246 1785 447 1819 Dementium
472 1784 504 1816 in
528 1781 607 1816 urbe
631 1781 730 1814 Roma
754 1778 919 1822 hospitale,
945 1777 1007 1810 800
1032 1776 1058 1809 b.
1084 1774 1258 1809 Cardinalis
1283 1773 1470 1817 protectoris
1495 1781 1577 1817 quae
1602 1773 1663 1806 sint
1680 1772 1777 1805 facul-

336 1841 426 1877 tates,
454 1836 534 1870 ibid.

247 1892 332 1934 Diaz,
356 1890 428 1925 vide
452 1890 619 1924 Antonius.

246 1944 416 1978 Doctrinae
441 1943 632 1976 christianae
658 1941 862 1984 congregatio
886 1939 1004 1972 Romae
1025 1938 1056 1969 in
1074 1935 1208 1969 ecclesia
1225 1938 1352 1969 sanetae
1370 1933 1514 1977 Agathae
1531 1937 1653 1974 erecta,
1672 1932 1734 1966 618
1751 1932 1777 1965 b.

335 1995 536 2040 Dispensatio
561 1997 640 2036 voti,
666 1993 749 2039 quod
775 1991 957 2026 huiusmodi
981 1990 1088 2024 elerici
1113 1990 1256 2023 emittere
1281 1987 1383 2021 solent
1408 1988 1438 2020 in
1464 1996 1501 2020 ea
1524 1985 1684 2021 manendi.
1702 1985 1778 2019 Pon-

337 2049 413 2082 tifici
437 2048 576 2082 Romano
600 2050 797 2086 reservatur,
824 2044 900 2077 ibid.

250 2102 386 2136 Dolonse
411 2102 563 2146 oppidum
587 2102 770 2146 provinciae
794 2097 1018 2142 Burgundiae,
1045 2096 1060 2128 1
1088 2095 1123 2132 b:
1149 2093 1227 2128 inibi
1252 2095 1442 2128 universitas
1466 2092 1640 2127 studiorum
1664 2096 1778 2133 erecta,

342 2156 354 2188 l
385 2155 411 2188 b.
436 2155 562 2189 Iesuitis
589 2164 626 2188 ac
651 2153 799 2188 fratribus
831 2151 961 2186 Ordinis
986 2150 1186 2183 Minimorum
1210 2149 1359 2190 vetitum,
1389 2149 1558 2192 quominus
1582 2147 1613 2179 in
1638 2144 1778 2189 proxima

339 2210 466 2242 civitate
489 2207 651 2242 Bisuntina
675 2217 728 2241 eas
758 2205 921 2240 facultates
952 2203 1079 2246 legant,
1105 2211 1186 2246 quae
1209 2203 1241 2235 in
1266 2201 1471 2235 universitate
1495 2199 1623 2233 Dolensi
1649 2198 1712 2242 legi
1735 2207 1781 2230 so-

340 2259 422 2301 lent,
448 2260 467 2294 2
492 2270 521 2292 a.

251 2313 435 2347 Dominieus
459 2312 715 2357 archiepiscopus
735 2311 917 2355 Sipontiuus
933 2309 1130 2352 provinciam
1148 2309 1355 2342 Eremitarum
1373 2307 1403 2341 S.
1421 2306 1591 2350 Augustini
1605 2304 1780 2339 Discalcea-

338 2370 440 2400 torum
463 2368 646 2400 auctoritate
671 2363 841 2409 apostolica
866 2365 976 2397 eximit
996 2371 1014 2396 a
1038 2361 1193 2405 gubernio
1218 2362 1349 2396 fratrum
1373 2360 1599 2401 Calceatorum‚
1625 2359 1688 2393 732
1714 2369 1743 2391 a.

1010 2487 1035 2521 E

251 2606 481 2642 Ecclesiasticis
504 2604 589 2640 bona
612 2603 782 2639 haereticis
815 2603 919 2638 locare
951 2605 983 2638 in
1014 2602 1155 2637 dominio
1186 2599 1365 2636 archiducis
1399 2599 1545 2634 Austriae
1580 2596 1781 2642 prohibetur,
1815 2618 1819 2620 -

342 2661 404 2695 309
429 2660 457 2694 b.

392 2722 470 2749 Bull.
486 2721 571 2750 Rom.
587 2736 621 2741 --
639 2720 698 2748 Vol.
715 2719 780 2747 XII.
925 2718 975 2747 105
