2293 3231
538 276 601 311 828
1086 278 1260 304 anLARwu
1285 276 1436 302 aonium

1246 384 1270 419 B

495 499 644 533 Baronius
670 495 781 539 (card.)
807 494 942 535 Caesar,
967 493 1030 526 609
1055 503 1092 527 a:
1126 491 1205 525 vidit
1237 494 1268 525 et
1299 489 1447 534 probavit
1476 487 1603 533 regulas
1630 488 1894 533 Cougregationis
1923 487 2030 523 Matris

580 550 637 584 Dei
664 549 766 582 Lucae
792 549 937 591 primitus
963 549 1100 586 erectae,
1123 544 1203 577 ibid.

496 603 681 638 Bellobonus
699 601 832 635 Ioannes
848 601 997 644 Baptista,
1014 598 1170 632 ecclesiae
1187 598 1217 631 S.
1233 596 1355 631 Nicolai
1372 598 1403 631 in
1420 596 1532 641 Agoue
1549 597 1724 640 nuncupati
1744 595 1785 630 de
1800 594 1886 630 Urbe
1909 598 2030 638 rector,

580 657 639 689 741
668 656 693 689 b.
721 655 823 699 Ipsius
848 653 935 688 obitu
961 657 1052 687 vacat
1077 651 1215 686 ecclesia
1241 650 1303 694 illa,
1328 649 1405 684 ibid.

494 710 657 744 Benedicti
677 710 731 753 (S.)
764 708 867 749 Ordo,
893 707 956 741 538
977 718 1006 740 a.
1032 706 1213 750 Hospitium
1238 714 1294 749 pro
1320 703 1435 738 eodem
1452 711 1469 737 a
1489 702 1645 746 Gregorio
1661 701 1717 736 XV
1740 702 1860 737 Romae
1881 705 2033 743 erectum,

581 763 656 795 ibitl.
682 761 854 804 Privilcgia
879 760 1062 795 huiusmodi
1087 759 1224 803 hospitio
1248 767 1417 800 concessa,
1443 757 1601 792 541-543.

494 816 654 850 Benedicti
680 820 710 849 et
735 814 949 849 Scholasticae
975 814 1048 858 (Ss.)
1074 812 1320 848 confraternitas
1344 811 1511 855 utriusque
1537 820 1634 844 sexus
1658 810 1802 844 instituta
1833 810 1865 844 in
1897 807 2034 844 ecclesia

582 870 612 902 S.
637 868 797 903 Eustachii
823 868 862 902 de
888 867 991 910 Urbe,
1017 868 1080 901 338
1106 878 1135 900 (1.
1167 865 1215 900 llli
1240 864 1405 899 facultates
1433 874 1624 908 concessae,
1650 864 1728 898 ibid.
1762 863 1924 898 Indultum
1953 862 2035 898 libe-

583 922 673 956 randi
705 923 873 967 quotannis
905 931 1002 956 unum
1033 920 1212 964 capitaliter
1244 919 1508 961 condemnatum,
1535 919 1597 953 338
1623 919 1651 952 b.
1682 919 1958 962 Indulgentiarum
1988 917 2034 951 illi

582 976 745 1019 elargitio,
771 975 835 1010 339
855 986 874 1008 α
899 979 928 1009 et
955 975 982 1008 b.
1008 974 1149 1018 Erigitur
1172 975 1203 1007 in
1228 972 1626 1015 archiconsraternitatem,
1642 972 1707 1006 789
1727 982 1763 1012 a;
1789 981 1861 1006 cum
1885 970 2033 1006 facultate

583 1030 660 1064 alias
685 1030 959 1064 confraternitates
983 1028 1046 1063 sibi
1071 1028 1287 1073 aggregandi,
1315 1027 1378 1061 789
1404 1027 1432 1060 b.

493 1084 683 1118 Benedictus
708 1085 878 1128 episcopus
904 1083 1130 1117 Praenestinus
1163 1080 1335 1116 cardinalis
1367 1081 1564 1114 Iustinianus
1594 1078 1777 1114 scholarum
1808 1080 1934 1123 piarum
1965 1087 2035 1122 pro-

581 1141 690 1178 tector,
717 1136 813 1171 243b
837 1141 869 1171 ct
893 1136 1009 1171 deinde
1035 1136 1298 1180 Congregationis
1323 1134 1508 1169 Scholarum
1532 1133 1661 1168 Piarum
1686 1133 1750 1167 384
1774 1132 1802 1166 b.

493 1191 642 1225 Benettus
665 1191 810 1231 Ioannes,
836 1189 913 1224 cleri
939 1190 1107 1232 Anglicani
1131 1189 1216 1233 apud
1241 1189 1358 1223 Sedem
1383 1188 1597 1232 Apostolicam
1621 1196 1730 1229 agens,
1755 1187 1820 1220 740
1844 1197 1874 1219 a.

493 1243 643 1278 Bernardi
661 1244 717 1287 (S.)
736 1244 942 1287 congregatio
959 1243 1070 1277 Italiae
1086 1241 1219 1278 Ordinis
1239 1241 1512 1283 cisterciensium,
1531 1241 1594 1274 20⁶2
1615 1240 1641 1274 b.
1658 1239 1822 1274 Monaehis
1841 1239 1901 1273 sub
1922 1238 2035 1274 inobe-

580 1297 720 1331 dientiae
745 1302 775 1331 et
801 1298 1141 1331 excommunicationis
1165 1304 1269 1340 poena
1287 1297 1429 1336 vetitum,
1448 1296 1619 1339 quominus
1636 1294 1761 1327 favores
1777 1303 1835 1337 pro
1851 1292 2035 1326 obtinendis

580 1352 662 1385 intra
692 1352 976 1395 congregationem
1011 1350 1166 1394 gradibus
1198 1350 1388 1394 exquirant,
1415 1347 1492 1382 ibid.
1522 1352 1553 1382 et
1581 1358 1643 1392 seq.
1682 1346 1760 1381 Vide
1790 1347 1886 1380 etiam
1913 1345 2033 1381 Cister-

582 1405 738 1439 ciensium
763 1403 861 1440 Ordo.

495 1457 675 1493 Bernartius
696 1458 866 1493 cardinalis
891 1458 932 1492 de
949 1457 1049 1493 Roras
1071 1457 1133 1502 (rel
1157 1458 1197 1492 de
1221 1457 1338 1501 Royas)
1364 1456 1629 1500 archiepiscopus
1649 1454 1821 1489 Toletanus
1844 1463 1945 1489 novos
1969 1463 2038 1498 pro-

582 1522 692 1546 cessus
715 1521 814 1556 super
838 1512 1009 1546 virtutibus
1036 1515 1068 1545 et
1091 1511 1254 1545 miraculis
1278 1511 1364 1544 beati
1388 1510 1502 1544 Isidori
1528 1508 1688 1552 agricolae
1709 1509 1898 1543 auctoritate
1914 1511 2038 1553 aposto·

582 1565 640 1599 liczi
666 1566 826 1607 efformat,
855 1565 916 1599 488
942 1565 968 1599 b.
993 1565 1072 1599 ltem
1097 1565 1128 1598 iu
1154 1573 1251 1598 eausa
1275 1563 1521 1597 canonizationis
1546 1562 1576 1596 S.
1602 1561 1793 1604 Theresiae,
1821 1562 1885 1596 679
1909 1572 1939 1595 α.

493 1618 672 1653 Bernartius
697 1620 789 1653 Gazzi
813 1618 944 1654 Ordinis
969 1618 1204 1653 tarthusiensis
1230 1621 1416 1662 procurator
1439 1615 1610 1661 generalis,
1634 1616 1698 1650 790
1723 1627 1752 1650 a.

494 1673 617 1707 Berulle
642 1673 708 1717 (de)
733 1674 853 1715 Petrus
880 1672 954 1707 vide
977 1673 1102 1707 Petrus.

492 1726 687 1761 Bibliotheca
714 1727 939 1768 Ambrosiam,
966 1727 1025 1760 201
1054 1737 1083 1760 a.
1110 1727 1136 1760 A
1156 1726 1318 1760 Fridelico
1335 1724 1491 1760 cardinali
1515 1724 1707 1759 Borromaeo
1731 1727 1931 1769 comparata,
1956 1722 2035 1758 ibid.

582 1779 753 1814 Doctorum
777 1781 950 1825 collegium
975 1781 1007 1814 in
1034 1789 1073 1813 ca
1096 1781 1284 1816 institutum
1311 1779 1388 1813 ibid.
1406 1779 1486 1813 Tum
1510 1779 1657 1813 doctores
1681 1778 1809 1823 collegii
1834 1783 1900 1813 tum
1923 1776 2035 1812 biblio-

585 1834 695 1868 thecae
720 1839 960 1869 conservatores
986 1834 1223 1869 ecclesiasticos
1240 1843 1313 1868 esse
1331 1833 1451 1867 debere
1476 1833 1668 1874 decernitur,
1696 1832 1759 1866 20⁵2
1775 1843 1805 1866 α.

496 1886 659 1921 Bisuntina
683 1889 877 1923 universitas
907 1888 1086 1923 studiorum
1117 1892 1224 1923 erecta
1256 1886 1454 1932 temporibus
1486 1886 1534 1920 Pii
1566 1886 1591 1919 V
1623 1890 1654 1920 et
1683 1886 1764 1919 sixti
1795 1885 1838 1927 V,
1870 1885 1887 1919 1
1921 1895 1969 1928 a.,
1999 1893 2035 1919 ac

585 1945 694 1984 postea
718 1951 734 1975 a
759 1942 814 1976 Pio
840 1942 863 1975 V
889 1946 920 1976 et
943 1942 1096 1986 Gregorio
1120 1940 1189 1975 xlv
1214 1950 1401 1985 suppressa,
1427 1942 1442 1974 1
1470 1941 1496 1974 b.
1522 1940 1642 1974 Horum
1674 1940 1840 1974 decretum
1871 1940 2037 1973 confirmat

584 1994 699 2028 Paulus
725 1995 770 2037 V,
797 1996 815 2029 2
839 2006 869 2029 α.
894 1995 1060 2030 Inhibctur
1084 1997 1181 2030 etiam
1203 1995 1330 2030 lesuitis
1355 1999 1385 2029 et
1408 1994 1546 2029 Miuiinis
1571 1993 1650 2028 inibi
1675 1993 1792 2028 docere
1817 1992 1946 2038 publice
1966 1992 2038 2037 phi-

585 2046 759 2090 losophiam
783 2052 814 2082 et
839 2048 1044 2092 theologiam,
1071 2048 1134 2083 202
1159 2048 1185 2082 b.

496 2098 716 2134 Bonaventura
734 2101 868 2145 (Frater)
890 2102 1094 2146 Cat-panzano
1119 2102 1250 2138 Ordinis
1275 2102 1433 2136 Minorum
1457 2101 1724 2136 Conventuatium
1742 2103 1928 2145 procurator
1942 2108 2038 2143 gene·

586 2152 676 2194 ralis,
701 2154 764 2187 385
789 2165 818 2187 α.
839 2153 971 2189 Obtinet
989 2155 1128 2189 Minores
1144 2155 1376 2191 Conventuales
1401 2165 1494 2200 posse
1519 2155 1620 2189 semel
1645 2157 1677 2189 iu
1702 2163 1812 2189 mense
1835 2154 1978 2188 osticium
1995 2152 2036 2186 de

586 2208 616 2239 S.
642 2207 810 2241 Francisco
834 2208 1022 2247 celebrare,
1048 2210 1110 2243 385
1136 2210 1162 2243 Ι).

499 2259 738 2295 Bonaventurae
765 2263 820 2306 (S.)
847 2262 1021 2307 Collegium
1048 2264 1088 2297 de
1113 2263 1197 2298 Urbe
1222 2267 1362 2298 erectum
1395 2274 1451 2308 pro
1482 2262 1596 2297 studiis
1619 2263 1750 2296 fratrum
1774 2261 1932 2296 Minorum
1956 2259 2037 2294 Con-

588 2315 781 2349 ventualium
807 2325 865 2359 per
889 2318 1013 2351 Sixtum
1038 2316 1096 2351 PP.
1124 2316 1158 2359 V,
1183 2317 1246 2350 478
1264 2328 1293 2350 α.
1310 2316 1359 2351 Ad
1372 2318 1472 2351 instar
1486 2315 1570 2351 illius
1588 2316 1721 2359 erigitur
1737 2313 1911 2358 Collegium
1927 2312 1958 2347 S.
1972 2312 2037 2347 An-

588 2370 662 2402 tonii
688 2369 728 2402 de
754 2369 870 2412 Padua,
897 2370 974 2403 ibid.

500 2419 656 2454 Bononiae
682 2422 892 2457 ecclesiastici
918 2428 979 2458 tam
1004 2424 1167 2459 seculares
1192 2434 1288 2470 quam
1315 2424 1482 2469 regulares
1505 2423 1546 2458 ad
1571 2432 1668 2468 opera
1691 2421 1821 2467 publica
1847 2429 2038 2456 concurrere

587 2478 751 2518 tenentur,
770 2477 827 2510 :351
852 2476 878 2510 b.
904 2478 1132 2521 Exemptiones
1157 2479 1272 2522 legatis
1293 2482 1324 2513 et
1344 2477 1546 2521 vice-legatis
1567 2485 1759 2518 concessae,
1777 2475 1842 2509 552
1858 2486 1889 2508 a.
1914 2473 2037 2509 Causae

586 2529 874 2565 ecclesiasticorum
898 2532 930 2565 in
955 2533 1057 2576 prima
1074 2533 1224 2566 instantia
1240 2534 1272 2566 in
1290 2532 1356 2566 soro
1373 2531 1637 2575 archiepiscopali
1654 2528 1911 2574 cognoscendae,
1929 2527 1993 2562 552
2010 2527 2038 2561 b.

502 2578 601 2614 Boves
625 2581 664 2615 ad
688 2584 842 2618 arandum
867 2588 958 2629 aptos
983 2586 1113 2619 mactari
1138 2586 1294 2628 vetitum,
1323 2586 1361 2619 16
1386 2596 1415 2619 a.

504 2633 631 2667 Brachia
655 2645 711 2670 seu
735 2641 832 2671 status
856 2640 947 2681 regni
973 2638 1102 2674 Siciliae
1127 2638 1400 2676 ecclesiasticum,
1426 2639 1564 2674 militare
1588 2642 1619 2672 et
1643 2636 1821 2672 demauiale
1850 2635 2034 2671 obtuleruut

589 2687 735 2724 donativa
762 2692 840 2735 regi,
865 2692 930 2727 600
956 2702 985 2725 a.
