2293 3231
517 285 581 319 804
1063 282 1242 312 numanum

486 354 558 388 (pro
572 341 774 375 subventione
788 345 896 373 contra
911 338 1051 371 infideles
1063 337 1221 369 dumtaxat
1239 338 1241 363 ῐ

486 398 631 439 excepta)
655 404 736 426 nuuc
759 398 789 425 ct
814 403 872 436 pro
900 397 1041 434 tempore
1071 388 1223 432 impositis

486 449 541 490 (nita
564 447 646 491 quod
672 446 728 490 ipsi
754 446 829 478 niliil
858 445 987 478 omnino
1015 444 1146 482 liorum⁷
1171 447 1223 474 aut

486 501 616 533 aliorum
644 498 820 531 huiusmodi
842 497 948 529 subire
973 501 1150 535 teneantur,
1166 504 1224 527 nec

486 564 541 596 per
564 562 705 585 camerae
735 550 923 595 apostolicae
953 556 1003 582 aut
1035 549 1112 581 alios
1136 559 1222 581 com-

460 628 470 636 „
487 606 653 641 missarios
676 616 728 637 scu
755 603 952 646 vectigalium
977 608 1007 635 ct
1032 602 1241 643 tributorum

418 654 470 692 “““ἰ“ζ
486 658 663 691 huiusmodi
682 657 898 700 redemptores
915 662 945 688 et
961 661 1133 695 exactores,
1150 664 1224 697 quo·
1239 647 1241 688 !

399 733 409 745 ι.
438 731 467 745 w.
485 723 618 755 cumque
646 710 819 754 privilegio,
844 709 1052 752 exemptione,
1079 714 1108 741 et
1133 708 1224 740 sacul-

287 757 347 800 ξιῗιῖιιι
364 761 469 800 nammis
485 771 545 798 tate
565 765 707 798 sull'ultos
721 792 728 804 ,
753 764 828 796 alias
851 774 945 807 quam
971 769 1003 795 ut
1028 763 1221 806 praefertur,

484 819 604 851 valcant
629 817 812 858 coarctari),
838 816 986 859 quamdiu
1011 815 1146 848 servitiis
1171 825 1223 847 no-

484 872 556 905 stris
574 871 747 904 instcterint
767 870 936 910 dumtaxat,
954 869 1121 901 eximimus
1141 873 1170 900 et
1192 868 1223 900 ti-

484 925 637 957 beramus.
663 923 708 956 Ad
733 924 809 956 liaec
834 933 905 955 cum
927 922 1054 960 eisdem,
1074 926 1107 954 ut
1131 931 1222 964 quae-

483 988 616 1021 cumque
629 977 692 1009 duo
706 976 869 1008 dissimilia
879 977 926 1008 vel
940 975 1095 1019 simplicia
1109 975 1222 1007 similia

483 1032 541 1065 sub
566 1031 696 1074 singulis
721 1031 820 1063 tribus
842 1030 929 1064 tectis
949 1039 1221 1073 quarumcumque

483 1085 577 1117 trium
602 1084 837 1125 cathedralium,
855 1083 948 1115 etiam
970 1082 1223 1126 metropolitana-

483 1148 552 1170 rum
570 1137 617 1170 vel
638 1136 770 1169 aliarum
788 1136 1002 1177 ecclesiarum,
1019 1134 1222 1168 consistentia

483 1190 617 1233 (etiamsi
635 1200 733 1223 unum
750 1200 786 1222 ex
804 1190 865 1222 illis
882 1189 1029 1222 omnibus
1045 1199 1117 1222 cum
1134 1191 1220 1229 cura,

481 1249 534 1277 aut
557 1244 692 1287 dignitas
724 1243 818 1277 etiam
844 1243 945 1276 maior
968 1247 999 1277 et
1022 1242 1220 1286 principalis,

482 1297 681 1330 canonicatus
698 1302 727 1329 et
744 1296 933 1340 praebenda,
958 1300 1155 1340 personatus,
1173 1295 1223 1328 ad-

482 1351 679 1393 ministratio,
703 1351 750 1383 vel
775 1351 914 1383 officium
938 1350 1043 1392 suerit,
1064 1355 1094 1384 ct
1117 1350 1156 1383 ad
1181 1350 1223 1382 di-

481 1405 650 1448 gnitatem,
675 1409 892 1448 personatum,
917 1403 1221 1437 administrationem

483 1457 530 1490 vel
554 1458 691 1490 officium
723 1457 903 1490 huiusmodi
928 1457 1128 1490 consueverit
1152 1457 1222 1500 quis

482 1521 540 1554 per
563 1511 746 1545 electionem
771 1511 897 1551 assumi,
924 1511 1015 1555 eique
1031 1522 1108 1544 cura
1127 1511 1222 1544 etiam

482 1564 735 1598 iurisdictionalis
749 1565 909 1598 immincat
923 1565 1124 1608 animarum),
1139 1566 1163 1597 si
1178 1565 1222 1598 eis

482 1617 557 1649 alias
580 1618 727 1651 canonice
752 1618 962 1659 conserantur,
980 1623 1033 1651 aut
1056 1618 1222 1661 eligantur,

482 1676 728 1713 praesententur,
743 1671 790 1704 vel
803 1671 878 1704 alias
891 1677 1093 1705 assumantur
1106 1671 1145 1703 ad
1160 1672 1221 1713 illa,

483 1729 512 1756 et
535 1724 735 1758 instituantur
759 1725 791 1758 in
815 1725 874 1765 eis,
899 1726 1052 1769 recipere,
1078 1731 1108 1759 et
1131 1725 1222 1758 dum-

483 1777 576 1810 modo
590 1777 643 1810 illa
655 1778 770 1819 onmia,
786 1789 849 1811 uno
867 1783 1007 1822 excepto,
1022 1779 1221 1822 personalem

483 1831 683 1864 residentiam
703 1843 766 1865 non
784 1833 955 1876 requirant,
968 1832 1105 1873 insimul,
1119 1832 1223 1876 quoad

483 1885 625 1926 vixerint,
650 1886 795 1927 retinere,
811 1896 934 1919 necnon
951 1886 1056 1927 etiam,
1073 1886 1223 1930 quamdiu

483 1935 573 1968 nobis
604 1936 802 1970 inservierint
833 1942 975 1978 tantum,
1001 1938 1031 1969 in
1062 1938 1223 1971 beneficiis

484 1989 702 2023 ecclesiasticis
719 1990 811 2023 etiam
829 1991 944 2024 curatis
962 1992 1038 2035 (non
1052 1996 1156 2025 tamen
1173 2002 1224 2036 pa-

484 2043 675 2076 rochialibus
704 2054 760 2077 nec
792 2044 908 2078 curatis
937 2047 1012 2077 cura
1043 2046 1222 2078 animarum

486 2097 765 2139 parochianorum)
790 2108 845 2141 per
865 2108 918 2131 eos
935 2109 994 2141 pro
1011 2103 1154 2142 tempore
1170 2098 1224 2131 ob-

487 2149 588 2189 tentis,
608 2149 701 2182 etiam
726 2150 764 2183 de
788 2150 867 2191 iure,
884 2156 1008 2192 statuto,
1029 2152 1222 2192 fundatione,

486 2202 533 2234 vel
558 2202 722 2246 privilegio
743 2204 939 2247 personalem
959 2204 1158 2237 residentiam
1176 2216 1224 2238 re-

487 2254 691 2297 quirentibus,
717 2255 835 2288 etiamsi
859 2256 1026 2299 dignitates
1050 2257 1082 2289 in
1106 2262 1223 2290 metro-

489 2307 633 2349 politanis
654 2308 701 2340 vel
725 2309 955 2342 cathedralibus
975 2309 1119 2349 maiores,
1139 2321 1175 2342 ac
1192 2311 1223 2343 in

489 2359 658 2402 collegiatis
679 2360 818 2393 ecclesiis
838 2362 1017 2395 huiusmodi
1035 2363 1224 2407 principales

489 2411 613 2452 suerint,
639 2414 845 2456 personaliter
868 2415 1007 2448 residere
1024 2426 1086 2449 non
1103 2421 1225 2449 tenean-

490 2469 549 2505 tur,
573 2476 630 2498 nec
653 2466 691 2498 ad
716 2467 745 2499 id
775 2478 831 2511 per
861 2469 1003 2502 locorum
1031 2469 1224 2510 Ordinarios,

489 2521 541 2549 aut
565 2518 765 2552 ecclesiarum
790 2521 971 2554 earumdem
997 2522 1145 2565 capitula,
1170 2533 1224 2555 seu

489 2571 614 2612 quosvis
625 2571 711 2612 alios,
721 2572 759 2605 ad
771 2573 970 2607 residendum
985 2575 1110 2607 interim
1123 2575 1224 2608 inillis

490 2622 577 2655 inviti
601 2625 744 2668 compelli
768 2627 905 2669 possint;
929 2638 1102 2671 omnesque
1116 2633 1147 2661 et
1167 2629 1227 2661 sin-

489 2676 580 2720 gulos
610 2677 736 2712 illorum
766 2679 992 2716 beneficiorum
1022 2682 1224 2718 obtentorum

287 296 336 324 An.
354 295 382 324 C.
402 295 471 323 1623

317 2312 449 2337 Iti-ponzano
461 2319 472 2332 a

291 2340 404 2359 taddeum-l
437 2340 472 2359 dn>

291 2368 350 2385 rante
389 2369 472 2385 set-utin

292 2392 420 2417 Papae—‚rum
429 2398 466 2416 ιιι-ι’

292 2421 389 2442 ceptione
432 2425 472 2438 ntu-

291 2450 347 2464 ntum
367 2444 474 2467 trun-tuum,

293 2473 384 2495 eun-pti«
404 2470 473 2491 :listri—

291 2496 413 2517 but-onustis
424 2503 474 2523 quo-

292 2522 384 2543 uetanis.

1266 286 1422 311 Romnum

1257 336 1396 373 fructus,
1422 334 1561 368 redditus
1589 339 1619 366 et
1651 338 1840 378 proventus,
1863 333 1998 367 durante

1258 389 1385 421 servitio
1409 388 1580 432 praedicto,
1603 398 1674 420 cum
1692 389 1729 420 ea
1746 388 1926 430 integritate
1942 387 1999 431 (di-

1258 441 1498 474 stributionibus
1528 441 1719 484 quotidianis
1751 440 1913 473 dumtaxat
1945 451 1998 474 ex-

1258 494 1369 537 ceptis)
1395 504 1465 526 cum
1493 496 1555 537 qua
1577 494 1647 527 illos
1670 494 1888 537 perciperent,
1914 493 1999 526 si—in

1258 547 1374 579 eisdem
1395 546 1535 579 ecclesiis
1551 547 1616 579 sive
1633 547 1710 580 locis
1727 546 1934 590 personaliter
1953 556 2000 579 re-

1258 599 1404 638 siderent,
1422 600 1596 643 percipere,
1617 600 1744 642 exigere
1761 605 1791 632 et
1811 600 1925 638 levare;
1941 609 2000 632 nec

1258 664 1330 692 non,
1355 654 1477 686 etiamsi
1502 653 1679 698 presbyteri
1703 653 1821 686 suerint
1844 663 1880 686 ac
1896 653 1999 696 digni-

1258 711 1334 740 tates
1360 712 1389 740 et
1413 707 1516 740 officia
1541 707 1744 747 obtinuerint,
1769 708 1855 750 leges
1879 712 1909 740 et
1929 707 1998 740 iura

1257 760 1359 793 civilia
1377 761 1469 794 etiam
1496 761 1619 804 publice
1637 761 1667 793 in
1685 761 1801 794 scholis
1825 765 1855 793 et
1870 760 1998 794 univer-

1257 813 1399 846 sitatibus
1423 814 1599 847 studiorum
1625 814 1819 858 generalium
1844 814 1883 846 ad
1906 813 1998 858 quin-

1257 868 1427 910 quennium
1453 867 1624 908 dumtaxat,
1646 867 1818 900 dummodo
1836 866 1930 900 iidem
1946 872 2000 899 trt-

1256 921 1411 963 gesimum
1437 921 1547 954 aetatis
1571 931 1686 953 annum
1711 931 1775 954 non
1799 920 1998 960 excesserint,

1256 974 1375 1013 audire,
1389 981 1429 1015 et,
1444 974 1468 1007 si
1487 975 1606 1007 habiles
1622 980 1652 1007 et
1669 975 1860 1008 sufficientes
1881 974 1999 1018 reperti

1256 1026 1388 1067 suerint,
1414 1028 1507 1060 etiam
1533 1028 1571 1060 ad
1595 1028 1777 1061 doctoratus
1809 1027 1943 1071 gradum
1968 1027 1999 1060 in

1256 1081 1435 1114 huiusmodi
1462 1081 1606 1114 facultate
1624 1092 1656 1114 se
1681 1081 1861 1125 promoveri
1885 1082 1999 1122 facere,

1256 1133 1385 1178 ipsaque
1410 1134 1479 1168 iura
1503 1135 1596 1167 etiam
1623 1135 1748 1178 publice
1765 1134 1889 1175 docere,
1906 1138 2000 1178 atque

1256 1187 1377 1228 iudicis,
1402 1188 1543 1221 advocati
1561 1194 1591 1221 et
1610 1189 1826 1232 procuratoris
1850 1188 1998 1228 officium,

1257 1240 1286 1273 in
1311 1241 1413 1274 causis
1437 1241 1656 1275 ecclesiasticis
1688 1241 1832 1275 civilibus
1855 1245 1976 1276 tantum
1991 1269 1998 1281 ,

1255 1304 1404 1327 exercere
1422 1294 1520 1328 libere
1537 1300 1567 1327 et
1583 1295 1667 1328 licite
1683 1295 1805 1338 possint
1817 1300 1848 1328 et
1867 1295 1999 1336 valeant,

1255 1347 1294 1380 de
1325 1347 1471 1391 specialis
1507 1347 1590 1381 dono
1619 1348 1740 1391 gratiae
1770 1347 1998 1392 dispensamus.

1257 1401 1361 1434 Liceat
1385 1412 1512 1445 quoque
1537 1401 1632 1446 ipsis,
1656 1412 1692 1434 ac
1717 1412 1828 1435 eorum
1853 1401 1998 1446 singulis,

1257 1454 1394 1498 aliquem
1413 1455 1560 1488 idoneum
1580 1459 1611 1489 ct
1627 1455 1666 1488 ab
1683 1454 1851 1489 Ordinario
1867 1455 1927 1489 loci
1945 1466 2000 1500 ap-

1257 1508 1424 1551 probatum
1442 1508 1672 1553 presbyterum,
1690 1509 1865 1542 secularem
1885 1509 1933 1542 vel
1950 1520 2001 1542 cu-

1258 1561 1353 1594 iusvis
1377 1560 1501 1595 Ordinis
1518 1562 1707 1604 regularem,
1723 1562 1756 1595 in
1771 1573 1862 1596 suurn
1882 1562 2001 1606 eligere

1257 1615 1480 1655 consessorem,
1505 1615 1568 1659 qui,
1593 1616 1656 1648 vita
1679 1615 1725 1649 eis
1749 1615 1874 1656 comite,
1895 1626 1950 1650 eos
1969 1621 2000 1649 et

1258 1668 1398 1712 ipsorum
1424 1668 1564 1712 singulos
1593 1679 1610 1702 a
1634 1669 1798 1712 quibusvis
1821 1679 2000 1703 excommu-

1257 1722 1433 1763 nicationis,
1452 1722 1667 1766 suspensionis
1684 1727 1714 1756 et
1729 1722 1898 1764 interdicti,
1919 1723 2000 1756 aliis-

1258 1786 1319 1819 que
1345 1776 1523 1816 sententiis,
1548 1776 1690 1808 censuris
1714 1780 1745 1810 et
1767 1776 1879 1820 poenis
1903 1777 2000 1810 eccle-

1258 1830 1390 1863 siasticis
1404 1857 1411 1871 ,
1435 1840 1453 1862 a
1483 1830 1552 1863 iure
1575 1830 1624 1863 vel
1648 1830 1686 1863 ab
1714 1830 1866 1871 homine,
1890 1831 2000 1874 quavis

1258 1884 1423 1917 occasione
1448 1885 1495 1917 vel
1520 1885 1615 1917 causa
1640 1883 1719 1925 latis,
1743 1889 1775 1917 et
1797 1894 1855 1928 per
1878 1894 1932 1917 eos
1956 1884 2000 1917 in-

1258 1938 1370 1977 cursis,
1396 1942 1427 1970 et
1450 1937 1565 1980 quibus
1589 1937 1674 1981 ipsos
1692 1947 1751 1981 pro
1767 1942 1912 1981 tempore
1936 1937 2000 1970 illa-

1257 1990 1366 2034 queari
1399 1990 1588 2033 contigerit,
1619 1990 1741 2023 etiarnsi
1773 1990 1930 2024 absolutio
1961 1990 1999 2024 ad

1257 2054 1315 2077 nos
1350 2049 1381 2076 et
1415 2054 1614 2076 successores
1647 2044 1804 2077 Romanos
1833 2043 2000 2077 Pontifices

1257 2108 1316 2141 pro
1341 2102 1486 2141 tempore
1510 2097 1679 2130 existentes
1695 2097 1874 2141 specialiter
1887 2097 1935 2130 vel
1950 2107 2001 2140 ge-

1257 2151 1407 2184 neraliter
1438 2155 1597 2184 reservata
1625 2151 1758 2192 existat,
1783 2155 1814 2184 et
1841 2160 1997 2193 quorum-

1257 2215 1394 2249 cumque
1418 2203 1736 2245 votorum,ecclesiae
1755 2208 1998 2248 praeceptorum

1258 2257 1573 2301 transgressionibus,
1592 2256 1754 2290 homicidii
1776 2256 1920 2297 casualis,
1937 2267 2001 2289 ma-

1258 2310 1373 2343 nuum¹
1387 2310 1594 2344 violentarum
1611 2310 1643 2342 in
1660 2310 1786 2353 quasvis
1802 2319 1956 2354 personas
1971 2319 2000 2342 e-

1259 2363 1332 2397 tiam
1357 2363 1584 2396 ecclesiasticas
1605 2362 1682 2406 (non
1698 2367 1804 2395 tamen
1823 2362 2000 2406 episcopos,

1259 2417 1307 2448 vel
1331 2416 1410 2449 alios
1434 2416 1616 2459 superiores
1638 2416 1809 2459 praelatos)
1825 2415 1864 2448 de
1881 2419 2002 2459 praete·

1260 2469 1320 2501 rito
1344 2469 1574 2509 iniectionibus,
1599 2479 1654 2501 seu
1678 2468 1801 2502 consilii
1817 2467 1866 2500 vel
1883 2467 2000 2501 favoris

1258 2522 1297 2554 ad
1321 2522 1352 2555 id
1376 2522 1640 2566 praestationibus
1654 2549 1661 2563 ,
1691 2521 1881 2554 ieiuniorum
1904 2520 2001 2554 omis-

1259 2575 1410 2616 sionibus,
1435 2585 1498 2609 non
1523 2580 1627 2608 tamen
1651 2573 1888 2607 recitationibus
1908 2574 2003 2608 hora-

1260 2640 1329 2662 rum
1354 2629 1577 2663 canonicarum
1601 2629 1799 2671 aliorumque
1817 2627 1997 2661 divinorum

1295 2693 1307 2720 1
1324 2691 1396 2720 Edit.
1411 2691 1491 2720 Mein.
1506 2691 1570 2728 legit
1588 2699 1712 2720 manum
1725 2691 1764 2726 (n.
1780 2691 1830 2726 τ.).

2013 284 2063 312 An.
2078 283 2108 312 G.
2126 282 2198 313 18¹8

2040 718 2142 740 tudunum
2161 724 2200 740 au-

2013 745 2084 766 divad·
2093 748 2113 766 et
2121 746 2204 767 docen-

2013 772 2034 793 (Η
2043 773 2106 798 teges,
2115 772 2199 798 iudicis,

2013 799 2114 820 advocati
2122 801 2143 820 et
2151 804 2199 826 pro-

2013 826 2118 847 curatoris
2154 825 2199 846 om-

1980 866 1986 871 .
2013 851 2199 874 ciumexemendt.
2232 882 2233 886 Ἰ

2040 1623 2099 1645 Attae
2111 1623 2200 1645 faculta-

2015 1652 2046 1671 tes
2061 1655 2183 1672 concessae.
