2293 3231
267 305 318 332 An.
336 303 365 333 c.
384 302 451 332 16¹2
498 292 562 327 ¹108

510 350 539 383 4.
557 350 592 383 Et
616 349 640 382 si
665 349 747 382 bona
767 358 830 381 non
851 346 1021 381 sufficiant,
1042 354 1098 376 nec
1115 343 1206 376 bonis

1049 295 1228 320 utu-Animi
1253 294 1406 319 ROMANEM

1284 343 1335 376 ll.
1353 342 1486 381 Octavo,
1511 341 1690 374 relaxentur
1717 339 1876 373 debitores
1899 338 1981 382 capti

466 403 577 436 cedere
596 403 677 442 x‘elit,
693 412 793 445 neque
809 400 946 432 biretum
961 397 1060 430 viride
1073 396 1206 436 deferre,
1241 402 1272 430 ut
1301 395 1436 439 suspecti
1458 394 1496 426 dc
1520 394 1609 437 suga,
1633 393 1706 427 data
1727 393 1870 427 cautione
1893 392 1932 425 de
1949 403 1982 425 se

465 456 588 490 nonnisi
612 455 650 487 (1(Ι
673 454 814 487 omnium
839 452 1032 485 creditorum
1053 461 1207 484 consensu
1242 447 1507 493 repraesentando
1523 447 1581 480 sub
1598 448 1699 490 poena
1713 446 1819 479 debiti.

465 518 657 553 quemquam
676 507 816 540 relaxare
833 504 962 549 possint:

511 562 540 594 5.
558 561 705 604 Idemque
722 564 865 592 servetur
879 559 972 591 etiam
989 557 1075 602 quod
1088 558 1208 591 clarum

467 616 522 655 sit,
539 614 696 647 debitores
713 613 834 645 nullimi
861 622 992 656 prorsus
1013 611 1129 644 habere
1146 621 1211 643 mo-

467 668 542 700 dum
559 666 768 700 satisfaciendi
784 665 995 699 creditoribus
1007 665 1083 705 suis,
1097 664 1155 697 nisi
1173 674 1210 697 ex

469 721 585 754 sudore
603 720 706 753 vultus·
723 719 781 752 sui.

513 773 543 806 6.
561 773 676 810 Tertio,
695 772 837 805 relaxare
854 771 972 815 possint
997 770 1123 814 quando
1143 780 1211 803 cre-

469 825 570 859 ditor¹
589 825 831 869 exequutionem
856 824 949 857 habet
966 824 1094 864 realem,
1121 829 1148 856 et
1165 829 1210 856 est

469 879 500 912 in
517 878 608 912 bonis
618 878 715 922 captis
732 888 789 922 per
803 877 1046 921 exequutionem
1058 876 1116 909 sibi
1133 876 1212 909 bene

470 937 607 966 cautum.

514 985 543 1018 7.
569 985 696 1026 Quarto,
715 984 746 1018 in
763 995 837 1018 casu
855 983 1056 1023 infirmitatis,
1081 982 1214 1016 credito-

470 1050 532 1080 res,
549 1049 660 1072 eorum
681 1038 869 1082 sumptibus,
886 1036 1076 1081 pauperibus
1096 1036 1214 1070 debito-

470 1092 559 1125 ribus
582 1091 729 1124 alimenta
745 1096 775 1124 et
792 1090 1020 1124 medicamenta
1037 1090 1215 1123 ministrent

471 1145 502 1178 in
529 1145 726 1183 carceribus;
750 1144 864 1188 quihus
890 1143 1101 1177 creditoribus
1123 1153 1215 1177 recu-

471 1199 622 1239 santibus,
639 1198 830 1237 relaxentur,
843 1197 951 1230 habita
970 1197 1031 1230 lide
1044 1208 1062 1230 a
1086 1197 1215 1230 medicis

471 1252 638 1296 deputatis,
653 1257 683 1285 et
698 1251 771 1285 data
784 1251 938 1291 cautione,
951 1251 977 1283 si
992 1251 1076 1284 illam
1089 1250 1215 1291 habent,

472 1305 520 1338 sin
544 1305 658 1346 minus,
683 1308 810 1349 recepta
835 1304 987 1338 iuratoria
1011 1304 1154 1337 cautione
1177 1304 1216 1336 de

473 1369 506 1391 se
523 1358 789 1403 repraesentando
809 1363 974 1402 postquam
991 1357 1215 1391 convaluerint.

473 1412 562 1452 Quod
589 1418 733 1445 servetur
756 1412 851 1445 etiam
877 1411 909 1444 in
933 1411 1130 1444 debitoribus
1154 1421 1216 1445 non

474 1465 665 1509 pauperibus
681 1464 825 1505 infirmis,
839 1464 903 1507 qui,
920 1464 991 1497 data
1008 1464 1127 1508 pariter
1143 1474 1217 1497 cau-

475 1518 560 1552 tione
584 1518 622 1552 de
646 1529 678 1552 se
696 1517 972 1563 repraesentandO,
989 1523 1023 1550 ut
1041 1528 1146 1562 supra,
1160 1517 1217 1551 suh

474 1574 576 1616 poena
592 1572 687 1606 debiti
707 1571 839 1606 relaxari
856 1571 975 1615 possint
989 1572 1010 1603 2.

520 1624 549 1658 8.
567 1625 692 1665 Quinto,
710 1625 890 1658 relaxentur
907 1624 1066 1658 debitores
1082 1623 1218 1667 quando,

476 1679 602 1722 cognita
634 1689 744 1712 eorum
773 1683 956 1723 paupertate
987 1683 1017 1711 et
1047 1678 1219 1722 pertinacia

477 1731 653 1773 creditoris,
667 1732 720 1775 qui
735 1737 839 1765 tamen
852 1741 914 1765 non
929 1732 967 1764 sit
981 1742 1079 1775 aeque
1090 1742 1219 1775 pauper,

477 1787 506 1819 ei
538 1786 720 1819 mandatum
747 1785 804 1819 suit
832 1790 865 1818 ut
894 1790 1056 1819 carcerato
1086 1785 1219 1818 debitori

478 1840 719 1874 subministrent
735 1840 896 1880 alimenta,
914 1844 945 1872 et
960 1839 1026 1883 ipse
1042 1839 1102 1872 hoc
1118 1840 1220 1872 saeerc

478 1898 611 1926 recusat.
625 1893 891 1936 Quandocumque
903 1897 1008 1925 autem
1021 1891 1154 1925 debitori
1171 1902 1220 1924 re-

479 1945 581 1979 laxato
603 1945 741 1979 creditor
765 1950 892 1989 paratus
916 1945 955 1978 sit
971 1944 1118 1978 alimenta
1134 1955 1223 1988 prae-

479 2004 562 2033 stare
574 2026 582 2040 ,
598 1999 696 2044 possit
713 1999 802 2032 illum
827 2009 941 2041 cogere
963 1998 1001 2031 ad
1025 1998 1221 2031 redeundum

480 2052 519 2085 ad
535 2063 694 2093 carceres,
715 2057 809 2096 prout
826 2063 922 2096 supra
938 2051 1127 2095 dispositum
1143 2056 1198 2084 est.

525 2106 554 2139 a.
583 2106 692 2146 Sexto,
711 2106 890 2139 relaxentur
916 2105 1064 2138 mulieres
1085 2116 1142 2149 pro
1168 2104 1221 2137 de-

481 2157 546 2191 bito
563 2158 646 2191 civili
662 2157 804 2191 detentae
827 2157 952 2202 quando
974 2163 1045 2191 sunt
1063 2158 1222 2197 honestae,

482 2211 604 2244 etiamsi
620 2217 728 2255 captae
745 2211 806 2245 sint
822 2222 880 2255 pro
900 2211 1006 2245 debito
1023 2211 1159 2255 publico.

526 2264 578 2297 210.
595 2264 746 2308 Septimo,
763 2265 904 2298 relaxare
918 2265 1039 2308 possint
1055 2264 1223 2306 debitores,

482 2318 535 2361 qui
553 2328 589 2350 ex
607 2319 719 2350 natura
735 2317 830 2351 debiti
848 2317 886 2350 (lc
908 2317 975 2350 iure
999 2328 1061 2351 non
1079 2323 1225 2351 tenentur

483 2371 565 2403 ultra
590 2371 620 2403 id
647 2370 732 2414 quod
755 2371 858 2404 facere
885 2371 1027 2415 possint,
1045 2376 1118 2404 tune
1141 2371 1223 2403 enim

484 2433 541 2457 nec
557 2425 712 2458 carcerari
726 2429 880 2468 poterant,
893 2429 923 2457 et
936 2429 1103 2468 propterea
1116 2429 1225 2458 eontra

483 2476 566 2511 bona
582 2483 629 2511 est
645 2479 813 2522 exequutio
829 2478 1002 2521 dirigenda.
1084 2478 1088 2482 ’

522 2567 533 2593 1
557 2565 628 2594 Haec
648 2573 698 2594 vox
716 2566 843 2595 creditor
862 2575 1004 2603 perperam
1019 2566 1120 2594 omissa
1135 2566 1185 2594 suit
1199 2566 1226 2593 in

486 2611 552 2638 edit.
573 2610 655 2638 Μαίη.
675 2611 714 2645 (a.
730 2611 781 2646 r.)-

521 2655 538 2683 2
556 2656 706 2691 Pei-peram
725 2656 752 2684 in
773 2657 828 2685 edit
847 2656 964 2685 Cherub.
985 2660 1012 2685 et
1030 2656 1109 2685 Μαίη.
1127 2656 1227 2692 legitur

483 2702 573 2738 possit
592 2701 628 2736 (a.
644 2701 693 2736 τ.).

1287 501 1337 535 12.
1368 502 1476 541 Nono,
1506 500 1685 532 relaxentur
1712 498 1872 532 debitores
1903 498 1985 532 sacta

1243 556 1384 590 cessione
1396 555 1552 588 bonorum
1562 557 1657 597 prout
1673 552 1712 585 de
1725 552 1804 593 iure,
1818 557 1848 585 et
1861 553 1983 585 servata

1244 610 1343 643 forma
1361 607 1621 642 constitutionum
1642 606 1740 639 felicis
1758 605 1986 639 recordationis

1245 662 1288 695 Pii
1307 662 1407 706 Papae
1421 661 1469 701 lt',
1482 671 1562 704 quae
1579 659 1705 703 incipit:
1720 659 1890 704 Cupientes
1902 669 1986 692 mer-

1244 715 1436 756 catoribus¹,
1462 720 1491 747 et
1515 714 1560 747 Pii
1587 713 1688 758 Papae
1706 713 1746 754 V,
1766 723 1846 757 quae
1866 712 1985 756 incipit:

1245 769 1424 804 Reveremli
1440 768 1568 802 domini
1584 766 1797 801 visitatores2.

1295 823 1340 856 13.
1369 823 1514 862 Decimo,
1542 822 1722 854 relaxentur
1746 819 1905 853 debitores
1921 819 1988 852 nul-

1246 875 1317 908 liter
1333 881 1363 909 et
1380 875 1516 908 indebite
1533 874 1626 918 capti,
1642 873 1680 907 de
1693 883 1755 916 qua
1768 872 1910 905 nullitate
1927 882 1989 904 ma-

1246 929 1356 963 nifeste
1376 933 1507 962 constet.

1291 982 1342 1015 lli.
1371 982 1403 1015 ln
1431 981 1544 1025 quibus
1571 980 1718 1014 omnibus
1746 978 1989 1013 relaxationibus

1247 1035 1305 1069 sint
1324 1040 1504 1080 praesentes
1521 1034 1650 1075 iudices,
1670 1033 1723 1078 qui
1748 1033 1894 1066 mandata
1913 1033 1990 1066 rela-

1248 1094 1376 1129 xarunt,
1404 1094 1432 1122 et
1461 1088 1506 1121 uti
1536 1087 1638 1121 edocti
1663 1092 1756 1131 atque
1783 1086 1926 1120 instructi
1950 1086 1989 1119 de

1248 1142 1368 1175 meritis
1383 1152 1496 1175 causae
1515 1141 1669 1174 rationem
1687 1140 1828 1174 reddant.

1298 1195 1344 1229 15.
1363 1196 1397 1228 Et
1412 1195 1443 1228 in
1456 1195 1638 1239 praemissis
1651 1194 1804 1227 habeatur
1817 1193 1897 1227 ratio
1911 1204 1990 1238 pau-

1248 1249 1378 1293 pertatis
1407 1248 1590 1288 creditoris,
1620 1253 1650 1281 et
1682 1257 1721 1280 an
1750 1246 1874 1281 debitor
1905 1247 1990 1280 calu-

1249 1303 1370 1336 mniose
1399 1302 1454 1335 diu
1486 1301 1574 1334 litem
1608 1301 1810 1341 sustinuerit,
1832 1300 1990 1344 fatigando

1249 1356 1438 1390 creditorem
1467 1355 1611 1399 expensis
1638 1360 1667 1388 et
1695 1354 1872 1394 laboribus,
1897 1359 1927 1387 et
1950 1364 1990 1387 an

1249 1410 1341 1442 aliam
1359 1409 1540 1442 dilationem
1554 1408 1710 1448 habuerit,
1723 1413 1753 1440 et
1765 1407 1914 1440 creditori
1926 1417 1990 1440 non

1250 1462 1452 1503 satisfecerit,
1475 1472 1538 1496 non
1563 1461 1696 1495 constito
1719 1460 1757 1493 dc
1773 1460 1915 1503 legitimo
1932 1459 1991 1492 im-

1251 1516 1440 1560 pedimento.
1461 1515 1498 1548 Et
1517 1515 1547 1547 in
1572 1515 1621 1548 his
1644 1513 1791 1548 omnibus
1814 1513 1992 1547 visitatores

1251 1570 1383 1603 arbitrio
1405 1574 1551 1610 utantur,
1576 1574 1606 1602 et
1629 1568 1766 1612 pensatis
1789 1567 1992 1612 qualitatihus

1253 1629 1315 1657 tam
1331 1623 1497 1658 creditoris
1512 1633 1606 1666 quam
1623 1621 1788 1662 debitoris,
1804 1632 1840 1655 ac
1863 1621 1992 1655 faculta-

1253 1677 1335 1710 tibus
1359 1682 1387 1709 et
1408 1678 1520 1710 natura
1541 1676 1648 1716 debiti,
1663 1675 1834 1708 decernant
1850 1685 1896 1714 ea,
1911 1684 1993 1718 quae

1254 1731 1313 1764 iuri
1330 1736 1360 1764 et
1378 1729 1526 1774 aequitati
1551 1735 1581 1762 et
1604 1728 1728 1762 utilitati
1746 1728 1840 1761 etiam
1856 1727 1992 1761 credito-

1253 1794 1323 1817 rum
1340 1783 1514 1817 conveniat.

1298 1837 1441 1877 ‘laeum
1454 1841 1559 1869 autem
1572 1846 1589 1868 a
1603 1835 1816 1869 visitatoribus
1829 1844 1993 1868 carcerum

1254 1891 1347 1923 suerit
1371 1889 1503 1923 alicuius
1528 1889 1679 1922 carcerati
1705 1898 1798 1922 causa
1826 1888 1995 1922 commissa

1254 1944 1343 1977 alteri
1368 1943 1482 1984 iudici,
1499 1953 1594 1987 quam
1611 1942 1655 1975 illi
1671 1941 1725 1985 qui
1750 1942 1931 1975 mandatum
1956 1941 1995 1975 de

1255 1997 1446 2031 carcerando
1462 1997 1629 2036 relaxavit,
1646 2000 1769 2029 maneat
1790 1995 1995 2029 nihilominus

1255 2051 1355 2084 dictae
1379 2061 1491 2084 causae
1513 2049 1654 2083 notarius
1677 2049 1719 2090 is,
1743 2060 1800 2093 per
1823 2049 1912 2082 cuius
1927 2053 1996 2082 aeta

1255 2105 1311 2138 suit
1328 2105 1501 2137 relaxatum
1516 2103 1707 2143 mandatum3
1721 2108 1752 2135 et
1767 2102 1798 2135 id
1815 2103 1918 2147 ipsum
1934 2112 1998 2136 ser—

1257 2163 1346 2191 vetur
1361 2157 1623 2202 quandocumque
1639 2156 1804 2200 contigerit
1819 2155 1996 2189 cautionem

1256 2211 1392 2255 aliquam
1421 2210 1517 2254 recipi
1545 2221 1601 2254 per
1629 2210 1725 2243 alium
1759 2220 1854 2254 quam
1885 2219 1997 2242 causae

1256 2264 1429 2303 notarium3
1447 2274 1509 2306 quo
1530 2274 1605 2296 casu
1625 2263 1650 2296 is
1663 2290 1670 2303 ,
1687 2263 1740 2306 qui
1758 2262 1935 2296 cautionem
1951 2271 1998 2296 re-

1257 2318 1348 2362 cipit,
1374 2323 1516 2351 tcncatur
1539 2317 1640 2350 dictae
1664 2315 1818 2350 cautionis
1841 2315 1997 2359 integram

1257 2371 1351 2403 tidem
1369 2376 1398 2403 et
1415 2369 1626 2403 authenticam
1643 2369 1718 2402 dare
1735 2378 1846 2402 causae
1861 2367 1996 2401 notario.

1302 2423 1353 2456 217.
1380 2422 1509 2462 Quando
1532 2422 1563 2455 in
1586 2421 1763 2455 visitatione
1786 2420 1878 2454 alicui
1896 2430 1999 2454 carce-

1259 2482 1326 2511 rato
1347 2476 1454 2510 dilatio
1477 2476 1599 2510 videtur
1618 2474 1827 2515 concedenda,
1847 2474 1899 2507 illa
1918 2483 1999 2508 sem-

1257 2540 1314 2574 per
1346 2529 1538 2573 intelligatur
1568 2538 1716 2562 eoncessa
1730 2555 1737 2569 ‚
1769 2528 1862 2561 etiam
1894 2526 1998 2572 quoad

1259 2583 1499 2628 exequutionem
1531 2582 1669 2622 realem,
1699 2581 1759 2614 nisi
1784 2581 1814 2614 in
1839 2581 1943 2625 specie
1966 2580 1999 2614 in

1297 2656 1306 2682 1
1330 2654 1378 2683 Est
1395 2661 1457 2682 xux
1470 2655 1498 2682 in
1519 2657 1584 2682 tom.
1605 2659 1652 2688 vn,
1669 2661 1729 2689 pag.
1748 2653 1798 2682 ¹45
1813 2654 1855 2688 (n.
1875 2652 1926 2688 τ.).

1294 2700 1310 2727 2
1325 2700 1386 2736 lpsa
1404 2703 1445 2728 est
1463 2700 1516 2728 iam
1535 2699 1581 2728 cit.
1598 2699 1674 2727 initio
1693 2698 1774 2727 huius
1788 2699 1802 2734 5
1816 2698 1856 2733 (a.
1871 2696 1922 2733 ¹1⁸.)-

1999 289 2048 315 An.
2065 288 2094 315 C.
2112 287 2182 316 16¹2
2194 291 2200 299 ¹
