2293 3231
297 280 344 304 Λυ.
361 280 391 303 c.
417 278 482 304 iota
526 268 592 300 *2¹⁰

498 331 558 363 tur,
579 325 616 357 de
639 323 863 366 omnipotentis
883 322 936 354 Dei
957 320 1184 361 misericordia,
1205 331 1241 353 ac

498 377 663 409 beatorum
683 375 765 407 l‘etri
783 380 810 406 et
829 374 915 406 Pauli
937 374 1153 416 apostolorum
1173 374 1241 406 eins

498 429 684 462 auctoritate
716 427 846 466 contisi,
872 426 1021 459 omnihus
1050 431 1077 458 et
1111 425 1242 468 singulis

499 481 701 526 presbyteris,
719 480 771 523 qui
798 479 960 522 perpetuis
984 479 1100 511 suturis
1124 484 1243 522 tempo-

500 535 587 567 ribus
611 533 726 565 dictami
751 532 1036 574 Congregationem
1062 531 1242 574 ingredien-

500 594 561 627 tur,
586 592 613 619 et
640 586 671 618 in
696 588 732 618 ea
757 585 959 628 recipientur,
977 595 1151 628 eorumque
1176 595 1243 618 coa-

499 641 679 674 diutoribus
692 645 719 672 et
735 639 857 679 oblatis,
871 638 1003 682 aliisque
1016 638 1179 678 ministris,
1193 638 1242 671 die

500 704 611 727 eorum
646 698 675 724 et
701 692 867 724 cuiuslibet
893 691 1035 734 ipsorum
1061 691 1242 733 ingressus,

500 745 690 790 receptionis
715 756 749 778 ac
775 744 989 788 professionis,
1014 754 1049 776 ac
1075 744 1107 775 in
1132 743 1243 776 mortis

500 800 654 839 articulo,
680 799 705 831 si
741 798 937 842 poenitentes
968 803 995 830 et
1027 796 1181 835 confessi,
1208 807 1243 829 ac

501 855 591 885 sacra
611 852 834 885 communione
859 851 966 883 resecti
991 849 1117 889 suerint,
1142 850 1245 892 plena-

502 906 581 938 riam
607 905 853 948 indulgentiam,
879 909 908 936 et
932 904 1074 937 omnium
1104 908 1246 946 peccato-

501 971 571 992 rum
586 970 716 992 suornm
734 958 964 997 remissionem,
978 956 1096 989 eisdem
1113 955 1246 988 auctori-

503 1017 563 1045 tate
588 1017 615 1044 et
644 1017 752 1044 tenore
778 1009 1026 1043 misericorditer
1052 1009 1083 1040 in
1112 1008 1246 1041 Domino

502 1065 706 1098 concediums
731 1070 760 1097 et
786 1063 968 1106 elargimur.
998 1063 1161 1094 Postremo
1186 1061 1246 1093 eis-

502 1118 573 1151 dem
600 1118 799 1162 praeposito,
820 1115 1032 1159 presbyteris,
1054 1113 1247 1147 coadiutori-

502 1171 571 1211 bus,
588 1171 718 1210 oblatis,
735 1175 765 1202 et
790 1169 858 1202 aliis
884 1168 1037 1201 ministris
1062 1166 1246 1210 praedictis,

503 1225 556 1270 qui
574 1222 874 1266 congregationibus
900 1221 1036 1264 publicis
1053 1221 1100 1252 vet
1118 1219 1247 1252 secretis

503 1289 562 1322 pro
582 1286 784 1321 quocumque
810 1285 907 1318 opere
932 1274 984 1317 pio
1004 1273 1180 1306 exercendo
1204 1273 1249 1305 in-

505 1330 688 1369 terfuerint,
713 1333 765 1360 aut
793 1328 879 1371 pium
909 1327 1037 1370 aliquod
1061 1337 1140 1369 opus
1165 1325 1248 1358 circa

505 1384 680 1417 functiones
694 1392 765 1414 suas
779 1380 988 1420 exercuerim,
1003 1379 1094 1412 toties
1107 1390 1165 1423 pro
1176 1390 1250 1422 quo-

506 1437 582 1469 libet
608 1435 856 1479 praemissorum
885 1434 1011 1477 piorum
1035 1431 1196 1476 ope1·um‚⁴
1218 1436 1251 1465 ut

508 1491 608 1532 magis
631 1489 670 1522 ad
688 1489 735 1521 sui
754 1487 887 1521 instituti
905 1497 1003 1530 opera
1023 1486 1203 1518 animentur
1221 1490 1250 1518 et,

507 1544 632 1576 suavius
657 1543 695 1575 ad
727 1553 761 1574 ea
788 1541 974 1580 invitentur,
1000 1539 1162 1582 sexaginta
1185 1538 1251 1571 dics

507 1597 545 1629 de
570 1595 718 1629 iniunctis
751 1595 796 1627 eis
826 1594 873 1627 rel
907 1593 982 1626 alias
1013 1592 1251 1635 quomodolibet

506 1650 621 1683 debitis
632 1649 843 1693 poenitentiis,
852 1648 945 1681 etiam
959 1646 1130 1691 apostolica
1147 1650 1253 1678 aucto-

507 1703 599 1736 ritate
627 1708 654 1734 et
677 1708 786 1734 tenore
805 1700 987 1734 huiusmodi
1004 1698 1252 1732 misericorditer

509 1756 702 1795 relaxamus,
728 1765 851 1788 necnon
877 1759 939 1786 tam
965 1753 1051 1797 ipsis,
1075 1763 1171 1796 quam
1189 1762 1254 1785 om-

507 1809 601 1842 nibus
625 1809 693 1841 aliis
710 1807 981 1847 clnistitidelibus,
998 1806 1052 1850 qui
1070 1806 1163 1839 etiam
1181 1815 1252 1838 vere

510 1863 706 1907 poenitentes·
726 1867 753 1894 et
773 1860 907 1894 confessi
931 1871 966 1893 ac
995 1861 1085 1892 sacra
1111 1869 1253 1892 commu-

510 1916 603 1949 nione
636 1915 743 1948 resecti
775 1914 960 1947 eorumdem
992 1912 1252 1956 presbyterorum

510 1969 658 2002 ecclesias
682 1973 733 2000 aut
754 1967 892 2000 oratoria
909 1966 954 2009 (in
974 1965 1161 1998 sanctissimi
1181 1966 1254 1998 Cor-

511 2023 597 2066 poris
621 2021 746 2061 Clu-isti,
764 2026 795 2053 ct
818 2019 1048 2063 Assumptionis
1069 2019 1177 2051 beatae
1195 2018 1254 2051 Ma-

512 2075 576 2108 riae
590 2074 726 2117 Virginis
741 2073 953 2113 festivitatum,
972 2072 1052 2105 acin
1076 2083 1138 2115 quo
1159 2072 1254 2104 eccle-

511 2128 574 2161 siae
589 2138 643 2160 seu
660 2127 799 2160 oratoria
817 2126 974 2159 dictorum
995 2125 1253 2169 presbyterorum

513 2182 543 2214 in
574 2192 761 2224 unaquaque
793 2180 928 2213 dioecesi
963 2190 1017 2211 seu
1049 2179 1118 2211 loco
1150 2178 1254 2222 prima

513 2235 579 2267 ricc
598 2235 715 2278 populo
731 2233 922 2277 aperientur,
944 2232 1068 2275 diebus)
1087 2231 1197 2264 devote
1215 2231 1255 2263 ri-

513 2287 692 2327 sitaverint,
718 2286 811 2319 simili
843 2285 1017 2329 apostolica
1049 2284 1254 2324 auctoritate,

515 2347 622 2375 tenore
649 2340 883 2384 praesentium,
908 2339 1001 2371 etiam
1027 2338 1254 2380 indulgentiam

513 2395 685 2439 plenariam
718 2399 747 2426 et
777 2393 918 2426 omnium
955 2397 1157 2436 peccatorum
1186 2402 1257 2424 suo-

514 2458 583 2480 rum
616 2447 833 2480 remissionem
859 2445 1060 2479 concedimus
1089 2448 1116 2478 et
1146 2444 1257 2487 elargi-

515 2511 596 2540 mur,
620 2499 838 2544 praesentibus
855 2498 1018 2542 perpetuis
1039 2497 1153 2531 suturis
1176 2503 1255 2530 tem-

514 2553 647 2597 poribus
672 2552 841 2585 duraturis,
861 2552 943 2585 Nulli
961 2562 1048 2594 ergo,
1063 2556 1120 2584 etc.
1138 2551 1169 2585 Si
1187 2552 1257 2595 quis

515 2610 632 2646 autem,
646 2610 703 2638 etc.

553 2670 563 2695 1
586 2667 808 2696 Coniunctionem
827 2670 852 2697 et
872 2667 995 2696 delemus
1015 2667 1114 2702 (uxr).

1079 274 1256 298 numium!
1283 274 1435 298 liminum

1318 321 1428 353 Datum
1453 322 1589 361 Tusculi,
1607 331 1689 356 anno
1713 333 1730 355 a
1747 322 1912 356 Nativitate
1928 322 1961 355 D.
1979 322 2014 355 N.

1276 375 1342 407 lesu
1375 375 1488 408 Christi
1527 385 1671 415 iincxm,
1700 381 1788 409 sexto
1820 375 1889 408 idus
1919 374 2015 415 maii,

1275 437 1356 460 anno
1381 437 1446 460 vm.

1311 489 1369 516 Dat.
1391 489 1434 516 die
1453 489 1469 516 8
1490 489 1551 516 maii
1569 489 1646 522 16¹3,
1663 489 1758 525 pontif.
1781 497 1824 516 an.
1842 496 1899 516 vm.

1568 629 1730 663 ccxxxii.

1276 701 1433 734 Facultas
1447 701 1568 734 nmzcio
1581 701 1740 734 Polom'ae
1755 700 1947 734 concedendi
1963 701 2020 734 cle-

1320 764 1356 786 ro
1383 753 1464 786 dicti
1492 754 1583 797 requi
1614 753 1801 796 facultatem
1833 753 2021 786 subsidium

1322 807 1392 849 reqi
1405 806 1599 849 praestandi
1616 816 1676 850 pro
1695 805 1839 839 eiusdem
1854 805 1949 849 reyni
1966 815 2022 839 ne-

1322 859 1550 893 cessitaeibus¹.

1277 938 1446 967 Venerabili
1475 939 1563 966 fratri
1591 939 1672 967 Lolio
1700 939 1840 973 episcopo
1865 939 2024 967 sainsore-

1314 984 1412 1019 9iensi
1432 984 1510 1018 apud
1527 984 1736 1012 charissimum
1753 985 1785 1012 in
1796 985 1912 1012 Christo
1928 985 2024 1012 fllium

1314 1033 1452 1057 nostrum
1464 1029 1686 1064 Sigismundum
1702 1029 1842 1058 poloniae
1858 1032 1889 1058 et
1905 1029 2025 1058 Svotiao

1314 1081 1416 1109 regem
1425 1075 1576 1102 illustrem
1586 1077 1690 1102 nostro
1701 1078 1732 1103 et.
1740 1075 1930 1109 apostolicae
1939 1074 2024 1103 sedis

1315 1125 1427 1146 nuncio

1511 1155 1624 1181 Paulus
1651 1155 1730 1189 Papa
1757 1155 1789 1182 V.

1289 1207 1477 1235 venerabilis
1497 1208 1602 1242 frater,
1624 1209 1755 1235 salutem
1775 1211 1807 1236 et
1827 1207 2025 1242 apostolicam

1524 1252 1775 1280 benedictionem.

1326 1326 1341 1365 ξ
1371 1323 1394 1355 l.
1420 1323 1507 1362 Cum,
1533 1323 1609 1355 sicut
1636 1324 1825 1367 accepimus,
1850 1324 1888 1357 ad
1912 1324 2025 1358 subve-

1282 1377 1432 1409 niendum
1467 1376 1616 1418 grai-ibus
1647 1377 1736 1419 regni
1767 1377 1913 1410 Poloniae
1939 1388 2027 1422 prae-

1283 1429 1424 1461 sentibus
1456 1429 1715 1470 necessitatibus,
1747 1430 1887 1463 eiusdem
1923 1432 2027 1465 clerus

1284 1482 1414 1515 subsidii
1445 1482 1573 1515 nomine
1601 1482 1738 1526 aliquam
1770 1483 1921 1527 pecuniae
1945 1494 2028 1517 sum—

1285 1546 1368 1568 mam
1399 1535 1585 1569 charissimo
1614 1536 1645 1569 in
1669 1536 1794 1570 Christo
1825 1536 1890 1570 silio
1918 1540 2028 1571 nostro

1285 1588 1488 1631 sigismundo
1513 1589 1659 1622 Poloniae
1690 1594 1720 1622 et
1748 1589 1870 1622 Svetiao
1893 1590 1962 1633 regi
1992 1590 2029 1623 il-

1286 1642 1390 1682 lustri,
1416 1643 1523 1675 nostra
1551 1647 1579 1674 et
1605 1642 1692 1675 Sedis
1715 1643 1912 1686 Apostolicae
1935 1643 1974 1676 ad
1998 1643 2029 1676 id

1285 1695 1452 1728 accedente
1470 1695 1593 1728 lieentia
1611 1701 1639 1729 et
1657 1706 1823 1737 consensu,
1837 1701 1947 1741 sponte
1959 1707 2030 1731 eon-

1286 1749 1368 1781 serre
1393 1749 1589 1789 desiderent3

1330 1804 1345 1847 ἓ
1369 1803 1398 1835 ΕΞ.
1425 1804 1487 1837 Nos
1512 1803 1664 1847 praedicti
1689 1803 1882 1847 Sigismundi
1899 1804 1983 1847 regis
1999 1809 2030 1838 et

1286 1856 1359 1889 dicti
1385 1856 1530 1890 I‘oloniae
1551 1858 1640 1900 regni
1661 1857 1841 1891 huiusmodi
1864 1857 2030 1891 necessita-

1286 1910 1369 1943 tibus
1400 1910 1564 1943 consulere
1597 1911 1735 1944 volentes
1750 1937 1757 1950 ‚
1782 1910 1837 1943 tibi
1852 1938 1859 1951 ,
1883 1915 1918 1944 ut
1944 1911 2029 1944 dicto

1286 1963 1487 2006 sigismundo
1511 1964 1578 2006 regi
1603 1974 1662 2008 pro
1682 1963 1773 1997 dietis
1792 1964 2030 1997 necessitatibus

1288 2017 1375 2059 regni
1401 2017 1586 2057 subsidium,
1612 2022 1722 2061 sponte
1747 2021 1862 2058 tamen,
1879 2017 2032 2062 archiepi-

1287 2070 1383 2113 scopi,
1410 2070 1560 2113 episcopi,
1586 2070 1730 2110 abbates,
1748 2075 1778 2103 et
1794 2069 1873 2103 aliae
1888 2069 2031 2103 ecclesia-

1287 2122 1382 2155 sticae
1400 2133 1568 2166 personae,
1593 2134 1650 2166 pro
1675 2125 1736 2155 unzi
1763 2123 1828 2156 vice
1853 2127 1883 2155 et
1907 2125 2030 2156 summa

1287 2186 1366 2219 quae
1391 2175 1436 2208 eis
1457 2175 1613 2209 videbitur
1630 2179 1761 2216 tantum,
1779 2175 1927 2215 tribuere,
1945 2185 2032 2220 prae-

1287 2229 1371 2261 dicto
1388 2233 1492 2261 autem
1513 2229 1716 2272 Sigismundo
1737 2229 1814 2272 regi,
1831 2229 1960 2272 eiusque
1977 2228 2032 2262 mi-

1289 2282 1406 2322 nistris,
1423 2281 1507 2325 quod
1528 2281 1701 2315 subsidium
1727 2281 1907 2314 huiusmodi
1923 2287 2031 2325 petere

1288 2340 1317 2368 ct
1343 2335 1485 2379 recipere
1509 2335 1626 2379 absque
1644 2334 1852 2368 conscientiae
1869 2335 2030 2379 scrupulo,

1288 2398 1323 2421 ac
1348 2399 1553 2421 censurarum
1579 2394 1609 2421 et
1633 2397 1808 2431 poenarum
1842 2387 2030 2421 ecelesiasti—

1289 2452 1397 2475 carum
1430 2442 1576 2482 incursu,
1601 2441 1698 2474 libere
1723 2446 1753 2473 et
1778 2441 1860 2474 licite
1888 2441 2030 2485 possint,

1289 2496 1459 2540 apostolica
1477 2495 1661 2528 auctoritate
1678 2494 1870 2537 indulgendi,
1887 2506 1923 2528 ac
1940 2495 2032 2528 licen-

1290 2549 1363 2581 tiam
1381 2547 1582 2587 concedendi,
1600 2548 1746 2592 ipsosque
1766 2548 2030 2592 archiepiscopos,

1290 2603 1465 2645 episcopos,
1489 2600 1624 2636 abbates,
1650 2610 1684 2631 ae
1709 2599 1785 2632 alias
1808 2610 1958 2643 personas
1983 2611 2032 2633 cc-

1330 2666 1336 2691 l
1362 2664 1397 2691 iix
1416 2665 1520 2698 ltegest.
1538 2662 1564 2688 iu
1585 2662 1684 2689 Secret.
1704 2661 1778 2688 lirev.

2024 274 2072 301 An.
2091 274 2122 301 C.
2142 274 2211 305 1618

2099 1338 2225 1365 mutantibus

2041 1365 2101 1412 ‘52⁹1
2124 1365 2226 1413 eretz
2247 1373 2267 1402 τ·

2040 1398 2088 1444 {0¹2³
2114 1396 2224 1444 „12:323„
2244 1409 2263 1425 --

2041 1444 2160 1466 subsidium
2167 1460 2173 1470 ,

2083 1814 2178 1837 Pontifex
2197 1814 2227 1836 fn·
2252 1817 2265 1838 ,’

2043 1842 2144 1863 cultatem
2153 1846 2228 1863 conco·

2044 1869 2076 1889 dit
2094 1869 2121 1890 do
2142 1873 2185 1896 qua
2205 1867 2227 1890 in
2251 1876 2273 1906 χιι,

2042 1894 2136 1916 rubricis.

2230 79 2234 84 .
2236 59 2242 65 Δ
2223 0 2253 42 ,ῥα

2258 1419 2264 1428 ι

2257 1433 2266 1447 θ

2250 1779 2271 1805 25
2252 1755 2270 1767 ’Δ
2247 1707 2271 1742 ·..Σ
2258 1634 2263 1641 1
