2293 3231
96 340 150 368 An.
166 339 197 368 C.
212 338 282 367 1623

129 401 227 423 clausula
242 401 279 422 dc·

96 428 212 456 rogatoria.

131 1251 279 1277 Trausumpto·

95 1283 142 1299 rum
158 1277 218 1298 fides.

128 2311 269 2333 Prooemium.

905 341 1081 366 GnEGonms
1106 342 1147 366 XV
1172 342 1220 365 Pr.

338 386 353 431 ἓ
376 386 405 419 lt.
431 387 500 421 Non
525 388 719 422 obstantibus
743 390 849 422 nostra
870 389 908 422 de
924 390 1049 432 gratiis*

293 439 331 473 ad
356 440 454 473 instar
477 451 540 474 non
565 442 789 483 concedendis,
815 453 850 475 ac
870 443 1049 486 quibusvis*

294 493 569 528 constitutionibus
589 500 619 528 et
643 495 894 529 ordinationibus
911 502 1033 540 aposto-

293 547 372 589 licis,
389 558 522 589 necnon,
539 553 694 593 quatenus
718 560 798 593 opus
815 550 863 590 sit,
881 550 1030 582 Ordinum

293 600 475 634 huiusmodi
501 601 607 644 (etiam
634 602 810 635 iuramento
828 630 835 643 ,
863 602 1031 635 confirma-

295 654 377 687 tione
403 655 585 698 apostolica,
603 656 649 688 vel
675 655 783 699 quavis
808 655 956 688 firmitate
973 656 1033 689 alia

293 707 464 752 roboratis)
483 708 604 742 statutis
618 713 647 741 et
665 709 953 750 eonsuetudiuilms,
974 709 1034 753 pri-

294 760 416 804 vilegiis
441 763 583 805 quoque,
608 762 736 795 indultis
769 769 796 795 ct
822 763 933 796 litteris
958 774 1033 807 apo-

295 814 423 855 stolicis,
435 815 466 847 in
480 816 674 849 contrarium
692 816 939 860 praemissorum
954 827 1032 860 quo-

293 867 466 903 modolibet
490 869 655 910 concessis,
673 870 866 903 confirmatis
890 876 919 902 et
939 870 1030 903 inno-

295 921 386 954 vatis:
405 922 520 966 quihus
540 923 686 956 omnibus
711 928 737 956 et
763 923 903 966 singulis,
925 933 1033 956 eorum
1050 939 1051 945 κ

295 974 435 1008 omnium
460 980 585 1009 tenores
608 976 824 1020 praesentibus
854 987 913 1019 pro
942 976 1034 1019 plene

295 1031 324 1061 et
341 1028 531 1062 sufficienter
544 1029 700 1073 expressis
712 1029 872 1070 hahentes,
887 1029 947 1061 illis
961 1029 1034 1061 alias
1050 1051 1051 1057 η

295 1080 326 1113 in
343 1092 400 1115 suo
416 1082 532 1116 robore
550 1083 776 1127 permansuris,
790 1084 848 1115 hac
864 1082 930 1114 viee
948 1082 1036 1114 dum-

296 1138 378 1167 taxat
402 1136 580 1179 specialiter
604 1141 634 1168 et
657 1146 803 1179 expresse
828 1136 1033 1178 derogamus,

295 1187 470 1230 ceterisque
490 1188 656 1221 contrariis
673 1188 935 1231 quibuscumque.

340 1240 354 1283 §
379 1239 408 1273 5.
435 1241 584 1274 Volumus
612 1246 731 1283 autem,
757 1246 791 1274 ut
821 1241 1052 1284 praesentium'

294 1294 508 1337 transumptis,
526 1294 619 1327 etiam
637 1294 809 1338 impressis,
826 1304 920 1326 manu
937 1294 1034 1326 alieu-

294 1346 342 1380 ius
365 1348 480 1381 notarii
503 1347 621 1391 publici
651 1347 855 1391 subscriptis,
880 1352 911 1379 et
932 1347 1034 1390 sigillo

293 1410 449 1444 personae
465 1401 497 1434 in
514 1401 664 1444 dignitate
689 1400 900 1434 ecclesiastica
924 1400 1036 1433 consti-

295 1459 378 1487 tutae
395 1454 533 1496 munitis,
551 1455 660 1487 eadem
680 1465 811 1498 prorsus
828 1454 906 1486 fides
918 1454 1034 1497 ubique

294 1507 492 1548 adhibeatur,
509 1518 589 1551 quae
613 1507 730 1540 eisdem
752 1507 968 1551 praesentibus
984 1506 1035 1538 ad-

294 1560 467 1601 hiberetur,
482 1561 508 1593 si
529 1561 631 1594 forent
648 1561 802 1593 exhibitae
818 1561 867 1592 rel
882 1565 1033 1593 ostensae.

339 1614 451 1647 Datum
467 1615 595 1656 Romae,
616 1613 699 1657 apud
716 1614 744 1646 S.
763 1614 900 1654 Petrum,
915 1613 971 1645 sub
986 1622 1036 1645 an-

296 1668 371 1700 nulo
396 1667 574 1708 Piscatoris,
592 1667 641 1699 die
657 1677 691 1700 111
710 1666 859 1699 februarii
881 1676 1031 1707 MDCXXIH,

296 1720 497 1764 pontificatus
512 1721 612 1754 nostri
629 1731 710 1753 anno
731 1730 761 1753 ιι.

332 1774 391 1801 Dat.
408 1774 452 1802 die
466 1775 483 1801 3
498 1774 629 1802 februarii
645 1774 724 1807 1623,
740 1773 836 1809 pontif.
853 1781 923 1800 anno
942 1779 970 1800 ιι.

650 1892 680 1925 C.

296 1952 439 1987 Iubilaci
462 1954 618 1987 concessio
637 1953 910 1996 Clzrz'stz'fidelibus
922 1953 1037 1986 Arme-

341 2003 430 2042 niae,
457 2002 500 2036 ad
523 2014 601 2046 quos
631 2003 809 2035 mittuntur
832 2001 1038 2034 miss-ionarioe'

343 2049 477 2084 Ordinis
497 2051 770 2085 Praedicatorum
782 2049 800 2082 ¹.

501 2117 657 2152 Gregorius
678 2118 756 2151 Papa
775 2117 831 2151 XV,

299 2169 452 2197 Universis
471 2172 502 2198 et
521 2170 648 2204 singulis
664 2173 840 2204 praesentes
857 2169 977 2196 litteras
993 2168 1038 2195 in-

335 2210 493 2244 specturis,
508 2211 638 2238 salutem
658 2214 688 2238 et
709 2210 903 2244 apostolicam
922 2209 1039 2236 benedi-

336 2250 474 2278 ctionem.

345 2307 482 2340 Pastoris
507 2307 636 2347 aeterni,
654 2307 706 2350 qui
728 2318 787 2350 pro
812 2307 917 2349 gregis
942 2307 1039 2339 salute

301 2361 332 2393 in
346 2362 400 2393 ara
421 2360 524 2393 crucis
537 2360 695 2393 immolari
715 2360 918 2399 x*0111it‚vices
935 2371 1057 2403 quam-1

301 2425 394 2458 quam
415 2414 564 2447 immeriti
578 2419 724 2456 gerentes
741 2414 772 2446 in
790 2413 890 2453 terris,
907 2424 943 2446 ac
960 2413 1042 2446 inter

300 2473 419 2501 ceteras
451 2467 651 2510 gravissimas
682 2477 772 2499 curas
797 2466 833 2498 de
858 2467 1040 2499 commissa-

299 2532 372 2555 rum
385 2521 478 2554 nobis
489 2520 593 2554 ovium
605 2520 703 2552 salute
717 2520 841 2552 assidue
857 2520 1040 2563 cogitantes,

299 2574 338 2607 ad
351 2584 387 2608 ea
398 2574 534 2607 libenter
550 2573 750 2613 intendimus,
760 2583 816 2616 per
833 2583 912 2616 quae
930 2583 1039 2608 eorum

299 2627 397 2671 pietas
413 2632 444 2660 et
463 2627 597 2667 devotio,
615 2627 856 2670 animarmnque
873 2627 955 2659 salus
972 2636 1038 2658 ma—

301 2681 369 2713 iora
384 2680 545 2724 suscipere
566 2680 686 2712 valeant
704 2679 905 2712 incrementa.

338 2740 348 2766 1
372 2738 410 2766 Ex
429 2739 537 2775 Regest.
557 2739 585 2766 in
605 2740 710 2767 Secret.
732 2739 809 2766 Brev.

1707 331 1769 365 787
1817 340 2000 368 An.c.1623

1111 392 1125 433 ξ
1149 390 1176 422 ’1.
1203 390 1278 423 Cum
1303 390 1407 433 itaque
1440 389 1544 422 dilecti
1577 389 1632 422 filii
1662 389 1823 432 nonnulli,
1867 402 2003 432 ‹humo-1103

1066 442 1329 476 Ordinissratrum
1344 443 1596 476 Praedicatorum
1611 443 1805 486 professores
1820 428 2002 476 2113230.n¹f¹'¹¹³⁰¹

1066 495 1097 527 in
1121 496 1312 537 Armeniam,
1338 496 1375 528 ad
1401 496 1493 529 sidem
1519 496 1705 529 catholicam
1730 505 1804 539 pro-

1066 549 1259 592 pagandam,
1285 549 1524 593 animarumque
1554 548 1803 582 christifidelium

1066 601 1190 634 illarum
1204 603 1339 645 partium
1352 603 1481 635 salutem
1496 602 1737 646 procurandam,
1748 601 1806 634 ius-

1062 666 1103 687 -su
1120 660 1227 688 nostro
1240 656 1434 699 propediem,
1447 655 1650 688 bemffdieente
1663 655 1805 696 Domino,

1066 708 1255 751 profecturi*
1275 709 1352 748 sint·,
1370 719 1443 749 nos,
1461 708 1644 742 eorumdem
1662 707 1808 741 christili-

1067 761 1182 794 delimn
1200 762 1375 794 animarum
1394 762 1484 795 saluti
1508 763 1637 808 paternii
1654 761 1805 795 charitate

1067 815 1247 858 prospicere
1264 815 1434 858 cupientes,
1454 825 1586 855 necnon,
1605 819 1637 847 ut
1654 815 1712 847 hac
1729 816 1807 858 Apo-

1068 867 1194 900 stolieae.
1219 868 1306 900 Sedis
1327 868 1425 910 gratia
1446 868 1564 900 invitati
1590 868 1806 908 orationibus,

1068 920 1192 953 ieiuniis
1225 926 1251 953 et
1283 921 1350 953 aliis
1381 921 1441 965 piis
1465 921 1613 964 operibus
1638 921 1807 953 ferventius

1068 973 1176 1006 intenti
1193 974 1334 1014 existant,
1352 975 1501 1007 caelestes
1515 975 1669 1007 Ecclesiae
1686 975 1808 1007 thesau-

1069 1038 1130 1067 ros,
1148 1039 1282 1071 quorum
1304 1028 1535 1072 dispensatores
1554 1039 1570 1061 a
1587 1029 1720 1061 Domino
1737 1038 1808 1061 con-

1069 1081 1166 1113 stituti
1183 1092 1302 1121 sumus,
1316 1082 1358 1114 ibi
1375 1082 1551 1124 erogandos
1564 1082 1718 1115 duximus.

1113 1134 1126 1175 ξ
1151 1133 1179 1166 P..
1202 1134 1318 1176 Itaque,
1336 1134 1373 1166 de
1397 1135 1622 1177 omnipotentis
1638 1134 1692 1167 Dei
1718 1134 1807 1167 mise-

1068 1185 1205 1218 ricordia
1230 1197 1265 1219 ac
1289 1187 1452 1219 beatorum
1474 1188 1556 1220 Petri
1581 1192 1609 1219 et
1631 1187 1716 1220 Pauli
1733 1197 1808 1230 apo-

1068 1240 1222 1272 stolorum
1248 1240 1313 1272 eius
1337 1240 1522 1273 auctoritate
1547 1240 1667 1280 confisi,
1693 1251 1729 1272 ex
1754 1240 1806 1272 illa

1069 1293 1183 1335 ligandi
1215 1298 1307 1336 atquc
1337 1294 1476 1326 solvendi
1510 1299 1680 1337 potestate,
1712 1304 1806 1337 quam

1068 1346 1149 1378 Deus
1173 1346 1264 1379 nobis
1288 1347 1374 1389 (licet
1399 1347 1547 1390 indignis)
1573 1347 1718 1388 eontulit,
1743 1357 1808 1379 om-

1069 1399 1162 1432 nibus
1177 1404 1204 1432 et
1222 1399 1353 1442 singulis
1371 1400 1536 1443 utriusque
1554 1411 1646 1432 sexus
1663 1400 1809 1432 christifi-

1068 1453 1191 1486 delibus
1208 1454 1389 1486 earumdem
1407 1454 1571 1487 Armeniae
1587 1454 1734 1497 partium,
1755 1454 1809 1497 qui

1069 1507 1169 1540 tribus
1191 1507 1302 1540 diebus
1326 1508 1447 1551 primae
1472 1508 1519 1540 rel
1545 1508 1699 1540 secundae
1726 1507 1806 1540 heba

1069 1559 1232 1600 domadae,
1256 1566 1328 1603 post
1351 1560 1564 1603 praesentium
1588 1560 1741 1600 notitiam,
1766 1561 1809 1593 ie-

1070 1613 1256 1653 iunaverint,
1277 1618 1307 1645 et
1330 1614 1453 1656 expleto
1478 1612 1594 1645 ieiunio
1618 1612 1808 1653 huiusmodi,

1070 1665 1197 1708 praevia
1221 1665 1437 1698 sacramentali
1464 1665 1658 1698 consessione
1683 1665 1810 1697 sanetis-

1070 1718 1184 1750 sinmm
1198 1718 1412 1750 Eucharistiae
1425 1723 1654 1750 sacramentum
1672 1728 1810 1761 sumpse-

1070 1771 1141 1811 rint,
1160 1776 1190 1804 et
1213 1771 1405 1815 pauperibus
1425 1771 1561 1814 aliquam
1578 1772 1809 1816 eleemosynam

1070 1835 1181 1857 eorum
1206 1825 1338 1857 arbitrio
1363 1824 1577 1867 erogaverint,
1602 1835 1734 1865 necnon,
1758 1824 1808 1857 die

1070 1879 1108 1911 de
1132 1890 1194 1922 quo
1218 1890 1235 1911 a
1260 1879 1350 1911 dictis
1374 1879 1531 1921 religiosis
1551 1878 1661 1911 moniti
1681 1878 1809 1916 suerint,

1071 1932 1236 1964 ecclesiam
1261 1942 1316 1964 seu
1340 1931 1487 1964 ecelesias
1512 1931 1550 1963 ad
1573 1931 1634 1964 hoc
1659 1931 1698 1963 ab
1724 1930 1811 1962 Ordi-

1070 1985 1167 2017 nariis
1183 1985 1324 2018 locorum
1343 1984 1549 2027 designandas
1573 1984 1683 2016 devote
1707 1983 1811 2016 visita-

1071 2037 1181 2077 verint,
1195 2042 1224 2069 et
1238 2037 1282 2069 ibi
1298 2048 1356 2080 pro
1373 2037 1616 2070 christianorum
1633 2036 1810 2080 principum

1071 2091 1251 2131 eoncordia,
1268 2091 1435 2124 haeresum
1461 2091 1677 2134 extirpatione,
1695 2101 1730 2123 ac
1746 2100 1812 2123 san-

1072 2150 1138 2177 ctae
1158 2144 1264 2177 Matris
1287 2144 1443 2177 Ecclesiae
1464 2144 1659 2184 exaltatione,
1683 2143 1750 2186 pias
1774 2143 1813 2175 ad

1073 2199 1170 2230 Deum
1194 2208 1306 2241 preces
1338 2197 1521 2237 effuderint,
1546 2197 1718 2240 plenariam
1749 2207 1812 2229 om-

1073 2251 1158 2283 nium
1184 2256 1386 2294 peccatorum
1415 2261 1545 2283 suorum
1570 2250 1811 2289 remissionem,

1074 2304 1151 2336 sicut
1177 2304 1209 2335 in
1233 2314 1313 2336 anno
1338 2303 1464 2336 iuhilaei
1491 2303 1686 2336 visitantibus
1711 2306 1812 2335 certas

1074 2357 1220 2390 ecclesias
1251 2357 1331 2389 intra
1365 2362 1394 2389 et
1428 2361 1513 2389 extra
1543 2356 1658 2389 Urbem
1684 2356 1812 2389 concedi

1074 2411 1246 2451 consuevit,
1262 2410 1510 2443 misericorditer
1530 2409 1562 2441 in
1586 2409 1718 2442 Domino
1743 2419 1813 2442 con-

1074 2463 1213 2496 cedimus
1230 2467 1259 2496 et
1278 2463 1459 2506 elargimur.

1117 2517 1132 2559 ξ
1155 2516 1184 2549 3.
1200 2516 1238 2549 [t
1255 2521 1358 2548 autem
1376 2516 1471 2548 iidem
1488 2515 1709 2549 christifideles
1726 2526 1814 2559 prae·
1874 2522 2012 2570 ⁶⁰⁰s⁸⁵i³rii1⁵

1074 2569 1168 2602 missa
1192 2575 1379 2613 peragentes
1398 2569 1492 2601 huius
1508 2569 1727 2612 pretiosissimi
1744 2569 1813 2602 the-
1828 2555 1943 2598 [cfficsism
1958 2555 1983 2570 π
2007 2559 2015 2564 ’

1074 2623 1158 2655 sauri
1181 2623 1351 2666 participes
1374 2622 1443 2655 lieri
1469 2622 1589 2655 facilius
1613 2622 1743 2666 possint,
1768 2633 1814 2655 re-

1073 2676 1194 2718 ligiosis
1229 2675 1412 2719 praedictis,
1437 2681 1467 2707 ct
1497 2675 1565 2708 aliis
1595 2673 1832 2709 sacerdotibus¹

1112 2739 1119 2764 t
1140 2739 1285 2773 perperam
1297 2737 1360 2764 edit.
1374 2737 1455 2764 Main.
1468 2737 1532 2773 legit
1542 2738 1703 2772 professum·
1712 2740 1750 2772 (a.
1762 2740 1813 2772 T.).

1894 1146 2006 1167 Concessio

1821 1172 1997 1199 indulgentiarum

1821 1206 1867 1220 cum
1902 1201 2006 1226 praescri-

1822 1227 1893 1251 ptione
1912 1232 2006 1252 operum.

1822 1255 1862 1273 etc.
