2293 3231
319 266 349 288 tu
377 265 403 288 ΙΙ,
430 265 494 289 1’··.’.“1

352 1493 413 1513 Ful-s
429 1493 499 1513 danda

317 1522 456 1545 'zamrimptiz

353 2549 473 2569 Exordium.

541 254 604 286 8!ss

510 312 717 347 muiullatiris.
742 310 911 348 cassatixis,
937 308 1138 347 revocativis,
1163 317 1251 350 prae-

512 364 682 399 sanativis.
701 361 883 406 exceptivis,
902 359 1094 399 restitutiris,
1110 359 1251 392 declara-

513 417 591 455 tivis,
603 416 712 448 mentis
726 413 907 448 attestativis
924 424 958 446 ae
976 412 1250 455 derogatoriarum

512 467 868 511 derogatoriis,aliisque
883 465 1113 499 efficacioribus
1127 470 1155 497 et
1173 465 1252 497 inso-

514 522 573 554 litis
590 521 748 561 clausulis,
764 519 1000 564 quomodolibet
1017 518 1111 551 etiam
1132 518 1252 562 pluries

512 575 677 614 concessis,
695 573 889 607 consu-matis
906 578 935 605 et
953 572 1116 606 innovatis.
1133 571 1252 611 Quibus

511 629 656 661 (mutibus
681 628 825 671 (etiamsi,
846 638 905 671 pro
935 627 1062 660 illorum
1086 625 1252 659 sufficienti

511 682 717 724 derogatione
741 681 779 714 de
804 681 883 721 illis,
908 690 1084 723 eorumque
1114 678 1188 712 totis
1213 684 1254 711 te-

512 734 641 768 noribus
666 733 809 777 specialis
823 739 852 766 et
870 733 1039 773 individua,
1056 743 1090 765 ac
1104 732 1142 765 de
1156 731 1253 765 verbo

511 788 549 820 ad
574 787 715 828 verbum,
736 796 798 820 non
823 791 927 820 autem
950 796 1008 830 per
1024 785 1180 818 clausulas
1203 794 1255 827 ge-

512 842 633 875 nerales
648 840 729 873 idem
745 840 962 884 impet-tantos,
973 839 1089 873 mentio
1099 850 1154 872 seu
1163 848 1255 883 quae-

514 896 557 927 iis
580 895 641 927 alia
664 893 824 937 expressio
850 892 993 926 habenda
1023 898 1077 925 aut
1100 891 1254 936 exquisita

513 949 613 981 forma
637 946 789 980 servanda
815 946 904 986 soret,
929 951 959 979 et
982 946 1014 978 iu
1038 945 1082 978 eis
1107 950 1255 978 caveatur

512 1011 676 1045 expresse,
701 999 786 1044 quod
810 999 870 1032 illis
897 1000 1075 1033 nullatenus
1107 998 1255 1042 derogari

514 1054 636 1098 possit),
651 1054 779 1087 illorum
795 1063 830 1086 ac
848 1053 990 1087 omnium
1008 1057 1038 1085 et
1058 1051 1255 1095 singularum

513 1108 687 1142 litterarum
703 1106 936 1151 praedictarum
951 1110 1075 1141 tenores
1086 1105 1257 1150 praesenti-

514 1162 571 1194 bus
583 1171 641 1205 pro
651 1161 844 1195 sufficienter
855 1160 1013 1205 expressis
1025 1171 1062 1194 ac
1074 1160 1113 1193 ad
1123 1160 1256 1194 verbum

515 1214 648 1257 insertis,
659 1224 781 1248 necnon
792 1214 904 1248 modos
917 1218 946 1248 et
959 1215 1076 1248 formas
1093 1214 1131 1247 ad
1147 1214 1179 1247 id
1195 1225 1257 1247 ser-

515 1268 629 1302 vandas
641 1280 700 1313 pro
716 1268 876 1302 individuo
886 1268 1017 1302 servatis
1029 1268 1257 1309 babentes‚hac

516 1322 580 1355 rice
592 1322 764 1363 dumtaxat,
774 1322 836 1355 illis
850 1322 926 1355 alias
938 1322 969 1355 in
982 1332 1039 1355 suo
1055 1322 1173 1355 robore
1189 1332 1258 1365 per-

515 1375 682 1416 mansuris,
692 1376 805 1408 harum
817 1375 898 1408 serie
907 1375 1086 1419 specialiter
1095 1378 1125 1408 et
1134 1385 1258 1418 expres-

515 1439 547 1462 se
564 1429 763 1472 derogamus,
781 1429 947 1462 contrariis
962 1428 1222 1473 quibuscumque.

560 1483 575 1526 g
589 1482 638 1516 113.
654 1483 804 1516 Volumus
818 1487 933 1523 autem,
946 1482 1030 1526 quod
1043 1482 1257 1526 praesentium

515 1536 690 1569 litterarum
709 1535 922 1580 transumptis,
946 1546 1042 1569 manu
1058 1535 1190 1568 alieuius
1206 1546 1258 1569 no-

516 1589 585 1624 tarii
606 1590 723 1634 publici
741 1589 937 1634 subscriptis,
955 1595 985 1623 et
1000 1590 1103 1633 sigillo
1124 1590 1257 1623 alicuius

515 1652 666 1686 personae
683 1643 713 1675 in
731 1642 881 1686 dignitate
898 1642 1110 1676 ecclesiastica
1133 1644 1254 1677 consti-

516 1701 599 1729 tutae
619 1695 763 1736 munitis,
785 1695 894 1729 eadem
918 1706 1050 1740 prorsus
1074 1696 1152 1729 fides
1168 1696 1258 1730 adhi-

515 1749 625 1782 beatur
647 1749 765 1792 ubique
790 1749 821 1781 in
844 1748 960 1782 iudicio
991 1753 1019 1782 et
1049 1754 1138 1782 extra
1169 1749 1255 1791 illud,

516 1811 594 1845 quae
625 1802 842 1846 praesentibus
869 1802 1082 1843 adhiberetur,
1106 1802 1131 1836 si
1155 1803 1258 1837 forent

516 1855 671 1888 exhibitae
690 1856 738 1889 vel
759 1860 911 1889 ostensae.

560 1907 672 1942 Datum
685 1909 813 1949 Romae,
828 1909 910 1953 apud
921 1909 949 1944 S.
959 1908 1087 1943 Mariam
1098 1910 1258 1952 Maiorem,

517 1961 574 1994 sub
591 1962 706 1995 annulo
723 1962 898 2004 Piscator-is,
908 1962 957 1995 die
975 1973 1006 1997 1x
1016 1963 1089 1997 maii
1101 1974 1257 2005 nncxxm,

518 2015 716 2057 pontificatus
733 2016 830 2050 nostri
851 2026 932 2049 anno
949 2026 992 2050 111.

555 2077 614 2105 Dat.
631 2078 674 2105 die
689 2078 705 2105 9
721 2078 782 2105 maii
805 2078 882 2111 1623,
904 2080 1000 2115 pontif.
1017 2088 1061 2108 an.
1079 2087 1115 2107 m.

857 2196 915 2230 CX.

521 2257 612 2296 Quod
627 2257 695 2290 loca
708 2257 871 2291 Montium
890 2259 1104 2292 cameralium
1121 2260 1163 2293 ad
1179 2261 1259 2296 Con-

563 2311 784 2353 qreqationem
805 2311 843 2344 de
863 2311 1085 2356 Propaqanda
1107 2313 1170 2356 fide
1194 2324 1259 2358 spe-

563 2364 686 2397 ctantia
703 2365 854 2408 eaetinyui
863 2375 919 2398 seu
931 2365 1051 2399 redimi
1062 2372 1226 2411 nequeant
1239 2367 1258 2400 ¹.

725 2435 883 2470 Gregorius
904 2435 983 2470 Papa
1002 2437 1059 2472 XV,

640 2478 675 2504 ad
695 2483 872 2513 perpetuam
890 2480 936 2508 rei
956 2482 1138 2509 memoriam.

567 2539 763 2582 Apostolatus
787 2541 943 2583 officium,
967 2543 1086 2577 meritis
1110 2544 1183 2579 licet
1206 2545 1261 2577 im-

1083 259 1260 283 nrrmntt‘xt
1286 258 1438 282 ROMANUM

1285 312 1317 338 ut
1338 315 1445 338 rerum
1470 312 1497 338 οι
1525 305 1681 338 bonorum
1699 306 1958 349 Congregationis
1979 317 2026 339 ve-

1283 358 1473 391 nerabilium
1505 358 1638 391 fratrum
1667 364 1849 392 nostrorum
1875 359 1905 393 S.
1932 360 1966 393 R.
1992 359 2025 393 E.

1285 411 1492 444 cardinalium
1519 411 1646 454 negotio
1667 411 1891 455 propagandae
1907 412 1938 445 in
1961 413 2028 446 uni-

1286 474 1377 497 verso
1394 464 1513 497 mundo
1531 464 1616 497 Fidei
1633 464 1888 508 praepositorum
1905 475 2028 499 conser-

1285 517 1401 550 vationi
1415 521 1445 551 et
1459 517 1698 558 manutentioni,
1716 522 1869 561 quantum
1883 529 1955 552 cum
1971 518 2028 552 Do-

1285 570 1371 603 mino
1396 580 1573 614 possumus,
1593 571 1806 604 consulamus.

1329 622 1344 665 ἓ
1364 622 1393 655 t.
1417 623 1500 657 Motu
1525 622 1629 667 itaque
1652 624 1801 669 proprio,
1826 629 1856 658 et
1880 634 1917 658 ex
1941 626 2028 658 certa
2043 638 2226 693 (lugentur-:3333
2266 627 2271 635 ⁴

1286 675 1416 708 scientia
1440 685 1476 708 ac
1501 679 1624 709 matura
1648 676 1875 711 deliberatione
1900 678 2028 721 nostris,

1287 727 1389 772 deque
1413 729 1605 773 apostolicae
1629 730 1791 774 potestatis
1814 730 2029 774 plenitudine,

1286 782 1371 826 quod
1391 783 1430 816 de
1455 787 1561 817 cetero
1585 784 1747 828 perpetuis
1771 784 1885 818 suturis
1912 789 2031 829 tempo-

1288 836 1376 869 ribus
1393 837 1461 870 loca
1478 838 1629 870 Montium
1651 839 1868 879 cameralium,
1888 849 1969 882 quae
1992 839 2032 872 ad

1288 889 1430 923 eamdem
1448 890 1734 934 Congregationem
1750 902 1834 925 nunc
1848 896 1992 936 spectant
2002 897 2034 926 et

1288 944 1457 988 pertinent,
1481 955 1517 978 ac
1542 956 1601 989 pro
1626 950 1769 990 tempore
1794 945 2034 990 quomodolibet

1288 997 1474 1041 spectabunt
1499 1002 1529 1032 et
1552 998 1765 1043 pertinebunt,
1789 1000 1876 1033 nullo
1893 1009 2033 1044 unquam

1289 1055 1433 1094 tempore
1467 1062 1525 1095 per
1555 1057 1673 1086 sortem
1706 1052 1770 1086 sive
1806 1053 2033 1087 extractionem

1289 1114 1343 1137 seu
1378 1104 1454 1137 alias
1489 1105 1729 1149 quomodolibet
1763 1116 1801 1139 ex
1835 1116 2033 1151 quacumque

1289 1159 1394 1199 causa,
1415 1159 1509 1192 etiam
1526 1159 1728 1203 quantumvis
1746 1160 1872 1203 urgenti
1885 1164 1916 1193 et
1928 1170 2034 1194 neces-

1289 1212 1394 1253 saria,
1418 1212 1479 1246 nisi
1507 1212 1545 1246 de
1573 1215 1722 1257 expressa
1753 1214 1859 1247 nostra
1889 1218 1921 1246 et
1943 1213 2032 1248 Sedis

1289 1265 1488 1309 Apostolicae
1512 1265 1649 1307 licentia,
1676 1266 1815 1310 extingui
1840 1277 1896 1300 seu
1919 1267 2033 1300 redimi

1290 1317 1420 1360 possint,
1444 1323 1484 1359 et,
1505 1318 1530 1351 si
1555 1318 1681 1352 licentia
1705 1319 1888 1352 huiusmodi
1913 1319 2030 1353 suffra-

1290 1374 1382 1413 gante
1400 1370 1509 1404 cadem
1527 1371 1605 1412 loca,
1622 1377 1657 1405 ut
1675 1372 1865 1416 praefertur,
1882 1383 1938 1406 seu
1957 1372 2035 1406 alias

1290 1423 1528 1467 quomodolibet
1552 1425 1692 1468 extingui
1717 1435 1772 1458 seu
1795 1425 1909 1459 redimi
1933 1425 2034 1460 conti-

1290 1477 1382 1520 gerit,
1406 1477 1555 1522 pretium,
1580 1489 1643 1522 quo
1667 1482 1741 1512 tunc
1766 1479 1797 1512 in
1813 1478 1942 1523 publico
1965 1480 2034 1514 foro

1291 1536 1469 1572 censentur,
1489 1542 1548 1576 pro
1564 1532 1609 1565 eis
1626 1532 1704 1566 solvi
1724 1533 1852 1567 omnino
1868 1533 1989 1568 debeat.

1336 1585 1351 1628 ἓ
1375 1584 1405 1617 2.
1431 1585 1616 1619 Praesentes
1641 1596 1716 1620 vero
1740 1586 1870 1628 litteras,
1888 1590 1919 1621 et
1941 1587 1974 1620 in
1989 1587 2035 1621 eis

1292 1643 1438 1671 contenta
1450 1649 1679 1684 quaecumque,
1700 1640 1793 1673 etiam
1817 1650 1855 1673 ex
1878 1650 1926 1682 eo,
1950 1641 2035 1685 quod

1292 1690 1484 1735 quicumque
1502 1691 1533 1725 in
1548 1693 1731 1736 praemissis
1751 1693 1903 1726 interesse
1918 1693 2037 1728 haben-

1292 1749 1338 1778 tes
1361 1754 1417 1778 seu
1439 1745 1555 1779 habere
1579 1746 1820 1790 praetendentes
1843 1747 1882 1780 ad
1906 1747 1967 1782 hoe
1985 1758 2037 1781 vo-

1292 1798 1362 1839 cati,
1383 1798 1466 1833 citati
1491 1802 1522 1833 et
1545 1799 1642 1832 auditi
1667 1810 1731 1833 non
1754 1800 1882 1841 suerint,
1903 1811 1959 1834 seu
1975 1801 2037 1835 alio

1291 1861 1493 1896 quocumque
1513 1856 1687 1896 praetextu,
1705 1855 1799 1886 causa
1816 1858 1847 1886 et
1861 1853 2037 1895 occasione,

1292 1904 1331 1937 de
1355 1905 1570 1949 subreptionis
1594 1906 1641 1939 vel
1667 1905 1876 1950 obreptionis,
1895 1911 1950 1940 aut
1971 1907 2038 1941 nul-

1292 1958 1387 1990 litatis
1412 1957 1509 1999 vitio,
1533 1963 1587 1991 aut
1611 1958 1792 1992 intentionis
1816 1965 1964 2001 nostrae,
1987 1960 2035 1994 vel

1292 2011 1353 2045 alio
1377 2011 1489 2056 quovis
1504 2011 1627 2045 defectu
1646 2012 1760 2054 notari,
1781 2012 1974 2058 impugnari,
1991 2023 2037 2048 re-

1292 2064 1415 2108 dargui,
1439 2064 1579 2108 infringi,
1603 2065 1634 2097 in
1659 2065 1707 2098 ius
1723 2066 1771 2099 vet
1788 2066 2036 2100 controversiam

1292 2118 1446 2159 revocari,
1472 2123 1525 2151 aut
1548 2118 1606 2152 sub
1630 2119 1792 2163 quibusvis
1811 2119 1964 2153 similium
1987 2120 2036 2154 vel

1293 2171 1492 2205 dissimilium
1505 2172 1679 2216 gratiarum
1695 2172 1960 2215 revocationibus
1974 2183 2038 2208 sus-

1293 2225 1497 2269 pensionibus
1525 2225 1764 2259 limitationibus
1791 2226 1839 2260 vel
1870 2227 1939 2260 aliis
1966 2237 2038 2261 con-

1294 2279 1399 2313 trariis
1429 2279 1689 2323 dispositionibus
1719 2279 1919 2314 nullatenus¹
1950 2291 2035 2314 com—

1294 2332 1448 2376 prehendi
1473 2343 1576 2376 posse;
1601 2332 1655 2366 sed
1680 2343 1806 2377 semper
1829 2338 1859 2366 et
1881 2338 2036 2378 perpetuo

1293 2385 1421 2426 validas,
1434 2385 1543 2418 firmas
1560 2390 1591 2419 et
1607 2385 1750 2419 efficaces
1766 2386 1901 2420 existere
1915 2391 1946 2420 et
1958 2386 2036 2427 sore,

1294 2449 1431 2483 suosque
1449 2439 1609 2483 plenarios
1625 2444 1656 2472 et
1672 2439 1812 2483 integros
1829 2439 1958 2473 effectus
1973 2449 2038 2473 sor-

1294 2491 1345 2525 tiri
1370 2497 1400 2525 et
1424 2492 1585 2533 obtinere,
1610 2492 1718 2536 sicque
1737 2503 1795 2536 per
1819 2502 2037 2537 quoscumque

1295 2544 1414 2578 iudices
1430 2545 1608 2578 ordinarios
1624 2549 1654 2578 et
1670 2545 1830 2588 delegatos
1854 2544 1947 2579 etiam
1963 2555 2037 2579 cau-

524 2591 662 2634 paribus,
673 2593 764 2626 nobis
775 2604 811 2627 ex
824 2595 887 2629 alto
899 2596 1102 2630 commissum
1113 2598 1260 2641 postulat,
1295 2608 1401 2632 sarum
1422 2599 1527 2643 palatii
1545 2598 1710 2643 apostolici
1727 2597 1886 2632 auditores
1900 2598 2035 2642 (sublata

561 2655 569 2680 1
594 2653 631 2680 Ex
650 2654 755 2690 Regest.
777 2657 802 2683 in
822 2657 921 2685 Secret.
944 2658 1017 2686 Brev.

1331 2662 1342 2688 ¹
1361 2660 1428 2688 Male
1443 2660 1506 2688 edit.
1522 2660 1600 2688 Main.
1617 2660 1682 2696 legit.
1700 2661 1846 2689 ullatenus
1861 2661 1898 2698 (n.
1914 2661 1964 2696 ¹12).

2075 1597 2194 1620 etan-uta·

2226 0 2269 191 1

2039 259 2088 286 An.
2104 258 2133 285 C.
2155 259 2222 288 ¹623
2240 271 2256 287 ι

2238 319 2267 366 ξι

2245 373 2261 390 ί.

2241 415 2261 449 ἐι

2240 455 2259 468 ὦῚ

2238 484 2258 503 ις

2235 499 2268 573 ἐξ
