2293 3231
306 331 356 360 ΑΙ.
372 330 400 360 C.
423 331 491 360 ¹622

352 1833 497 1859 eottessiatam-

315 1868 356 1890 qno
371 1863 483 1883 ecclesiam
494 1877 499 1886 ,

315 1892 337 1910 nt
355 1895 419 1910 unum
437 1889 499 1909 colla·

316 1917 371 1941 flium
383 1916 486 1942 erinon-ti.

536 322 600 357 770

508 379 678 414 memoriae
703 378 904 411 franciscum
922 376 932 409 1
950 375 1135 410 eorumdem
1154 375 1248 408 Fran·
1264 384 1267 422 Ιζ

509 444 618 468 corum
643 443 749 476 regem
776 432 925 465 initorum
943 432 960 471 ¹,
978 435 1097 474 spectat
1123 435 1151 463 et
1176 440 1248 474 per-

508 488 608 530 tinet),
631 495 753 518 necnon
784 485 943 528 prioratus
974 483 1154 516 huiusmodi
1182 482 1266 523 frti-j

509 545 586 579 ctus,
606 538 746 572 redditus
765 543 793 570 et
815 541 995 582 proventus,
1013 536 1053 569 ad
1069 535 1247 580 quindecim
1264 528 1266 536 ’

509 592 593 625 mille
611 592 706 624 libras
720 596 906 624 turonenses
916 590 963 623 vel
981 590 1064 623 circa
1078 590 1248 633 (summam

509 646 604 678 trium
621 644 755 677 millium
775 644 962 677 ducatorum
979 643 1049 676 auri
1066 642 1104 675 de
1123 644 1248 675 camera

509 699 634 733 circiter
658 698 878 741 conficientes)
906 703 968 730 tam
998 707 1056 740 pro
1085 695 1250 729 abbatibus

508 762 602 796 quam
642 749 899 784 conventualibus
936 749 1052 782 mensis
1089 748 1269 783 annuatiml

509 805 669 838 dumtaxat
686 803 900 843 ascendentes,
918 802 949 835 in
966 802 1136 846 provinciis
1155 802 1252 834 Picta-

508 856 848 898 viensi‚Xanctonensi,
873 855 1096 896 Lemovicensi,
1121 860 1152 887 et
1176 855 1252 888 Mar-

509 911 608 952 chiae‚
630 910 706 943 alias
725 910 764 943 de
788 910 816 942 la
840 909 976 950 Marche,
997 908 1185 949 consistant,
1210 908 1250 941 ob

509 975 683 1008 eorumque
703 963 884 996 distantiam
900 968 930 995 et
946 962 1180 1006 separationem
1197 961 1252 994 hu-

511 1018 656 1058 iusmodi,
677 1017 801 1052 nonnisi
824 1018 937 1060 magna
962 1027 1033 1049 cum
1058 1015 1251 1056 difficultate,

509 1083 545 1107 ac
566 1072 678 1106 maiori
704 1072 847 1116 impensa
871 1070 953 1113 exigi
979 1070 1113 1114 possint;
1135 1074 1165 1102 et
1181 1080 1253 1113 pro-

509 1132 616 1171 pterea
631 1125 784 1159 Heni-icus
796 1124 857 1157 dux
869 1128 897 1158 et
906 1123 1053 1168 princeps
1062 1123 1251 1167 praedictus,

508 1190 568 1225 pro
593 1181 648 1213 sua
672 1178 823 1222 singulari
843 1178 958 1221 pietate
983 1177 1155 1210 catholicae
1179 1176 1251 1209 fidei

509 1233 680 1279 puritatem
697 1232 729 1265 in
745 1232 823 1266 locis
848 1231 990 1264 dominio
1006 1241 1063 1264 suo
1082 1230 1252 1274 temporali

510 1287 658 1321 subiectis
672 1297 736 1320 non
749 1286 851 1320 solum
865 1295 1063 1325 conservare,
1077 1284 1131 1318 sed
1147 1284 1252 1324 etiam,

511 1347 662 1387 quantum
693 1341 725 1374 in
750 1350 782 1373 se
806 1345 870 1380 est,
894 1349 1070 1383 propagare
1106 1338 1252 1382 cupiens,

511 1394 703 1429 monasteria
720 1399 751 1427 et
767 1393 944 1438 prioratum
961 1391 1152 1432 huiusmodi,
1169 1401 1205 1423 ae
1223 1391 1253 1424 in

512 1449 556 1484 eis
580 1449 698 1483 dictum
723 1447 887 1488 Ordinem,
913 1456 1101 1490 omnemque
1126 1446 1271 1479 illorum*

513 1508 638 1543 statum,
658 1501 825 1535 essentiam
850 1506 879 1534 et
904 1499 1143 1544 dependentiam
1164 1509 1255 1542 regu-

512 1557 595 1590 lares
618 1561 772 1601 perpetuo
796 1555 949 1599 supprimi
974 1560 1003 1587 et
1029 1553 1186 1596 extingui,
1208 1563 1253 1592 ac,

512 1621 572 1656 pro
585 1610 696 1644 maiori
711 1609 806 1642 divini
820 1609 922 1642 cultus
935 1613 967 1641 et
980 1608 1106 1652 piorum
1120 1617 1254 1650 operum

513 1669 693 1707 augmento,
709 1673 744 1696 ac
761 1663 966 1695 vassallorum
984 1672 1039 1694 seu
1055 1660 1254 1694 subditorum
1270 1655 1272 1661 ’

514 1728 643 1752 suorum
665 1716 819 1761 spirituali
839 1715 1054 1749 consolatione
1071 1720 1100 1748 et
1116 1724 1256 1747 commo-

513 1771 618 1812 ditate,
635 1781 730 1804 unam
753 1770 927 1803 secularem
945 1774 975 1802 et
992 1768 1190 1812 collegiatam
1211 1778 1257 1800 ec-

514 1825 652 1865 clesiam,
669 1830 699 1857 et
715 1824 747 1856 in
767 1826 803 1857 ea
822 1833 916 1856 unam
933 1823 1100 1863 abbatiam,
1118 1822 1255 1856 suturam

515 1879 547 1912 in
571 1878 704 1912 seculari
729 1882 759 1911 ct
789 1877 955 1920 collegiata
985 1875 1117 1910 ecclesia
1142 1875 1253 1908 huius-

515 1932 600 1966 modi
614 1931 797 1975 dignitatem
812 1931 1029 1975 principalem,
1041 1940 1077 1962 ac
1090 1928 1256 1962 duodecim

516 1986 715 2020 canonicatus
733 1990 763 2018 et
781 1984 976 2029 praebendas
990 1994 1048 2028 pro
1065 1994 1129 2016 uno
1146 1982 1257 2016 abbate

516 2044 546 2073 et
570 2038 736 2072 duodecim
762 2038 885 2071 clericis
911 2048 966 2071 seu
991 2036 1184 2081 presbyteris
1209 2046 1256 2068 se-

517 2093 687 2133 cularibus,
703 2092 862 2125 canonicis
885 2091 1027 2125 eiusdem
1047 2090 1198 2124 ecclesiae
1215 2099 1259 2122 se-

517 2146 632 2180 cularis
663 2151 692 2179 et
724 2146 906 2188 collegiatae
937 2144 1070 2185 suturis,
1095 2154 1131 2176 ac
1160 2153 1257 2176 unum

516 2200 686 2243 collegium
711 2199 874 2234 Societatis
896 2200 964 2232 Iesu
986 2199 1016 2231 in
1033 2199 1117 2233 dicto
1141 2198 1258 2242 oppido

515 2254 702 2288 Castoriensi
727 2254 805 2297 erigi
831 2259 862 2286 et
885 2253 1026 2293 institui;
1051 2253 1109 2286 sibi
1135 2263 1209 2286 vero
1229 2258 1260 2285 et

516 2319 574 2352 pro
599 2313 741 2351 tempore
773 2307 916 2340 existenti
949 2307 1023 2340 dicti
1047 2306 1155 2350 oppidi
1187 2305 1259 2339 duci

518 2361 623 2394 omnia
647 2366 677 2394 et
701 2361 824 2403 singula
848 2360 980 2402 stabilia,
1006 2371 1066 2401 res,
1084 2360 1259 2404 proprieta-

519 2419 575 2454 tes,
600 2414 730 2454 sructus,
756 2414 905 2450 redditus,
921 2420 949 2447 et
975 2418 1156 2457 proventus,
1181 2413 1259 2453 iura,

520 2467 724 2500 obventiones
750 2472 779 2500 et
804 2468 1017 2500 emolumenta
1042 2478 1259 2510 quaecumque

521 2521 704 2554 eorumdem
741 2522 1006 2554 monasteriorum
1040 2526 1071 2554 et
1102 2521 1260 2565 prioratus

521 2579 675 2617 perpetuo
700 2575 828 2607 concedi
853 2580 883 2607 et
907 2575 1075 2617 assignari;
1096 2580 1259 2615 et‚eorum

522 2627 602 2667 loco,
619 2638 744 2660 mensae
769 2628 933 2671 capitulari
960 2628 1059 2662 dictae
1078 2629 1260 2671 collegiatae

524 2680 671 2712 ecclesiae
684 2681 727 2713 sic
744 2680 910 2723 erigendae
920 2682 992 2724 (pro
1006 2682 1127 2714 abbatis
1141 2687 1168 2714 et
1186 2682 1261 2715 duo-

560 2743 571 2769 1
590 2741 660 2769 Edu.
677 2742 756 2770 Μαίη.
772 2744 838 2779 legit.
855 2744 934 2772 inita
949 2750 985 2778 tn.
1002 2745 1048 2779 T.).

1064 327 1243 352 BULLARIUM
1267 326 1423 352 nouitium

1282 375 1383 408 decim
1398 375 1637 408 canonicatuum
1652 381 1683 408 et
1698 375 1951 420 praebendarum
1968 376 2024 410 hu-

1283 427 1418 461 iusmodi
1436 430 1577 470 congrua
1591 433 1621 461 et
1638 429 1827 472 competenti
1843 428 1926 470 dote,
1939 430 2024 464 illos-

1282 492 1343 525 que
1362 492 1421 526 pro
1439 486 1582 525 tempore
1601 481 1812 515 obtinentium
1827 483 2025 517 sustentatio-

1282 535 1335 577 ne)
1353 545 1406 567 sex
1420 534 1564 575 millium,
1575 534 1665 578 quae¹
1680 534 1766 568 mille
1775 541 1806 568 et
1819 535 2025 578 octingentos,

1283 587 1417 630 collegio
1441 598 1517 621 vero
1536 587 1706 632 praedictis
1730 587 1804 632 (pro
1828 587 1912 622 itlius
1935 588 2027 623 colle-

1283 641 1413 684 gialium
1446 641 1695 685 sustentatione)
1724 646 1860 685 quatuor
1890 641 2026 676 millium

1285 693 1439 726 librarum
1464 694 1695 736 turonensium,
1719 704 1800 738 quae
1820 694 1907 728 mille
1923 698 1954 729 et
1969 694 2027 728 du-

1284 751 1391 781 centos
1405 747 1535 781 ducatos
1551 747 1670 781 similes
1683 747 1810 782 circiter
1822 748 2026 789 constituunt,

1285 800 1425 835 redditus
1449 811 1571 834 annuos
1595 806 1625 834 et
1647 806 1821 846 perpetuos
1837 811 1894 846 per
1909 801 2027 836 dietum

1267 863 1269 890 ¹.
1285 853 1456 888 Henricum
1481 855 1594 888 ducem
1612 859 1642 888 et
1657 854 1836 899 principem
1851 854 1884 888 in
1900 858 1946 890 tot
1964 861 2028 889 ter-

1285 918 1339 941 rae
1358 908 1450 952 petiis
1473 913 1504 941 et
1527 908 1675 952 praediis,
1692 919 1748 942 seu
1771 909 1840 942 aliis
1864 908 1955 943 bonis
1970 912 2030 943 sta-

1285 961 1419 1004 bilibus,
1444 961 1527 994 intra
1553 962 1708 995 ambitum
1732 962 1841 996 decem
1866 962 2029 996 leucarum

1285 1015 1533 1060 circumquaque
1545 1015 1752 1059 assignandis,
1765 1016 1918 1060 applicari
1930 1020 1961 1050 et
1973 1026 2029 1061 ap-

1285 1069 1443 1113 propriari
1467 1069 1638 1109 deside1·et;
1663 1080 1700 1103 ac
1722 1075 1890 1114 propterea
1914 1069 2029 1103 dietam

1286 1123 1483 1166 collegiatam
1519 1123 1683 1156 ecclesiam
1715 1134 1733 1156 a
1763 1122 1975 1156 fundamentis
2000 1127 2031 1157 et

1287 1176 1455 1219 collegium
1487 1176 1570 1220 apud
1601 1177 1716 1210 dictam
1741 1177 1907 1210 ecclesiam
1931 1177 2030 1211 sancti

1286 1229 1432 1270 Gildasii,
1456 1240 1536 1274 quae
1571 1230 1713 1274 reparari
1736 1230 1862 1272 debet⁹‚
1886 1230 2031 1265 similiter

1287 1284 1389 1316 extrui
1420 1284 1542 1324 facere,
1574 1285 1787 1329 omnibusque
1819 1285 2030 1328 ornamentis,

1286 1337 1477 1381 paramentis
1505 1347 1541 1370 ac
1565 1340 1654 1371 saera
1678 1343 1707 1370 et
1739 1338 1871 1382 profana
1903 1339 2030 1383 suppel-

1288 1391 1393 1431 lectili,
1411 1391 1542 1435 aliisque
1559 1392 1598 1425 ad
1613 1392 1755 1425 divinum
1778 1393 1899 1426 cultum
1922 1403 2031 1427 neces-

1288 1445 1378 1477 sariis
1402 1446 1592 1478 sufficienter
1617 1446 1773 1479 instruere
1789 1451 1820 1479 et
1842 1457 1968 1488 ornare,
1985 1457 2031 1481 ca-

1288 1499 1408 1532 nonicis
1418 1499 1557 1532 eiusdem
1568 1500 1750 1543 collegiatae
1761 1501 1911 1535 ecclesiae
1920 1501 2031 1536 domos

1289 1553 1486 1586 canonicales
1502 1559 1696 1596 construere,
1711 1565 1766 1587 seu
1779 1554 1807 1588 ei
1824 1554 1863 1588 de
1879 1555 2032 1589 sufficien-

1289 1607 1371 1641 tibus
1396 1607 1479 1640 iuxta
1504 1618 1615 1640 eorum
1635 1608 1818 1651 qualitatem
1835 1608 2033 1644 habitationi-

1289 1658 1348 1691 bus
1372 1658 1550 1702 providere,
1575 1668 1697 1692 necnon
1722 1669 1817 1692 unam
1835 1659 1866 1692 in
1882 1660 2033 1704 Burgido-

1289 1712 1384 1745 lensis
1408 1717 1438 1745 et
1462 1712 1555 1745 aliam
1581 1713 1612 1745 in
1637 1714 1735 1746 sancti
1764 1713 1892 1747 Gildasii
1923 1724 2033 1748 mona-

1290 1766 1460 1799 steriorum
1477 1777 1513 1800 ae
1529 1766 1667 1810 reliquas
1683 1772 1748 1800 tres
1765 1767 1876 1800 missas
1891 1767 2033 1812 qualibet

1289 1819 1487 1853 hebdomada
1500 1820 1531 1853 in
1544 1820 1703 1864 prioratus
1715 1820 1950 1865 praedictorum
1964 1831 2035 1867 cap-

1291 1874 1391 1917 pellis,
1415 1880 1510 1918 prout
1534 1875 1684 1908 hactenus
1709 1880 1895 1909 consuetum
1920 1880 1977 1918 est,
2000 1876 2033 1910 in

1291 1931 1480 1973 perpetuum
1505 1927 1659 1962 celebrari
1683 1928 1801 1969 facere,
1825 1933 1856 1961 et
1874 1939 1933 1973 pro
1955 1929 2035 1963 cele-

1291 1983 1433 2016 bratione
1458 1982 1612 2015 dictarum
1638 1982 1735 2015 trium
1760 1982 1929 2016 missarum
1950 1993 2034 2016 sum-

1291 2046 1374 2069 mam
1410 2035 1713 2080 quadringentarum
1745 2042 1775 2069 et
1805 2036 2034 2080 quinquaginta

1291 2090 1445 2122 librarum
1463 2089 1624 2130 similium,
1641 2094 1768 2123 centum
1787 2094 1819 2123 et
1838 2089 1967 2133 triginta
1981 2090 2035 2125 du-

1292 2148 1378 2177 catos
1406 2153 1499 2187 pares
1523 2143 1649 2176 circiter
1673 2143 1948 2185 constituentium,
1974 2154 2034 2188 pro

1292 2207 1400 2230 earum
1425 2197 1634 2241 eleemosyna,
1658 2196 1788 2241 insuper
1812 2196 1976 2231 monachis
1992 2197 2035 2231 di-

1292 2256 1416 2284 ctorum
1448 2250 1712 2284 monasteriorum
1742 2250 1914 2294 professis,
1939 2261 2035 2296 supra

1293 2315 1462 2337 numerum
1493 2303 1645 2337 tredecim
1660 2331 1667 2345 ,
1693 2304 1746 2347 qui
1778 2303 1810 2336 in
1834 2303 1980 2337 abbatem
2005 2308 2035 2338 et

1293 2357 1461 2391 canonicos
1485 2357 1585 2390 dictae
1610 2357 1759 2390 ecclesiae
1782 2356 1966 2400 collegiatae
1981 2356 2036 2391 eli-

1293 2417 1417 2455 gentur,
1441 2411 1686 2450 remanentibus,
1704 2410 1852 2445 ducentas
1869 2411 1967 2444 libras
1984 2421 2036 2455 pa-

1294 2477 1354 2506 res,
1368 2466 1594 2509 quinquaginta
1604 2465 1734 2498 ducatos
1745 2465 1873 2505 similes,
1883 2464 1930 2497 vel
1941 2464 2034 2506 circa,

1293 2519 1505 2559 conficientes,
1518 2518 1685 2562 quotannis
1699 2528 1757 2561 pro
1770 2517 1910 2561 quolibet
1923 2527 2035 2552 eorum

1295 2575 1356 2606 vita
1382 2573 1531 2613 durante,
1556 2583 1612 2605 seu
1635 2571 1735 2604 donec
1763 2570 1866 2604 abbati
1891 2576 1922 2604 et
1946 2581 2036 2606 cano-

1294 2628 1372 2661 nicis
1396 2626 1564 2672 praedictis
1588 2625 1626 2659 de
1650 2625 1718 2658 aliis
1742 2624 1905 2658 beneficiis
1934 2625 2035 2660 eccle-

1331 2701 1340 2726 1
1366 2699 1485 2726 Erronee
1504 2697 1568 2725 edit.
1590 2696 1669 2724 Main-
1691 2695 1755 2730 legit
1775 2696 1827 2730 qui
1845 2699 1882 2731 (a.
1899 2697 1947 2732 Τ.).

1329 2744 1347 2771 2
1362 2743 1432 2771 Edit.
1447 2743 1528 2771 Μαίη.
1541 2742 1614 2777 legit.
1631 2741 1732 2770 debent
1748 2742 1785 2776 (R.
1801 2741 1854 2777 Τ.).

2039 327 2091 357 An.
2106 326 2136 357 C.
2153 326 2222 357 tm
