2293 3231
276 270 312 296 An
327 270 357 302 ‚s
392 269 457 298 “3:22

308 2585 376 2603 Pinum
400 2587 463 2603 imum

281 2610 370 2635 eligendi
386 2610 465 2635 l'apani

281 2642 318 2661 ΡΝ
357 2643 387 2663 [Ψ
400 2640 464 2658 ratiu-

281 2669 337 2683 nvm-

503 261 568 296 664

1056 271 1236 295 BULLARlUM
1256 270 1411 296 Romnum

477 319 671 352 consistorii>
682 324 709 350 et
723 318 1022 359 congregationibus
1034 318 1219 361 suffragium
1235 327 1238 376 1
1254 328 1349 362 quem
1373 319 1564 353 [manimiter
1591 326 1620 353 et
1646 321 1715 354 viva
1731 331 1806 355 voce
1829 322 1995 356 Summum

479 374 586 409 serant.
607 373 644 404 do
669 372 831 409 modestia,
848 381 928 415 quae
951 371 990 403 ab
1015 371 1091 415 ipsis
1116 371 1146 403 in
1171 371 1220 405 liis
1236 378 1237 384 ¹
1256 371 1438 406 Pontificem
1468 373 1682 417 proclamant;
1707 374 1791 408 circa
1814 385 1908 421 quem
1932 386 1996 410 mo—

476 432 503 458 vt
531 426 598 458 aliis
623 425 743 457 actibus
767 424 910 457 adhiberi
935 423 1044 466 debet,
1072 424 1221 468 quodam-

478 479 570 511 modo
594 478 832 517 admoneantur,
849 487 912 511 non
936 482 1042 510 autem
1062 478 1220 521 pertinere

478 531 515 563 ad
541 531 743 575 praecipuam
777 530 983 564 cardinalium
1019 531 1220 571 facultatem,

476 596 555 629 quae
580 585 664 617 cirea
700 584 815 617 summi
840 583 999 618 Pontisseis
1035 585 1219 618 electionem

482 643 622 670 xci-satur
637 664 645 679 ,
669 648 749 681 quae
785 637 954 671 declaratio
979 637 1024 670 Pii
1049 637 1071 669 V
1096 648 1221 683 semper

479 691 640 734 lua-usque
665 691 829 724 observata
853 690 919 725 suit.

520 744 674 784 Quoniam
699 749 804 777 autem
831 755 867 777 ex
888 744 1082 788 Gregoriana
1105 744 1222 778 Consti—

392 793 461 839 ,.ζξζ,ξ,ζ
479 799 597 832 tutione
623 798 661 831 ad
685 802 790 832 actum
823 798 1002 839 electionis,
1027 798 1086 831 sub
1118 801 1220 842 poena

396 847 461 893 ,2:3¹5
478 852 629 885 nullitatis
643 879 651 892 ,
675 852 823 885 devenire
848 862 912 885 non
940 855 1073 896 possunt
1095 856 1220 896 patres,

360 912 371 920 ¹·
392 906 535 939 ‘’'·'uisi
561 906 668 939 clauso
704 905 862 939 conclavi:
897 911 960 939 tres
992 905 1168 939 cardinales
1191 910 1222 938 et

479 960 694 1001 camerarius,
719 960 859 993 eiusdem
892 959 1128 994 Constitutionis
1152 969 1222 992 exe-

477 1018 627 1059 quutores
644 1013 794 1058 deputati,
812 1013 1033 1058 providebunt,
1051 1018 1095 1054 ut,
1116 1013 1221 1046 statim

479 1074 549 1112 post
573 1069 716 1102 clausum
740 1068 906 1109 conclave,
931 1067 1066 1110 diligens
1088 1077 1146 1111 per
1169 1067 1223 1100 ali-

476 1134 556 1168 quos
580 1124 634 1157 fiat
664 1123 827 1168 inquisitio
851 1133 946 1167 super
971 1122 1037 1167 ipsa
1061 1123 1220 1165 clausura,

478 1181 579 1222 eaque
604 1178 634 1210 in
659 1177 772 1211 effectu
796 1179 933 1221 reperta,
950 1176 1116 1217 curabunt,
1132 1181 1167 1209 ut
1182 1176 1221 1210 de

478 1235 514 1265 ra
532 1232 693 1276 publicum
711 1232 764 1264 fiat
783 1231 1008 1265 documentum
1028 1241 1086 1275 per
1110 1230 1222 1274 magis-

479 1293 562 1319 trum
588 1287 859 1320 caeremoniarum
886 1285 1073 1330 rogandum,
1093 1291 1124 1318 et
1150 1290 1222 1329 post

482 1340 662 1374 huiusmodi
698 1339 924 1373 documentum
940 1367 947 1381 ,
978 1339 1073 1374 etiam
1097 1339 1121 1372 si
1146 1349 1221 1372 con-

479 1394 565 1427 clave
590 1394 620 1426 in
646 1397 762 1434 totum,
787 1393 835 1426 vel
858 1403 917 1437 pro
942 1398 1052 1437 parte,
1077 1392 1115 1426 dc
1139 1392 1222 1425 sacto

478 1454 622 1491 apertum
646 1447 743 1480 fuisse
768 1446 954 1491 reperiatur,
974 1456 1102 1490 semper
1119 1452 1222 1479 tamen

478 1502 632 1541 clausum,
658 1506 687 1533 et
713 1511 771 1544 pro
797 1500 903 1533 clauso
927 1499 1049 1533 censeri
1066 1505 1096 1533 et
1111 1499 1221 1532 haberi

479 1554 569 1587 debet
594 1554 632 1587 ad
657 1553 803 1588 effectum
841 1553 1008 1586 validitatis
1039 1553 1222 1595 electionis,

478 1609 578 1641 donec
595 1608 633 1641 de
658 1617 813 1640 consensu
837 1607 972 1640 duarum
996 1606 1134 1651 partium
1159 1616 1224 1640 car-

477 1662 629 1695 dinalium
655 1661 869 1705 praesentium
899 1671 956 1705 per
973 1665 1094 1694 secreta
1115 1660 1224 1693 suffra-

479 1716 529 1756 gia
551 1720 695 1759 apertum
722 1725 789 1748 csse
814 1714 1002 1748 declaretur.
1019 1714 1103 1747 Haec
1119 1720 1222 1747 tamen

479 1769 660 1810 declaratio,
678 1769 834 1810 electioni,
859 1779 941 1813 quac
964 1773 1036 1802 ante
1060 1768 1160 1812 ipsam
1178 1768 1222 1801 sa-

477 1829 525 1856 rta
551 1823 655 1863 tuerit,
673 1823 851 1856 nullatenus
874 1822 1093 1866 praeiudicare
1118 1821 1222 1862 debet,

478 1889 577 1921 neque
614 1877 654 1910 ob
687 1877 786 1921 ipsam
822 1876 1067 1910 declarationem
1098 1887 1223 1921 praece-

477 1932 554 1965 dens
578 1931 690 1965 electio
716 1930 893 1975 impugnari
918 1936 1028 1974 potest.

523 1986 610 2019 Mane
626 1984 767 2029 sequenti
781 1990 851 2029 post
867 1985 1009 2018 clausum
1023 1984 1222 2028 praecedenti

479 2044 569 2072 nocte
593 2039 751 2079 conclave,
772 2043 842 2082 post
865 2037 993 2071 solitum
1018 2038 1222 2082 campanulae

478 2103 602 2134 sonum,
618 2092 805 2125 conveniunt
827 2091 1001 2125 cardinales
1018 2092 1049 2125 in
1074 2102 1111 2126 eo
1135 2102 1223 2136 prae-

478 2151 592 2185 sentes,
608 2146 661 2189 qui
688 2145 869 2178 infirmitate
887 2155 949 2178 non
974 2150 1042 2178 sunt
1071 2144 1222 2188 impediti,

477 2200 514 2232 ad
540 2200 715 2244 cappellam
742 2199 921 2239 Paulinam,
942 2204 971 2231 ct
996 2198 1040 2231 ibi
1065 2197 1223 2232 celebrata

477 2255 627 2287 consueta
654 2253 760 2294 missa,
774 2258 804 2285 ct
818 2253 897 2285 lacta
915 2252 1122 2285 cardinalium
1141 2262 1223 2285 com-

480 2307 649 2348 munione,
682 2307 786 2339 statim
811 2306 848 2339 ad
874 2306 1037 2349 negotium
1062 2305 1223 2339 electionis

481 2361 657 2405 procedere
670 2361 795 2401 debent,
812 2360 897 2404 quod
918 2360 1044 2404 quidem
1061 2359 1167 2400 hodie,
1185 2370 1222 2392 ex

478 2415 624 2458 Gregorii
644 2414 880 2455 Constitutione,
898 2424 961 2448 uno
978 2419 1098 2447 tantum
1119 2425 1155 2446 ex
1173 2414 1224 2446 tri-

481 2469 538 2501 bus
564 2469 665 2502 modis
696 2469 760 2501 sire
785 2468 893 2501 formis
924 2467 1141 2512 peragendum
1167 2472 1223 2508 cst,

479 2522 617 2565 alioquin
643 2522 753 2555 electio
777 2522 929 2555 nullitatis
957 2521 1032 2555 vitio
1052 2521 1201 2554 subiacet.

527 2575 649 2608 Primus
675 2576 787 2609 modus
803 2581 860 2616 est,
878 2576 931 2619 qui
948 2575 1037 2619 quasi
1055 2585 1112 2619 per
1130 2574 1224 2618 inspi-

482 2628 633 2661 rationem
660 2635 805 2662 vocatur:
823 2629 949 2673 quando
974 2629 1092 2662 scilicet
1112 2637 1223 2662 omnes

482 2682 666 2724 cardinales,
687 2684 775 2727 quasi
791 2684 885 2717 atllati
900 2683 1018 2728 Spiritu
1031 2684 1155 2724 Sancto,
1173 2682 1224 2715 ali-

1254 424 1329 458 dum
1353 436 1390 458 ex
1419 424 1648 460 Constitutione
1683 426 1876 470 Gregoriana
1906 428 1996 462 infra-

1254 476 1371 521 scripta
1395 478 1498 512 notari
1515 483 1663 522 possunt:

1299 531 1451 573 Primum,
1476 532 1554 566 haec
1577 532 1679 567 forma
1702 533 1863 568 electionis
1885 535 1998 578 practi—

1254 584 1318 617 cari
1337 589 1441 629 potest
1457 585 1559 619 solum
1575 585 1608 619 in
1624 586 1764 620 conclavi
1779 591 1810 620 et
1825 597 1864 621 eo
1880 587 1996 622 clauso:

1254 638 1404 680 secundo,
1417 638 1511 672 debet
1524 639 1594 673 lieri
1608 640 1718 675 electio
1730 640 1904 674 secundum
1917 641 1998 676 hanc

1254 692 1389 725 sormam
1413 692 1452 726 ab
1475 693 1622 727 omnibus
1646 699 1677 727 et
1699 694 1831 738 singulis
1854 694 1998 728 cardina-

1256 746 1338 780 libus
1351 746 1382 780 in
1395 747 1536 780 conclavi
1549 747 1784 792 praesentibus:
1802 748 1906 790 tertio,
1915 759 1998 783 com-

1255 799 1394 833 muniter
1420 805 1452 833 et
1480 800 1607 834 nemine
1642 811 1754 835 eorum
1777 801 1996 836 dissentiente:

1254 858 1378 897 quarto,
1398 853 1485 887 nullo
1502 853 1710 898 praecedente
1726 854 1765 888 de
1780 856 1916 899 persona
1934 860 1998 889 tra-

1255 911 1360 948 ctatu,
1385 912 1416 940 et
1446 917 1505 951 per
1538 907 1669 941 verbum
1693 907 1778 952 eliqo
1808 908 1998 952 intelligibili

1255 970 1331 994 voce
1355 960 1516 1004 prolatum
1539 964 1592 995 aut
1615 961 1734 1006 scripto
1757 971 1953 1006 expressum,
1973 963 1998 996 si

1255 1025 1331 1048 voce
1341 1024 1404 1048 non
1418 1015 1517 1059 possit
1529 1015 1675 1060 proferri.
1689 1015 1876 1060 Exemplum
1893 1019 1999 1050 autem

1256 1069 1350 1103 liuius
1373 1075 1477 1114 potest
1505 1079 1573 1103 csse
1608 1069 1812 1104 huiusmodi:
1836 1069 1863 1103 si
1885 1069 1999 1114 aliquis

1255 1128 1392 1167 patrum,
1420 1123 1527 1158 clauso
1553 1123 1704 1165 conclavi,
1723 1123 1822 1164 nullo,
1850 1129 1885 1158 ut
1907 1134 1999 1169 prae-

1255 1178 1365 1220 fertur,
1387 1177 1595 1222 praecedente
1618 1178 1747 1222 speciali
1771 1183 1905 1212 tractatu
1919 1206 1927 1220 ‚
1951 1178 1998 1213 di-

1255 1238 1354 1267 ceret:
1378 1232 1642 1267 reverendissimi
1665 1231 1808 1273 domini,
1832 1234 2000 1278 perspecta

1254 1286 1422 1331 sinqulari
1436 1286 1555 1319 virtute
1571 1290 1601 1319 et
1622 1285 1782 1329 probitate
1805 1285 1844 1320 R.
1871 1285 1911 1319 D.
1939 1286 1996 1327 N„

1255 1337 1404 1371 iudicare
1427 1337 1527 1370 illum
1553 1336 1739 1381 eliqenclum
1758 1347 1822 1370 esse
1845 1337 1883 1371 in
1909 1347 1998 1371 sum-

1255 1402 1343 1425 mum
1368 1389 1571 1433 Pontificem,
1594 1394 1623 1423 et
1640 1400 1679 1423 οτι)
1700 1400 1788 1423 mmo
1811 1400 1867 1434 69⁰
1891 1390 2001 1435 ipsum

1255 1445 1340 1489 eliqo
1364 1445 1401 1477 in
1417 1444 1565 1487 Papam;
1589 1443 1712 1484 deinde,
1739 1443 1802 1477 hoc
1825 1443 1942 1485 audito,
1973 1443 1999 1477 si

1256 1498 1352 1532 ceteri
1377 1501 1492 1542 patres,
1518 1497 1645 1530 nemine
1670 1502 1811 1541 excepto,
1833 1502 2000 1542 sequentes

1256 1551 1352 1597 primi
1377 1551 1574 1592 sententiam,
1595 1551 1708 1585 eodem
1732 1551 1830 1586 verbo
1854 1551 1940 1596 eliyo
1955 1551 2002 1585 in-

1257 1606 1412 1650 telligibili
1438 1615 1514 1639 voce
1530 1605 1664 1650 prolato,
1681 1610 1734 1638 aut
1750 1605 1776 1638 si
1800 1615 1864 1639 non
1887 1610 1999 1650 potest,

1256 1660 1288 1693 in
1313 1660 1438 1704 scriptis
1462 1670 1622 1704 expresso,
1647 1659 1793 1693 eumdem
1810 1660 1864 1701 N.,
1881 1659 1920 1692 de
1935 1670 1999 1704 quo

1256 1714 1362 1747 nullus
1385 1713 1532 1758 specialis
1553 1716 1702 1748 tractatus
1718 1713 1900 1757 praecessit,
1917 1723 2000 1747 eom-

1257 1767 1394 1802 muniter
1418 1767 1581 1810 eligerent,
1599 1767 1667 1811 ipse
1687 1767 1722 1801 N.
1743 1771 1827 1800 esset
1849 1766 1998 1800 canonice

1255 1822 1374 1855 electus
1404 1826 1435 1854 et
1465 1831 1559 1854 verus
1593 1820 1696 1864 Papa,
1721 1820 1894 1854 secundum
1918 1820 1999 1854 lianc

1256 1875 1419 1909 electionis
1436 1875 1581 1915 sormam,
1597 1883 1677 1918 quae
1693 1873 1808 1907 dieitur
1823 1884 1881 1918 per
1905 1873 1999 1918 inspi-

1256 1929 1420 1963 rationem.

1299 1982 1461 2017 Secundus
1485 1981 1597 2016 modus
1626 1987 1673 2015 est
1702 1991 1759 2026 per
1789 1981 1998 2025 compromis-

1256 2047 1337 2077 sum,
1352 2035 1477 2079 quando
1490 2035 1609 2069 scilieet
1626 2034 1811 2075 cardinales,
1824 2034 1863 2068 ad
1876 2034 1999 2068 electio-

1256 2100 1328 2123 nem
1353 2100 1410 2134 per
1441 2090 1522 2122 hanc
1548 2088 1681 2123 sormam
1706 2098 1762 2122 seu
1785 2088 1867 2121 viam
1892 2098 1999 2132 proce·

1256 2143 1330 2177 dere
1356 2143 1506 2184 volentes,
1523 2143 1755 2176 committerent
1779 2141 1937 2186 aliquibus
1960 2151 1997 2175 ex

1256 2197 1398 2241 patribus
1422 2196 1557 2240 eligendi
1581 2201 1777 2240 potestatem,
1794 2201 1829 2229 ut
1853 2195 1919 2229 vice
1935 2205 2000 2229 om-

1257 2251 1343 2283 nium
1369 2249 1527 2284 Ecclesiae
1551 2249 1727 2283 Catholicae
1751 2248 1937 2294 provideant.
1960 2249 1999 2283 de

1258 2305 1394 2338 Pastore.
1419 2304 1514 2338 Cuius
1530 2303 1650 2337 formae
1674 2305 1781 2348 praxis
1804 2306 1909 2347 potest
1931 2312 1999 2336 esse

1257 2357 1452 2392 huiusmodi:
1477 2358 1581 2402 primo
1605 2367 1716 2391 omnes
1740 2362 1771 2390 et
1793 2355 1910 2400 singuli
1933 2366 1999 2389 car-

1257 2412 1376 2446 dinales
1407 2412 1439 2444 in
1471 2410 1610 2445 conclavi
1646 2414 1847 2454 praesentes,
1871 2409 1998 2442 nemine

1257 2476 1367 2499 eorum
1385 2464 1596 2504 dissentiente,
1615 2463 1646 2496 in
1665 2463 1788 2507 aliquos
1805 2472 1841 2496 ex
1854 2462 1999 2506 patribus

1258 2519 1522 2564 compromissum
1540 2517 1666 2558 faciunt,
1683 2516 1817 2560 exempli
1837 2516 1951 2560 gratia,
1967 2517 1998 2550 in

1258 2574 1339 2607 hanc
1363 2574 1507 2607 sormam:
1525 2571 1564 2606 In
1584 2572 1715 2605 nomine
1727 2570 1867 2609 Domini,
1890 2580 1995 2603 nonen.

1257 2628 1282 2662 A
1289 2638 1355 2661 mio
1361 2627 1401 2660 ab
1409 2626 1564 2667 eiusdem,
1571 2630 1640 2665 etc„
1647 2634 1764 2665 menese,
1777 2629 1848 2666 ete„
1855 2624 1918 2666 die,
1927 2629 1998 2664 etc„

1257 2692 1314 2715 nos
1324 2681 1473 2726 episcopi,
1488 2678 1669 2723 presbyteri
1684 2682 1713 2711 et
1730 2677 1862 2712 diaconi
1871 2677 1994 2713 S.R.E.

2007 274 2057 301 An.
2072 274 2100 300 C,
2123 273 2192 302 ¹⁰22

2039 1993 2139 2015 Secunda
2156 1992 2197 2014 ror-

2013 2026 2047 2041 ma
2058 2019 2150 2046 eligendi
2159 2024 2198 2046 por

2013 2046 2193 2074 compromissum.
2207 2075 2212 2080 Α

2258 3187 2259 3190 „
2245 3164 2254 3172 ι·
2243 3135 2264 3154 ,τΥ
2254 3116 2262 3129 a
2250 3103 2258 3110 ι

2264 3153 2275 3203 θ-ὃς
2272 3111 2273 3114 Α
