2293 3231
62 281 111 310 An.
127 278 155 308 C.
176 278 242 312 1621

86 447 242 475 induta-udicio

59 476 150 506 hoapitio
164 476 185 496 et
199 474 241 503 eo!-

57 504 126 528 Ιοιιο,
140 503 162 522 nt
176 502 243 530 pontt.

59 528 150 555 undere
179 527 242 554 privt-

58 555 119 582 ngiie
142 555 242 576 universo

58 580 131 604 Ordinl
175 581 242 601 sancti

58 608 167 630 Benedicti
185 613 240 629 otus-

58 634 243 684 ffiitbfii'ii‘ifissl

58 689 120 716 cipue
133 687 184 710 em
193 693 243 709 uen-

59 713 78 739 e}
90 716 202 738 conensem

99 2004 141 2026 nni
157 2004 244 2026 [acutia-

60 2033 102 2052 tem
130 2037 245 2057 :iurecon-

61 2058 82 2080 dt
98 2063 245 2086 qnam-umque

60 2085 245 2107 Benedicnnurum

61 2112 108 2133 loca
128 2111 200 2139 iisqne
219 2118 245 2134 ea

61 2138 108 2164 ipsa
118 2144 188 2160 omma
203 2139 245 2165 pri-

61 2165 141 2192 vilegia
152 2171 245 2187 corruitu-

62 2191 155 2213 nicaudt.

90 2535 173 2567 labiim
187 2543 213 2559 ne
224 2537 248 2560 li·

62 2563 248 2640 {tetre

860 275 1038 303 anflonms
1052 278 1095 303 'xv
1115 278 1163 302 PP.

257 326 389 373 probata
402 331 433 361 et
444 326 630 361 confirmata
644 335 712 361 esse
722 327 921 370 censeantur)
929 325 997 371 pari
1031 326 1236 367 secularibus,
1253 326 1311 360 sub
1325 324 1658 360 excommunicationis
1679 325 1772 359 maio-

258 380 445 415 auctoritate
468 380 663 425 deputamus.

302 434 317 478 5
341 433 392 469 16.
413 433 553 478 Denique
575 434 676 467 eidem
701 434 835 477 collegio
862 444 916 468 scu
941 433 998 468 ho-

257 486 361 531 spitio,
381 487 510 531 eiusque
530 487 635 520 abbati
664 487 853 532 praesidenti
879 492 909 519 et
931 497 999 531 per-

258 541 357 582 sonis,
374 545 409 575 ut
424 541 570 574 omnibus
595 547 625 574 et
649 541 781 584 singulis
804 540 998 585 privilegiis,

257 593 465 634 facultatibus,
493 594 702 635 libertatibus,
726 594 977 627 immunitatibus
992 622 999 635 ,

258 647 519 691 exemptionibus,
533 647 771 691 praerogativis,
781 647 999 692 praeeminen-

258 699 318 742 tiis,
335 701 586 742 antelationibus,
605 702 876 743 concessionibus,
900 701 1000 734 indul-

258 754 307 795 tis,
316 753 530 797 indulgentiis,
537 761 739 799 peccatorum
749 755 998 795 remissionibus,

259 808 434 851 ceterisque
450 807 570 851 gratiis,
589 812 651 842 tam
672 808 889 853 spiritualibus
905 818 999 852 quam

258 861 495 906 temporalibus,
506 861 669 906 quibusvis
685 861 754 894 aliis
770 861 895 895 Ordinis
912 871 1001 905 prac-

257 914 311 949 sati
333 920 365 948 et
386 915 667 958 congregationum
688 915 875 959 praesertim
898 915 999 948 Cassi-

257 968 364 1002 nensis
398 968 580 1002 huiusmodi
611 968 769 1012 hospitiis,
795 968 934 1012 collegiis
970 972 1000 1003 et

257 1023 468 1063 monasteriis,
493 1027 554 1056 tam
580 1022 610 1055 in
627 1022 788 1066 praedicta
807 1023 891 1058 Urbe
904 1033 998 1067 quam

257 1076 290 1110 in
305 1075 556 1121 quibuscumque
574 1075 643 1109 aliis
659 1075 768 1109 mundi
789 1076 942 1120 partibus,
960 1075 1000 1109 ci-

257 1129 403 1172 vitatibus
427 1134 457 1162 et
478 1129 555 1162 locis
579 1129 800 1170 existentibus,
825 1140 999 1174 eorumque.

255 1184 418 1228 personis,
443 1184 474 1217 in
499 1194 615 1227 genere
631 1184 679 1217 vel
700 1183 731 1216 in
755 1183 880 1228 specie,
906 1184 999 1216 etiam

256 1247 313 1282 per
340 1238 422 1270 viam
451 1237 602 1282 simplicis
627 1237 939 1278 communicationis,
964 1248 999 1270 ac

258 1290 333 1325 alias
352 1290 590 1335 quomodolibet
613 1301 697 1324 nunc
722 1295 752 1324 et
776 1301 836 1335 pro
858 1297 1000 1335 tempore

258 1344 426 1385 concessis,
447 1349 477 1377 et
501 1344 617 1388 quibus
642 1344 695 1377 illa
712 1349 741 1377 et
755 1344 826 1377 illae
850 1344 888 1377 dc
912 1345 999 1385 iure,

258 1407 328 1438 usu,
345 1402 471 1438 statuto,
489 1397 731 1438 consuetudine,
756 1398 924 1442 privilegio
948 1404 1001 1432 aut

259 1451 335 1484 alias
352 1451 590 1496 quomodolibet
609 1456 750 1492 utuntur,
775 1452 933 1493 fruuntur,
949 1464 1001 1497 po·

260 1505 380 1538 tiuntur
400 1510 429 1538 et
446 1505 593 1549 gaudent,
610 1516 645 1538 ac
664 1506 726 1547 uti,
750 1506 830 1547 frui,
851 1507 946 1551 potiri
971 1512 998 1540 et

259 1557 398 1601 gaudere
413 1558 544 1602 possint,
560 1568 623 1591 non
641 1558 743 1592 solum
768 1559 807 1592 ad
831 1570 941 1593 eorum
958 1561 1001 1594 in-

259 1615 332 1653 star,
349 1612 404 1645 sed
420 1612 539 1656 pariter
557 1617 587 1646 et
604 1613 829 1657 pariformiter,
849 1625 885 1647 ac
902 1625 1000 1659 aeque

258 1665 486 1710 principaliter,
504 1669 534 1700 et
550 1666 666 1711 absque
683 1667 747 1700 ulla
764 1678 897 1711 prorsus
915 1669 1001 1702 diffe-

258 1719 368 1761 rentia,
392 1719 424 1753 in
448 1720 595 1753 omnibus
612 1724 641 1754 et
661 1731 718 1765 per
742 1721 847 1754 omnia
870 1722 999 1766 perinde

258 1783 294 1806 ac
311 1773 337 1806 si
353 1772 407 1806 illa
422 1772 506 1807 dicto
522 1773 660 1817 hospitio
677 1784 732 1807 seu
749 1775 892 1818 collegio,
907 1775 1000 1809 illius-

258 1837 319 1872 que
335 1827 478 1872 personis
495 1827 674 1872 specialiter
690 1833 720 1861 et
737 1839 895 1873 expresse,
916 1841 951 1863 ac
968 1830 999 1863 in

259 1880 420 1915 individuo
436 1891 584 1915 concessa
601 1886 714 1923 essent,
729 1893 827 1927 aeque
846 1889 999 1929 perpetuo

259 1934 467 1978 indulgemus.

305 1987 383 2031 517.
408 1988 544 2032 illisque,
560 1994 593 2022 ut
607 2000 825 2034 quaecumque
841 1990 901 2024 alia
925 1991 999 2025 dicti

261 2040 385 2074 Ordinis
402 2042 538 2086 hospitia
560 2053 617 2076 seu
640 2043 789 2087 collegia,
808 2045 999 2078 monasteria

261 2099 291 2128 et
307 2095 465 2137 regularia
480 2096 559 2135 loca,
576 2096 711 2140 hospitio
724 2107 780 2130 scu
796 2098 930 2141 collegio
944 2109 1000 2142 per

261 2153 442 2193 praesentes
459 2152 575 2189 erecto,
595 2149 634 2182 de
650 2149 777 2183 licentia
795 2151 878 2184 illius
894 2157 1000 2195 prote-

260 2201 356 2235 ctoris
379 2211 438 2246 pro
463 2205 605 2246 tempore
624 2203 794 2244 existentis
815 2214 999 2248 aggregare,

260 2253 406 2300 illiusque
425 2256 531 2289 omnia
548 2261 578 2289 et
594 2256 726 2299 singula,
743 2257 868 2300 gratias,
882 2258 1000 2292 indulta

260 2313 290 2342 et
304 2308 468 2353 privilegia
492 2309 536 2342 eis
561 2320 619 2354 per
638 2315 818 2354 praesentes
843 2322 1000 2353 concessa,

260 2366 290 2395 et
306 2361 454 2406 deinceps
470 2367 533 2395 tam
553 2363 768 2407 principaliter
788 2375 883 2408 quam
900 2370 1001 2398 exten-

260 2415 324 2449 sive
333 2421 363 2450 et
372 2415 634 2450 communicative
645 2417 853 2459 concedenda,
864 2429 1002 2452 commu-

260 2469 358 2503 nicari
367 2470 497 2515 possint,
504 2470 586 2504 dicta
596 2472 781 2506 auctoritate
788 2473 1000 2507 concedimus.

306 2523 382 2566 518.
391 2523 554 2558 Postremo
570 2529 684 2566 autem,
697 2530 760 2558 tam
773 2526 913 2570 praefato
927 2527 1002 2560 Con-

263 2576 396 2611 stantino
406 2578 512 2611 abbati
525 2589 619 2623 quam
631 2590 691 2624 pro
700 2585 844 2625 tempore
858 2581 1000 2615 existenti

1032 381 1076 414 ris
1093 384 1205 425 poena,
1222 391 1261 415 ne
1275 380 1339 416 ullo
1356 391 1494 425 unquam
1507 385 1652 426 ternpore
1674 379 1772 413 libros

1033 433 1172 477 aliquos,
1197 435 1250 478 qui
1276 440 1338 467 tam
1360 433 1481 478 abipso
1498 432 1699 467 Constantino
1724 433 1773 466 ab·

1033 486 1112 528 bate,
1131 498 1225 531 quam
1242 487 1404 531 quibusvis
1421 487 1489 520 aliis
1510 486 1611 519 eidem
1636 485 1773 530 hospitio

1033 550 1086 573 seu
1112 540 1245 583 collegio
1270 551 1329 585 pro
1354 540 1436 573 illius
1463 540 1691 573 monachorum
1715 549 1775 573 usu

1033 592 1137 626 donati
1156 599 1186 626 et
1203 593 1362 635 assignati,
1383 603 1438 626 seu
1455 593 1562 637 empti,
1580 598 1610 625 et
1625 592 1658 625 in
1682 592 1774 637 parti-

1033 646 1132 679 culari
1151 646 1337 687 inventario,
1362 646 1445 691 quod
1470 646 1605 690 desuper
1630 645 1698 679 fieri
1722 645 1774 678 de-

1033 699 1112 740 beat,
1130 699 1280 744 descripti
1296 704 1325 734 et
1345 700 1483 734 annotati
1500 699 1626 740 fuerint,
1639 709 1675 733 ex
1690 699 1773 733 illius

1032 752 1234 794 bibliotheca,
1248 753 1396 786 Aniciana
1409 752 1627 797 nuncupanda,
1641 757 1773 793 mutare,

1033 807 1179 848 vendere,
1193 812 1245 840 aut
1259 807 1483 851 quoquomodo
1497 806 1672 840 distrahere
1684 806 1774 839 aude-

1033 865 1083 893 ant
1098 871 1153 893 seu
1169 865 1382 904 praesumant,
1397 860 1570 894 districtius
1583 860 1772 894 inhibemus.

1078 914 1092 957 ξ
1110 913 1156 946 19.
1166 914 1374 948 Dccernentes
1382 918 1564 958 praesentes
1577 913 1707 954 litteras,
1716 914 1773 947 suh
1788 925 1972 974 93313532323..

1033 968 1195 1013 quibusvis
1209 968 1360 1001 similium
1378 968 1425 1001 vel
1445 967 1645 1001 dissimilium
1663 968 1774 1011 gratia-

1033 1031 1103 1054 rum
1118 1022 1382 1063 revocationibus,
1401 1021 1672 1066 suspensionibus,
1695 1021 1775 1054 limi-

1034 1074 1203 1108 tationibus
1220 1080 1273 1108 aut
1289 1075 1357 1108 aliis
1375 1075 1541 1109 contrariis
1566 1075 1775 1120 dispositioni-

1033 1129 1100 1168 bus,
1118 1139 1176 1173 per
1192 1139 1250 1162 nos
1266 1130 1315 1162 rel
1333 1129 1410 1162 alios
1434 1130 1591 1163 Romanos
1607 1129 1774 1164 Pontifices

1033 1192 1232 1215 successores
1258 1187 1405 1223 nostros,
1434 1183 1492 1216 sub
1523 1183 1774 1229 quibuscumque

1034 1235 1203 1268 verborum
1220 1236 1477 1281 expressionibus
1497 1241 1526 1270 et
1539 1236 1660 1280 formis,
1681 1237 1774 1272 etiam

1033 1295 1122 1324 motu
1135 1291 1284 1335 proprio,
1310 1302 1366 1324 seu
1389 1291 1427 1324 ad
1443 1291 1628 1336 quorumvis
1644 1292 1776 1337 impera-

1035 1346 1149 1384 torum,
1167 1354 1279 1387 regum
1301 1349 1353 1378 aut
1377 1345 1511 1378 aliorum
1531 1345 1712 1390 principum
1732 1345 1776 1379 in>

1034 1398 1190 1439 stantiam,
1202 1408 1260 1443 pro
1275 1404 1417 1443 tempore
1433 1399 1533 1440 sactis,
1547 1399 1676 1433 minime
1693 1410 1775 1434 corn⁴²

1034 1451 1209 1494 prehendi,
1238 1451 1293 1485 sed
1318 1456 1477 1496 tamquam
1501 1463 1560 1497 pro
1584 1453 1645 1486 loci
1668 1453 1713 1498 pii
1737 1453 1775 1489 ad

1034 1503 1130 1537 divini
1147 1505 1250 1538 cultus
1270 1510 1299 1538 et
1315 1505 1443 1550 piorum
1457 1517 1589 1550 operum
1606 1517 1776 1550 augumenv

1034 1562 1100 1590 tum
1119 1558 1277 1592 erectione
1291 1569 1466 1600 concessas,
1485 1560 1523 1592 ab
1540 1559 1601 1593 illis
1618 1566 1775 1605 exceptas,

1035 1616 1064 1644 ct
1081 1612 1204 1656 quotics
1217 1612 1288 1645 illae
1305 1613 1514 1654 emanabunt,
1539 1614 1630 1647 toties
1654 1615 1686 1648 in
1709 1614 1776 1659 pri-

1034 1665 1162 1706 stinum,
1179 1671 1207 1699 ct
1226 1677 1297 1699 eum
1312 1667 1344 1699 in
1361 1678 1422 1711 quo
1436 1672 1526 1701 antea
1539 1668 1777 1712 quomodolibet

1034 1724 1121 1752 crant
1140 1725 1264 1761 statum,
1283 1721 1457 1763 restitutas,
1483 1721 1638 1766 repositas
1662 1726 1692 1757 et
1714 1723 1778 1767 ple=

1034 1773 1120 1806 narie
1145 1774 1363 1816 reintegratus,
1380 1785 1416 1808 ac
1432 1774 1470 1808 de
1493 1785 1584 1816 novo,
1598 1775 1692 1809 etiam
1718 1776 1776 1810 sub

1034 1826 1105 1860 data
1128 1837 1186 1871 per
1206 1827 1396 1861 cardinalem
1420 1839 1478 1872 pro
1497 1834 1639 1873 tempore
1663 1835 1773 1874 prote-

1035 1886 1298 1922 ctorem,necnon
1312 1882 1436 1925 collegii
1458 1893 1513 1916 scu
1529 1883 1658 1927 hospitii
1672 1883 1778 1918 huius*

1035 1935 1120 1968 modi
1140 1935 1284 1968 abbatem
1302 1936 1533 1980 praesidentem
1552 1942 1581 1970 et
1594 1938 1776 1979 monachos,

1034 1988 1297 2033 quandocumque
1315 1990 1470 2033 eligenda,
1484 1991 1521 2024 de
1538 1989 1638 2025 [ιονο1
1653 2002 1778 2025 conces-

1034 2054 1082 2076 sas
1090 2054 1157 2076 esse
1164 2049 1194 2076 et
1202 2044 1278 2085 sore,
1286 2055 1441 2088 suumque
1448 2045 1622 2089 plenarium
1632 2046 1776 2081 effectum

1034 2097 1139 2130 sortiri
1159 2097 1284 2137 debere,
1299 2098 1405 2142 sicque
1423 2098 1461 2131 ab
1481 2099 1630 2132 omnibus
1644 2099 1776 2140 censeri,

1034 2156 1126 2195 atque
1143 2151 1194 2191 ita,
1209 2158 1237 2185 et
1251 2162 1314 2185 non
1329 2152 1415 2193 alias,
1432 2164 1489 2198 per
1505 2163 1721 2198 quoscumque
1734 2154 1778 2188 iu-

1034 2203 1142 2244 dices,
1168 2205 1261 2239 etiam
1286 2205 1393 2249 palatii
1417 2207 1579 2250 apostolici
1610 2217 1777 2241 causarum

1033 2257 1202 2299 auditores,
1216 2269 1252 2291 ac
1265 2259 1405 2292 eiusdem
1420 2265 1544 2294 sanctae
1557 2261 1715 2295 Romanae
1724 2262 1779 2294 Ec-

1034 2311 1147 2345 clesiae
1155 2312 1330 2347 cardinales
1340 2313 1507 2347 iudicarict
1516 2314 1640 2348 deliniri
1650 2315 1776 2348 dehere.

1079 2366 1093 2409 ἓ
1117 2365 1168 2398 020.
1194 2366 1263 2399 Non
1287 2367 1483 2400 obstantibus
1508 2368 1711 2412 praemissis,
1741 2379 1778 2403 ae

1034 2419 1151 2452 nostris
1171 2419 1208 2452 dc
1229 2420 1432 2463 indulgentiis
1450 2426 1479 2453 et
1496 2421 1604 2464 gratiis
1621 2421 1660 2454 ad
1679 2421 1778 2456 instar

1034 2482 1097 2505 non
1115 2472 1332 2513 concedendis,
1350 2479 1389 2513 et,
1415 2473 1439 2506 si
1464 2483 1543 2518 opus
1568 2475 1617 2516 sit,
1636 2474 1674 2509 de
1691 2476 1777 2509 unio-

1034 2524 1126 2558 nibus
1161 2525 1395 2559 committendis
1423 2527 1461 2560 ad
1496 2532 1602 2572 partes
1615 2555 1623 2569 ,
1659 2529 1777 2562 vocatis

1035 2590 1172 2623 quorum
1190 2579 1330 2621 interest,
1348 2580 1618 2626 exprimendoque
1634 2593 1710 2617 vero
1726 2594 1775 2617 va-

263 2627 389 2674 hospitii
413 2641 469 2665 seu
496 2633 620 2677 collegii
651 2633 755 2667 abbati
787 2635 999 2678 praesidenti,
1034 2633 1122 2675 lore,
1147 2644 1183 2668 ac
1207 2634 1424 2668 Lateranensis
1451 2635 1581 2670 Concilii
1605 2636 1775 2671 novissime
1818 2663 1823 2665 -

264 2679 438 2726 ceterisque
454 2684 598 2727 personis
615 2689 678 2718 tarn
693 2685 892 2729 regularibus
905 2696 1000 2731 quam

1070 2697 1082 2725 1
1098 2696 1185 2725 Voces
1199 2697 1234 2724 de
1249 2705 1319 2725 nouo
1335 2695 1468 2726 inutiliter
1481 2698 1613 2735 repetitae
1629 2700 1666 2736 (n.
1682 2699 1730 2736 τ.).

1668 267 1731 302 543
1777 278 1829 304 An.
1845 278 1872 303 c.
1899 276 1962 305 ¹621

1805 2376 1919 2406 Derogatio
1929 2383 1976 2398 eon-

1792 2405 1914 2425 trarwrum.
