2293 3231
99 247 163 284 aa.
181 246 213 292 c.
232 245 296 276 ¹621

917 246 1094 274 camonms
1113 248 1154 274 XV
1174 248 1223 274 Pr.

304 291 468 337 prioribus
480 293 592 327 litteris
609 299 766 338 contenta,
779 304 815 329 ac
835 297 1049 340 promotiones
1064 300 1065 308 ¹

311 345 343 378 in
367 346 475 390 quavis
508 347 651 381 facultate
684 347 715 380 in
746 347 815 392 ipsa
848 349 1049 383 universitate

309 397 368 432 rite
393 398 497 440 saetas,
519 404 548 433 et
573 400 643 434 inde
669 406 799 444 sequuta
822 412 1048 446 quaecumque,

310 452 493 486 auctoritate
519 454 691 497 apostolica
721 453 903 497 praedicta,
940 459 1049 489 tenore

309 506 532 549 praesentium,
555 507 778 550 approbamus,
797 513 827 541 et
845 509 975 552 plenum
999 509 1050 542 sn·-

310 557 428 592 mitatis
452 559 551 593 robur
575 560 718 594 obtinere
741 561 950 603 decernimus,
975 572 1048 606 sup-

310 611 432 655 plentes
449 623 558 646 omnes
582 618 612 646 et
629 613 769 657 singulos
786 614 934 655 desectus,
951 615 975 648 si
995 616 1048 659 qui

311 664 417 698 forsan
441 665 667 699 intervenerint
702 667 733 699 in
764 667 902 707 eisdem;
927 678 1048 701 necnon

310 717 511 752 canonicatus
529 722 559 751 et
576 718 771 762 praehendas
795 730 830 752 ac
853 720 1049 764 parochiales

289 814 291 816 v
309 771 457 804 ecclesias
469 771 660 813 huiusmodi,
677 783 749 805 cum
765 773 911 806 omnibus
928 774 1048 807 iuribus

309 828 339 856 et
362 824 559 868 pertinentiis
584 825 780 869 supradictis,
798 826 991 859 universitati
1007 827 1049 859 di-

309 876 350 910 cti
375 877 477 920 studii,
503 876 644 910 eisdem¹
664 878 849 911 auctoritate
874 884 903 911 et
927 885 1047 922 tenore,

308 934 461 974 perpetuo
486 930 621 971 unimus,
642 932 837 965 annectimus
853 935 883 965 et
906 931 1050 976 incorpo-

308 992 432 1022 ramus;
451 982 493 1015 ita
517 983 602 1027 quod
618 983 708 1016 liceat
727 984 843 1017 rectori
867 984 967 1017 dictae
983 985 1049 1017 uni-

308 1035 462 1069 versitatis
487 1035 627 1079 ipsorum
646 1037 898 1078 canonicatuum,
912 1042 942 1070 et
959 1048 1048 1082 prae-

307 1087 495 1129 bendarum,
519 1099 556 1121 ac
578 1089 806 1132 parochialium
832 1090 1046 1131 ecclesiarum,

307 1151 379 1174 cum
404 1141 474 1175 illos
499 1141 592 1174 simul
628 1143 674 1175 vel
705 1143 879 1176 successive
903 1154 960 1188 per
983 1155 1049 1178 ces-

307 1205 387 1237 sum,
406 1195 454 1228 vel
473 1195 649 1237 decessum,
667 1207 722 1229 seu
746 1197 974 1239 dimissionem,
995 1204 1047 1231 aut

306 1248 382 1281 alias
404 1259 514 1282 vacare
538 1249 715 1292 contigerit,
736 1260 793 1293 per
809 1261 851 1294 se,
870 1251 917 1284 vel
938 1251 1045 1291 aliurn,

307 1311 363 1334 seu
386 1301 481 1342 alios,
506 1303 705 1345 corporalem
729 1304 960 1347 possessionem
991 1316 1045 1338 au-

308 1354 451 1388 ctoritate
474 1355 604 1399 propria
627 1355 725 1388 libere
745 1357 994 1400 apprehendere,
1011 1369 1046 1390 ac

308 1407 385 1452 ipsis
408 1408 524 1441 rectori
549 1413 579 1440 et
602 1408 797 1441 universitati
818 1409 888 1443 illos
912 1420 948 1443 ex
973 1416 1047 1443 tunc

308 1471 366 1504 per
382 1460 526 1494 doctores
543 1465 573 1494 et
590 1461 757 1504 magistros
771 1462 958 1505 praedictos,
982 1463 1047 1507 qui-

306 1512 366 1546 bus
390 1513 428 1546 de
451 1513 578 1546 illorum
615 1513 785 1554 fructibus,
815 1514 989 1548 redditibus
1018 1520 1046 1548 ct

306 1566 510 1609 proventibus
533 1566 701 1611 praedictis
724 1568 962 1611 respondeatur,
979 1569 1046 1611 regi

306 1619 408 1652 facere
426 1620 570 1663 (servatis
592 1624 696 1652 tamen
723 1620 872 1663 congruis
892 1621 1047 1664 portioni-

306 1672 364 1705 bus
383 1684 442 1717 pro
465 1673 628 1717 perpetuis
645 1673 769 1706 vicariis
786 1674 942 1707 dictarum
958 1685 1048 1718 paro-

306 1725 455 1759 chialium
469 1727 684 1767 ecclesiarum,
698 1727 736 1760 de
753 1727 867 1770 quibus
881 1728 1047 1762 commode

306 1780 484 1821 sustentari,
501 1781 690 1825 episcopalia
707 1781 776 1814 iura
790 1782 921 1823 solvere,
941 1787 971 1815 et
987 1782 1047 1815 alia

306 1832 372 1866 eius
397 1833 611 1867 incumbentia
635 1844 731 1868 onera
756 1840 943 1879 supportare
973 1847 1045 1879 pos-

306 1886 391 1930 sint),
410 1886 636 1931 cuiuscumque
654 1898 750 1931 super
762 1887 823 1921 hoc
847 1889 973 1921 licentia
991 1889 1046 1922 mi-

306 1939 391 1972 nime
414 1941 574 1984 requisita.
589 1942 656 1974 Non
676 1941 872 1975 obstantibus
889 1943 1045 1977 voluntate

307 1993 487 2036 praedicta,
513 2005 548 2027 ac
572 1994 846 2028 constitutionibus
870 2000 900 2029 et
924 1996 1046 2029 ordina-

299 2046 445 2083 tionibus
468 2049 658 2092 apostolicis,
683 2049 806 2082 statutis
830 2054 860 2082 et
883 2055 1046 2083 consuetu-

307 2099 431 2133 dinibus
463 2101 700 2144 collegiatarum
732 2103 935 2136 ecclesiarum
958 2114 1046 2147 prae-

305 2151 472 2194 dictarum,
497 2153 683 2195 iuramento,
708 2155 947 2189 confirmatione
970 2167 1045 2200 apo-

306 2205 427 2248 stolica,
444 2207 492 2239 vel
512 2207 621 2251 quavis
637 2207 785 2242 firmitate
802 2208 861 2240 alia
878 2208 1043 2251 roboratis,

307 2260 472 2294 contrariis
507 2261 776 2305 quibuscumque;
801 2265 854 2295 aut
889 2262 914 2295 si
950 2262 1044 2307 aliqui

306 2313 478 2356 apostolica
505 2314 552 2346 vel
575 2314 635 2347 alia
659 2314 768 2358 quavis
793 2315 978 2348 auctoritate
1014 2315 1044 2348 in

306 2365 396 2399 dictis
412 2367 584 2410 collegiatis
601 2367 740 2400 ecclesiis
756 2366 787 2400 in
804 2368 971 2401 canonicos
984 2368 1045 2401 sint

306 2420 433 2464 recepti,
451 2420 509 2462 vel,
526 2425 560 2453 ut
585 2420 786 2464 recipiantur,
804 2420 964 2461 insistant;
990 2432 1044 2455 seu

305 2472 332 2506 si
356 2483 451 2516 super
474 2473 709 2517 provisionibus
741 2473 800 2506 sibi
833 2473 982 2507 faciendis
1006 2474 1043 2506 de

306 2526 538 2559 canonicatibus
560 2531 590 2559 et
613 2526 800 2570 praebendis
824 2526 980 2560 dictarum
997 2537 1045 2561 ec-

1083 297 1243 340 spcciales,
1263 296 1308 329 vel
1333 295 1401 329 aliis
1417 294 1578 330 beneficiis
1602 295 1821 330 ecelesiasticis

1082 348 1256 391 generales,
1277 347 1454 392 praedictae
1471 347 1558 381 Sedis
1576 348 1623 380 vel
1644 348 1820 391 legatorum

1083 400 1149 433 eius
1173 401 1292 433 litteras
1317 400 1524 444 impetrarint,
1542 400 1663 433 etiamsi
1687 410 1745 444 per
1769 410 1821 433 eas

1083 453 1121 486 ad
1145 453 1374 493 inhibitionem,
1399 454 1654 494 reservationem,
1671 459 1702 485 et
1718 453 1823 486 decre-

1083 510 1159 546 tum,
1173 506 1220 539 vel
1235 506 1309 538 alias
1323 505 1559 550 quomodolibet
1573 506 1608 539 sit
1627 516 1821 550 processum

1083 568 1160 601 quas
1184 558 1310 602 quidem
1336 559 1454 593 litteras
1469 586 1476 599 ,
1501 569 1622 598 necnon
1656 568 1822 603 processus

1083 611 1205 645 habitos
1224 622 1280 655 per
1305 612 1440 653 easdem,
1458 618 1487 645 ct
1501 612 1571 645 inde
1585 617 1716 656 sequuta
1730 622 1823 656 quae-

1082 675 1239 708 cumque,
1265 664 1303 697 ad
1326 665 1504 709 praedictos
1539 665 1761 705 canonicatus,
1792 669 1823 697 et

1083 717 1295 762 praebendas,
1321 729 1356 751 ac
1380 719 1575 763 parochiales
1600 719 1747 752 ccclesias
1771 729 1822 752 vo-

1082 772 1186 804 lumus
1210 781 1273 805 non
1297 773 1440 812 extendi,
1458 773 1511 805 sed
1536 773 1657 806 nullum
1682 784 1738 817 per
1762 773 1822 807 hoc

1082 824 1146 866 eis,
1172 825 1275 869 quoad
1303 827 1557 870 assequutionem
1582 827 1822 860 canonicatuum

1083 881 1113 912 et
1143 878 1395 922 praebendarum
1420 884 1472 912 aut
1496 880 1722 913 beneficiorum
1750 880 1824 913 alio-

1082 941 1163 972 rum,
1174 932 1402 975 praeiudicium
1417 933 1576 975 generari3
1589 937 1618 968 et
1630 933 1823 977 quibuslibet

1082 984 1151 1017 aliis
1181 985 1376 1029 privilegiis,
1402 986 1624 1029 indulgentiis,
1650 992 1680 1020 et
1711 986 1822 1021 litteris

1082 1037 1281 1081 apostolicis,
1315 1039 1515 1082 generalibus
1539 1040 1587 1072 vel
1611 1040 1821 1083 specialibus,

1082 1101 1355 1135 quorumcumque
1395 1097 1540 1125 tenorum
1576 1093 1734 1133 existant,
1765 1104 1822 1136 per

1081 1154 1161 1187 quae
1176 1145 1396 1188 praesentibus
1420 1156 1483 1179 non
1507 1156 1654 1190 expressa
1679 1146 1725 1180 vel
1746 1151 1823 1180 tota-

1081 1196 1152 1230 liter
1176 1207 1240 1230 non
1264 1198 1380 1231 inserta
1400 1198 1528 1233 effectus
1546 1210 1653 1232 earum
1674 1199 1822 1243 impediri

1082 1250 1180 1283 valeat
1197 1251 1437 1294 quomodolibet
1450 1253 1497 1285 vel
1517 1252 1647 1293 differri,
1661 1257 1691 1285 et
1703 1253 1740 1286 de
1757 1253 1823 1296 qui-

1079 1303 1149 1344 bus,
1170 1315 1368 1348 quorumque
1387 1305 1461 1338 totis
1480 1306 1643 1339 tenoribus
1663 1305 1702 1338 de
1726 1306 1822 1338 verbo

1080 1357 1119 1390 ad
1143 1358 1275 1391 verbum
1298 1359 1441 1392 habenda
1465 1359 1504 1391 sit
1524 1360 1555 1391 in
1572 1359 1686 1392 nostris
1710 1359 1822 1392 litteris

1081 1412 1198 1445 mentio
1229 1412 1381 1456 specialis.
1412 1413 1450 1446 Et
1480 1413 1610 1457 insuper
1640 1412 1822 1445 doctoribus

1081 1469 1110 1498 et
1135 1465 1295 1508 magistris
1319 1466 1496 1510 praedictis,
1525 1476 1582 1510 per
1605 1471 1763 1500 rectorem
1793 1472 1823 1499 et

1081 1517 1316 1551 universitatem
1336 1518 1518 1552 huiusmodi
1543 1529 1601 1562 pro
1626 1523 1767 1563 tempore
1783 1519 1821 1552 ad

1081 1571 1248 1604 tenendum
1286 1576 1315 1604 et
1350 1572 1522 1615 regendum
1559 1573 1760 1606 canonicatus
1792 1578 1822 1605 et

1080 1624 1276 1666 praebendas
1300 1635 1335 1658 ac
1358 1625 1555 1669 parochiales
1583 1626 1730 1659 ecclesias
1762 1626 1821 1659 hu-

1082 1677 1217 1710 iusmodi
1241 1678 1417 1722 deputatis,
1446 1679 1530 1722 quod
1563 1679 1601 1712 ad
1633 1679 1820 1713 solutionem

1081 1730 1258 1774 aliquarum
1283 1731 1490 1774 pecuniarum
1514 1742 1573 1775 pro
1597 1742 1709 1764 eorum
1733 1742 1821 1765 rece-

1080 1783 1186 1827 ptione
1210 1784 1248 1816 ad
1272 1784 1363 1825 illos,
1389 1789 1419 1817 et
1442 1785 1480 1817 ad
1506 1785 1694 1818 servandum
1724 1796 1821 1819 annos

1080 1838 1303 1881 expectantiae,
1313 1843 1343 1871 et
1359 1838 1570 1879 residendum,
1584 1849 1619 1872 ac
1633 1838 1819 1872 solutionem

1080 1891 1256 1934 primorum
1291 1892 1450 1925 fructuum
1465 1919 1472 1933 ,
1498 1897 1528 1925 et
1551 1892 1589 1925 ad
1614 1892 1672 1924 alia
1702 1902 1798 1926 onera
1813 1919 1820 1932 ,

1079 1944 1347 1987 quemadmodum
1364 1944 1396 1977 in
1420 1945 1489 1977 aliis
1513 1945 1769 1978 universitatibus
1787 1945 1821 1977 il-

1080 1997 1181 2030 larum
1206 1998 1354 2041 partium,
1380 1998 1510 2031 minime
1534 2004 1709 2039 teneantur,
1727 2003 1757 2032 et
1781 1999 1820 2031 ab

1079 2050 1228 2083 oneribus
1253 2051 1432 2084 huiusmodi
1459 2052 1519 2085 sint
1539 2052 1632 2085 liberi
1655 2058 1685 2085 et
1710 2053 1821 2085 ininiu-

1079 2114 1151 2143 nes3
1170 2114 1205 2136 ac
1223 2104 1281 2148 ipsi
1299 2104 1503 2145 universitati,
1525 2105 1609 2148 quod
1627 2105 1772 2138 omnibus
1790 2110 1820 2137 ct

1079 2156 1210 2199 singulis
1233 2156 1416 2200 privilegiis,
1440 2158 1645 2199 libertatibus,
1670 2158 1820 2190 immuni-

1079 2210 1202 2251 tatibus,
1227 2211 1346 2253 gratiis,
1369 2211 1625 2244 concessionibus
1651 2216 1681 2245 et
1704 2211 1818 2244 sarori-

1079 2263 1147 2303 bus,
1170 2264 1284 2307 quibus
1314 2264 1506 2297 Coloniensis
1529 2269 1559 2296 et
1583 2264 1661 2297 aliae
1692 2264 1818 2297 univer-

1078 2316 1183 2350 sitates
1208 2316 1385 2350 studiorum
1415 2317 1540 2350 illarum
1572 2317 1709 2360 partium
1742 2328 1818 2360 gau-

1078 2368 1151 2402 dent
1170 2374 1200 2402 et
1224 2374 1364 2411 utuntur,
1389 2370 1434 2403 uti
1459 2376 1489 2403 et
1513 2371 1651 2413 gaudere
1675 2370 1817 2404 valeat¹1

1077 2432 1199 2455 necnon
1223 2422 1338 2456 rectori
1364 2427 1394 2455 et
1410 2423 1604 2456 universitati
1627 2424 1817 2467 praedictis,

1077 2475 1161 2518 quod
1186 2486 1337 2520 personas
1367 2487 1384 2508 a
1408 2476 1476 2509 iure
1500 2476 1675 2520 prohibitas
1699 2477 1738 2510 ad
1767 2488 1818 2510 au·

1076 2527 1225 2561 diendum
1250 2529 1335 2572 leges
1367 2529 1530 2564 admittere
1554 2530 1691 2573 possint,
1718 2530 1817 2564 felicis

305 2578 471 2613 etesiarum
505 2580 764 2623 collegiatarum,
794 2590 829 2613 ac
861 2580 1043 2615 huiusmodi
1076 2582 1442 2616 recordationisllonorii
1453 2583 1612 2627 Papaelll,
1623 2584 1717 2617 etiam
1728 2594 1818 2629 prae-

341 2642 354 2669 1
371 2641 441 2671 Edit.
455 2642 535 2673 nain.
550 2643 615 2680 legit
630 2643 758 2673 eiusdem
771 2643 810 2679 (a.
826 2642 874 2680 ⁵12).

1112 2645 1124 2674 1
1142 2643 1214 2672 Edit.
1229 2645 1313 2673 Mein.
1328 2644 1393 2682 legit
1406 2645 1524 2676 valeant
1538 2647 1578 2682 (a.
1592 2648 1641 2682 τ.).

1721 239 1786 273 565
1832 248 1881 276 Αη,
1902 248 1930 276 C.
1953 248 2015 286 ἱφί
