2293 3231
83 274 134 300 An.
151 272 179 300 C.
197 272 264 300 1614

924 270 1042 294 murs
1068 271 1086 292 V
1112 271 1158 294 ΡΡ.

280 323 373 362 prout
397 318 434 350 ad
458 327 607 361 praesens
625 323 680 355 est,
698 323 724 349 et
749 317 818 349 ideo
843 317 1021 361 appellatio-

280 381 335 404 nes
359 381 376 403 a
401 370 564 403 sententiis
588 382 646 414 pro
665 376 806 413 tempore
825 370 854 402 iu
873 370 1019 403 tribunali

280 424 385 456 curiae
422 424 609 467 episcopalis
646 423 846 463 tlenetcnsis,
873 423 965 455 etiam
991 423 1020 455 in

280 476 381 509 causis
406 487 492 509 mere
510 477 659 520 profanis,
679 482 740 508 tam
758 476 902 508 civilibus
927 486 1019 518 quam
1037 499 1038 504 ,

279 529 508 567 criminalibus,
526 529 593 573 ipso
612 529 679 561 iure
695 529 732 561 ad
751 529 930 572 stqieriores
947 539 1020 560 suos

279 581 506 615 ecclesiasticos
532 581 782 619 devolverentur,
808 587 835 613 et
862 581 891 613 in
918 580 1020 613 causis

277 634 461 668 huiusmodi
498 635 628 667 ecclesia
665 634 844 668 Cenetensis
877 634 906 665 in
931 633 1020 676 quasi

277 688 476 732 possessione
502 687 664 728 existeret,
690 692 782 730 prout
808 686 846 718 ad
871 696 1020 730 praesens

278 740 392 781 existit,
403 750 441 773 ne
455 740 681 784 appellationes
695 739 876 773 huiusmodi
890 739 928 771 ad
942 739 1019 771 alios

276 803 505 837 quoscumque,
522 798 744 836 praeterquam
775 792 813 824 ad
834 802 906 824 suos
931 802 1020 834 supe-

276 846 377 880 riores
402 846 649 885 ecclesiasticos,
670 856 687 877 a
710 854 868 888 quoquam
900 849 1018 876 temere

276 899 563 942 interponerentur,
582 902 758 941 opportune
775 896 941 940 providere
958 907 1015 929 vo-

275 953 352 992 lens,
370 951 535 984 universos
560 956 588 983 et
614 950 756 993 singulos
780 950 873 989 cives,
900 949 1018 982 incolas

275 1011 305 1038 et
336 1005 529 1038 habitatores
561 1003 693 1037 civitatis
724 1003 903 1036 Cenetensis
931 1013 1019 1046 prae-

275 1058 350 1091 dicti
375 1057 514 1102 episcopi
538 1056 717 1090 Cenetensis
740 1066 803 1089 non
829 1056 931 1088 solum
955 1055 1018 1099 spi-

274 1110 379 1144 rituali
407 1110 461 1143 sed
491 1110 585 1143 etiam
610 1109 775 1153 temporali
808 1108 1017 1141 iurisdictioni

275 1164 432 1197 subiectos
456 1174 513 1207 per
541 1174 613 1196 suas
645 1162 675 1194 in
709 1161 890 1195 huiusmodi
917 1161 1017 1194 forma

274 1217 382 1251 Brevis
408 1216 567 1261 expeditas
595 1217 725 1255 litteras,
758 1215 815 1248 sub
840 1215 893 1248 Dei
919 1215 1018 1247 onmi-

274 1271 412 1315 potentis
429 1282 465 1303 ac
489 1271 654 1303 beatorum
676 1269 759 1302 Petri
785 1274 813 1301 ct
842 1269 928 1301 Pauli
946 1280 1018 1312 apo-

275 1325 429 1358 stolorum
446 1324 513 1357 eius
541 1334 577 1356 ac
602 1334 675 1355 suae
700 1322 924 1365 indignationis
949 1332 1017 1354 nee-

274 1389 337 1412 non
369 1377 704 1411 excommunicationis
734 1378 812 1409 latae
844 1377 1015 1409 sententiae

274 1432 395 1476 poenis,
425 1442 441 1464 a
473 1431 587 1475 quibus
611 1431 736 1463 nonnisi
764 1441 781 1463 a
813 1441 845 1463 se
877 1436 905 1463 et
938 1430 1015 1463 Sede

273 1485 444 1530 praedicta,
459 1489 681 1528 praeterquam
696 1483 726 1516 in
744 1483 856 1516 mortis
872 1483 1015 1523 articulo,

275 1540 442 1583 quisquam
468 1538 587 1571 absolvi
612 1544 730 1582 posset,
756 1543 935 1577 monuerat,
963 1538 1015 1570 iis-

273 1593 407 1636 demque
423 1592 578 1624 universis
592 1596 621 1624 et
633 1591 764 1634 singulis
778 1591 918 1623 districte
930 1602 1017 1634 prae-

273 1646 418 1690 cipiendo
436 1645 648 1685 mandaverat,
665 1655 703 1677 ne
721 1645 887 1688 quisquam
905 1655 1013 1677 corum

273 1710 290 1732 a
315 1698 477 1743 quibusvis
502 1698 664 1731 sententiis
690 1698 720 1730 in
746 1697 894 1730 tribunali
915 1698 1014 1730 dictae

274 1753 380 1786 euriae
401 1752 587 1796 episcopalis
610 1762 706 1795 super
722 1751 885 1795 quibusvis
902 1752 1014 1787 causis,

273 1806 367 1839 etiam
392 1816 479 1838 mere
499 1805 650 1849 profanis,
670 1809 733 1837 tam
751 1804 895 1837 civilibus
921 1815 1014 1848 quam

273 1859 499 1899 criminalibus,
517 1869 554 1892 eo
572 1869 671 1902 usque
694 1858 774 1898 latis,
792 1862 843 1891 aut
867 1858 1014 1901 deinceps

274 1913 304 1945 in
318 1918 506 1956 perpetuum
520 1912 783 1957 quandocumque
800 1911 946 1949 ferendis,
964 1922 1014 1954 ap-

273 1965 457 2010 pellationes
481 1965 520 1997 ad
545 1975 761 2008 quoscumque
786 1964 904 1997 iudices
930 1975 1015 1997 secu—

273 2019 373 2059 lares,
397 2019 491 2052 etiam
516 2018 696 2062 principes,
722 2017 815 2050 etiam
848 2023 1013 2058 senatum,

273 2072 516 2116 rempublicam,
533 2082 588 2104 seu
612 2082 828 2115 quoscumque
846 2071 941 2111 alios,
959 2082 1013 2104 cu-

275 2126 461 2169 iuscumque
486 2125 530 2158 illi
553 2125 680 2168 gradus,
705 2125 865 2168 dignitatis
885 2130 914 2158 et
940 2135 1013 2158 con—

275 2179 402 2212 ditionis
426 2178 549 2218 forent,
577 2177 669 2210 etiam
694 2178 807 2218 ducali,
836 2178 934 2220 regali
966 2179 1013 2211 vel

274 2231 432 2275 imperiali
449 2231 599 2274 dignitate
623 2231 864 2274 praefulgentes,
881 2231 1014 2275 interpo-

273 2295 349 2318 nere
372 2285 534 2324 auderent,
554 2285 602 2316 vel
627 2289 874 2327 praesumerent,
898 2285 951 2317 sed
976 2285 1013 2317 ad

274 2349 347 2371 suos
383 2338 564 2382 superiores
600 2337 847 2375 ecclesiasticos,
873 2337 910 2369 ad
935 2349 1013 2381 quos

274 2391 411 2434 cognitio
420 2401 587 2424 causarum
601 2390 755 2424 dictarum
769 2390 1013 2434 appellationum

274 2445 423 2489 pertinet,
449 2445 516 2477 illas
541 2445 741 2488 interponere
767 2445 895 2477 omnino
925 2444 1015 2478 debe-

275 2503 354 2538 rent,
371 2497 507 2538 decreta,
520 2499 605 2541 leges
623 2502 652 2531 et
668 2497 880 2531 ordinationes
897 2497 927 2530 in
945 2508 1015 2531 eon-

276 2551 407 2584 trarium
432 2552 669 2595 quomodolibet
689 2552 777 2591 facta,
795 2562 850 2583 seu
875 2556 940 2583 tum
962 2551 1015 2584 im-

275 2610 437 2648 posterum
461 2605 617 2646 facienda,
641 2616 763 2638 necnon
788 2605 1014 2649 appellationes

277 2657 315 2689 ad
331 2657 507 2701 praedictos
525 2663 552 2691 et
571 2659 648 2692 alios
665 2670 881 2702 quoscumque
897 2658 1014 2691 iudices
1049 2660 1175 2693 stolicae
1195 2660 1387 2703 plenitudiue
1405 2661 1576 2704 potestatis,
1594 2661 1786 2695 irritavimus
1832 2684 1836 2686 -

362 2719 439 2746 Ball.
461 2721 536 2747 Rom.
557 2736 589 2739 —
614 2721 673 2747 Vol.
690 2721 753 2748 XII.
882 2722 911 2749 31

1701 263 1758 294 241

1055 318 1212 349 seculares
1228 317 1436 360 interpositas,
1449 328 1503 350 scu
1515 323 1586 349 tuns·
1602 318 1797 362 interponen-

1055 369 1119 409 das,
1130 381 1200 402 cum
1212 370 1359 402 omnibus
1372 370 1442 401 inde
1456 370 1595 413 sequutis
1610 375 1636 404 et
1652 376 1797 414 sequutu-

1056 422 1108 458 ris,
1130 433 1163 454 ac
1184 423 1233 454 illa
1255 428 1280 453 et
1311 423 1378 454 illas
1403 423 1518 454 nullius
1538 423 1660 455 roboris
1679 429 1706 455 et
1733 435 1797 457 mo-

1056 475 1150 507 menti
1176 487 1210 506 ac
1230 475 1358 507 minime
1381 475 1566 508 attendenda
1586 486 1669 511 esse:
1689 477 1795 520 sicqtu=

1055 538 1111 570 per
1135 539 1351 570 quosrumtpie
1371 528 1489 560 iudices
1506 528 1683 561 ordinarios
1701 534 1726 561 et
1747 530 1796 562 de-

1056 580 1185 622 legatos,
1200 580 1291 612 ctiam
1318 591 1483 612 causarum
1502 581 1607 624 palatii
1632 582 1794 624 apostolici

1055 632 1224 671 auditores,
1243 643 1277 665 ac
1303 635 1330 665 S.
1358 634 1390 666 R.
1419 634 1450 665 E.
1469 633 1651 673 cardinales,
1672 634 1793 667 sublata

1055 685 1099 717 eis
1131 691 1157 718 et
1184 697 1295 718 eorum
1322 687 1446 719 cuilibet
1472 687 1581 730 quavis
1605 688 1695 720 aliter
1719 688 1796 720 iudi-

1055 738 1144 770 candi
1170 744 1196 770 et
1224 739 1449 782 interpretandi
1475 740 1618 772 facultate
1643 745 1671 772 et
1693 746 1796 773 aucto-

1055 790 1144 824 ritate
1169 791 1285 835 ubique
1310 792 1440 824 iudicari
1470 797 1496 823 et
1519 792 1647 825 diffiniri
1669 793 1794 834 debere,

1054 843 1243 883 decernens,
1267 850 1295 877 et
1313 845 1372 877 alia
1398 845 1593 888 disposuerat
1620 851 1649 877 et
1674 846 1795 879 ordina-

1055 898 1172 940 verat),

1098 951 1112 993 g
1138 950 1166 982 2.

1053 1002 1169 1035 nedum
1195 1009 1303 1036 contra
1328 1003 1484 1036 dictarum
1509 1004 1685 1037 litterarum
1711 1010 1794 1039 teno-

1054 1066 1120 1088 rem
1142 1061 1170 1088 et
1197 1057 1455 1100 prohibitionem,
1473 1057 1526 1089 sed
1551 1058 1611 1090 alia
1636 1058 1728 1090 etiam
1754 1063 1795 1092 at-

1053 1113 1173 1141 tentare
1191 1109 1375 1149 tractabant,
1390 1120 1444 1141 seu
1462 1110 1522 1142 iam
1540 1110 1645 1143 forsan
1662 1116 1793 1143 attenta—

1053 1167 1171 1202 verant,
1186 1162 1216 1194 in
1239 1162 1432 1195 auctoritatis
1450 1164 1688 1204 ecclesiasticae,
1707 1164 1794 1197 Sedis

1052 1216 1249 1259 Apostolicae
1267 1222 1293 1248 et
1317 1216 1416 1250 dictae
1433 1217 1583 1249 ecclesiae
1603 1218 1793 1259 Genetensis,

1052 1270 1241 1313 illarumque
1254 1270 1370 1303 iurium
1388 1271 1634 1314 praeiudicium;
1656 1282 1722 1312 nos,
1740 1272 1793 1305 iis-

1052 1324 1123 1356 dem
1159 1324 1326 1357 Clementis
1363 1326 1616 1368 praedecessoris
1654 1327 1793 1370 vestigiis

1052 1378 1261 1419 inhaerentes,
1279 1379 1426 1412 omnibus
1452 1383 1481 1413 et
1498 1379 1630 1422 singulis
1650 1381 1793 1424 personis

1052 1432 1082 1463 in
1107 1432 1196 1464 dictis
1220 1432 1332 1465 litteris
1358 1433 1524 1476 expressis,
1546 1440 1598 1466 aut
1623 1435 1794 1477 quomodo-

1050 1485 1121 1518 libet
1142 1486 1388 1529 comprehensis,
1410 1487 1468 1519 sub
1486 1487 1604 1520 eisdem
1624 1488 1679 1520 Dei
1697 1489 1794 1521 omni—

1050 1540 1185 1582 potentis
1210 1551 1245 1572 ac
1270 1540 1435 1573 beatorum
1461 1542 1677 1584 apostolorum
1709 1542 1791 1574 Petri

1050 1597 1079 1625 et
1098 1593 1184 1625 Pauli
1215 1598 1242 1626 et
1264 1599 1391 1627 nostrae
1417 1594 1640 1637 indignationis
1669 1606 1791 1628 necnon

1050 1647 1382 1681 excommunicationis
1410 1649 1479 1692 ipso
1497 1649 1577 1681 facto
1593 1649 1792 1681 incurrendis

1048 1701 1169 1744 poenis,
1187 1711 1204 1733 a
1228 1701 1341 1744 quibus
1366 1702 1490 1735 nonnisi
1515 1713 1531 1734 a
1556 1702 1646 1735 nobis
1667 1708 1694 1734 et
1713 1702 1791 1735 Sede

1048 1753 1218 1796 praedicta,
1236 1760 1455 1798 praeterquam
1481 1755 1511 1787 in
1530 1755 1640 1788 mortis
1658 1756 1791 1789 articulo

1049 1807 1246 1847 constitutus,
1265 1807 1431 1850 quisquam
1445 1808 1563 1841 absolvi
1579 1814 1694 1851 posset,
1709 1820 1792 1841 man-

1049 1859 1202 1895 davimus,
1223 1871 1260 1892 ne
1279 1870 1389 1892 eorum
1410 1861 1587 1904 quisquam,
1605 1872 1661 1905 per
1682 1872 1723 1901 se,
1742 1863 1789 1894 vel

1049 1913 1161 1953 alium,
1187 1924 1241 1946 seu
1266 1914 1365 1953 alios,
1401 1914 1518 1947 directe
1544 1916 1590 1947 vel
1617 1915 1789 1956 indirecte,

1049 1977 1102 1999 seu
1127 1967 1202 1999 alias
1226 1967 1462 2010 quomodolibet
1488 1973 1597 2001 contra
1621 1969 1791 2012 praedicta-

1048 2031 1120 2052 rum
1144 2021 1322 2053 litterarum
1349 2024 1506 2061 tenorem,
1532 2027 1582 2054 aut
1605 2022 1690 2061 alias,
1716 2034 1791 2066 quo-

1049 2074 1280 2117 modocumque
1318 2079 1347 2106 et
1386 2074 1657 2119 (pialitercumque
1699 2076 1789 2119 quid-

1048 2137 1142 2170 quam
1172 2128 1284 2167 sacere,
1310 2129 1356 2160 vel
1385 2128 1445 2161 alio
1470 2139 1670 2172 quocumque
1695 2130 1789 2163 modo

1048 2180 1078 2212 in
1104 2181 1315 2217 auctoritatis.
1341 2192 1375 2213 ac
1406 2181 1493 2214 Sedis
1518 2182 1731 2225 Apostolicae,
1761 2187 1787 2216 et

1048 2233 1147 2266 dictae
1183 2234 1332 2267 ecclesiae
1368 2234 1567 2275 Cenetensis,
1599 2236 1788 2279 illarumque

1049 2287 1164 2320 iurium
1190 2288 1418 2331 praeiudicium
1443 2292 1604 2327 attentare,
1625 2293 1676 2322 aut
1698 2289 1788 2323 inno-

1048 2352 1121 2373 vare
1142 2345 1377 2384 praesumeret;
1397 2342 1504 2381 immo,
1523 2342 1547 2374 si
1572 2342 1647 2385 quid
1672 2342 1702 2375 in
1718 2354 1788 2377 con-

1048 2395 1179 2428 trarium
1203 2399 1277 2427 tunc
1301 2395 1406 2427 forsan
1423 2398 1605 2429 attentatum
1628 2401 1718 2435 essct,
1735 2403 1786 2429 aut

1049 2448 1256 2491 imposterum
1274 2451 1489 2488 attentaretur,
1508 2449 1555 2480 vel
1573 2448 1786 2489 innovaretur,

1049 2501 1125 2533 illud
1149 2501 1242 2534 etiam
1267 2511 1304 2532 ex
1328 2505 1412 2536 tunc.
1439 2507 1530 2544 prout
1557 2506 1722 2545 postquam
1747 2508 1788 2535 at-

1049 2559 1212 2591 tentatum,
1230 2563 1285 2585 seu
1298 2553 1479 2586 innovatum
1499 2554 1617 2594 fuisset,
1632 2566 1703 2587 cum
1724 2566 1788 2588 om-

1048 2607 1139 2639 nibus
1159 2606 1230 2639 inde
1252 2607 1391 2650 sequutis
1411 2613 1438 2639 et
1454 2609 1644 2651 sequuturis,
1661 2608 1699 2641 de
1715 2620 1787 2652 apo-

1193 950 1251 983 Per
1276 961 1332 983 nos
1357 957 1506 994 accepto,
1531 952 1616 994 quod
1640 954 1794 993 nonnulli,
1836 989 1840 992 Δ

1810 274 1858 298 An,
1881 272 1994 300 01614

1854 977 1863 992 C
1879 978 1926 993 Sua.
