<?xml version="1.0" encoding="UTF-8"?>
<!DOCTYPE html PUBLIC "-//W3C//DTD XHTML 1.0 Transitional//EN"
    "http://www.w3.org/TR/xhtml1/DTD/xhtml1-transitional.dtd">
<html xmlns="http://www.w3.org/1999/xhtml" xml:lang="en" lang="en">
 <head>
  <title>
</title>
<meta http-equiv="Content-Type" content="text/html;charset=utf-8" />
  <meta name='ocr-system' content='tesseract 3.04.00' />
  <meta name='ocr-capabilities' content='ocr_page ocr_carea ocr_par ocr_line ocrx_word'/>
</head>
<body>
  <div class='ocr_page' id='page_1' title='image "./bullarumdiplomat12cath_0819.png"; bbox 0 0 2293 3231; ppageno 0'>
   <div class='ocr_carea' id='block_1_1' title="bbox 76 305 258 336">
    <p class='ocr_par' dir='ltr' id='par_1_1' title="bbox 76 305 258 336">
     <span class='ocr_line' id='line_1_1' title="bbox 76 305 258 336; baseline -0.011 0"><span class='ocrx_word' id='word_1_1' title='bbox 76 308 124 336; x_wconf 76' lang='lat' dir='ltr'>An.</span> <span class='ocrx_word' id='word_1_2' title='bbox 141 306 170 334; x_wconf 90' lang='lat' dir='ltr'>C.</span> <span class='ocrx_word' id='word_1_3' title='bbox 191 305 258 335; x_wconf 78' lang='lat'>1623</span> 
     </span>
    </p>
   </div>
   <div class='ocr_carea' id='block_1_2' title="bbox 865 303 1179 329">
    <p class='ocr_par' dir='ltr' id='par_1_2' title="bbox 865 303 1179 329">
     <span class='ocr_line' id='line_1_2' title="bbox 865 303 1179 329; baseline -0.006 0"><span class='ocrx_word' id='word_1_4' title='bbox 865 303 1042 329; x_wconf 82' lang='lat' dir='ltr'>GREGORIUS</span> <span class='ocrx_word' id='word_1_5' title='bbox 1066 303 1107 328; x_wconf 85' lang='lat' dir='ltr'>XV</span> <span class='ocrx_word' id='word_1_6' title='bbox 1130 303 1179 327; x_wconf 90' lang='lat' dir='ltr'>PP.</span> 
     </span>
    </p>
   </div>
   <div class='ocr_carea' id='block_1_3' title="bbox 275 349 1785 397">
    <p class='ocr_par' dir='ltr' id='par_1_3' title="bbox 275 349 1785 397">
     <span class='ocr_line' id='line_1_3' title="bbox 275 349 1785 397; baseline -0.004 -10"><span class='ocrx_word' id='word_1_7' title='bbox 275 354 464 397; x_wconf 88' lang='lat' dir='ltr'>illorumque</span> <span class='ocrx_word' id='word_1_8' title='bbox 488 353 704 397; x_wconf 89' lang='lat' dir='ltr'>superioribus</span> <span class='ocrx_word' id='word_1_9' title='bbox 721 364 756 386; x_wconf 88' lang='lat' dir='ltr'>ac</span> <span class='ocrx_word' id='word_1_10' title='bbox 772 353 1012 397; x_wconf 77' lang='lat' dir='ltr'>professoribus,</span> <span class='ocrx_word' id='word_1_11' title='bbox 1045 351 1094 384; x_wconf 85' lang='lat' dir='ltr'>vel</span> <span class='ocrx_word' id='word_1_12' title='bbox 1110 351 1219 395; x_wconf 87' lang='lat' dir='ltr'>quavis</span> <span class='ocrx_word' id='word_1_13' title='bbox 1236 350 1383 383; x_wconf 84' lang='lat' dir='ltr'>firmitate</span> <span class='ocrx_word' id='word_1_14' title='bbox 1400 349 1460 382; x_wconf 72' lang='lat' dir='ltr'>alia</span> <span class='ocrx_word' id='word_1_15' title='bbox 1478 349 1647 392; x_wconf 80' lang='lat' dir='ltr'>roboratis)</span> <span class='ocrx_word' id='word_1_16' title='bbox 1664 349 1785 382; x_wconf 81' lang='lat' dir='ltr'>statutis</span> 
     </span>
    </p>
   </div>
   <div class='ocr_carea' id='block_1_4' title="bbox 274 406 1023 2154">
    <p class='ocr_par' dir='ltr' id='par_1_4' title="bbox 274 406 1020 1827">
     <span class='ocr_line' id='line_1_4' title="bbox 274 406 1013 450; baseline 0 -11"><span class='ocrx_word' id='word_1_17' title='bbox 274 417 396 441; x_wconf 86' lang='lat' dir='ltr'>necnon</span> <span class='ocrx_word' id='word_1_18' title='bbox 421 407 561 440; x_wconf 86' lang='lat' dir='ltr'>ecclesiis</span> <span class='ocrx_word' id='word_1_19' title='bbox 577 411 607 440; x_wconf 91' lang='lat' dir='ltr'>et</span> <span class='ocrx_word' id='word_1_20' title='bbox 630 407 707 440; x_wconf 87' lang='lat' dir='ltr'>loeis</span> <span class='ocrx_word' id='word_1_21' title='bbox 727 407 926 450; x_wconf 77' lang='lat' dir='ltr'>regularibus</span> <span class='ocrx_word' id='word_1_22' title='bbox 946 406 1013 450; x_wconf 90' lang='lat' dir='ltr'>qui-</span> 
     </span>
     <span class='ocr_line' id='line_1_5' title="bbox 276 459 1013 504; baseline 0 -12"><span class='ocrx_word' id='word_1_23' title='bbox 276 460 482 503; x_wconf 75' lang='lat' dir='ltr'>buscumque,</span> <span class='ocrx_word' id='word_1_24' title='bbox 507 461 600 493; x_wconf 86' lang='lat' dir='ltr'>etiam</span> <span class='ocrx_word' id='word_1_25' title='bbox 624 471 681 504; x_wconf 88' lang='lat' dir='ltr'>per</span> <span class='ocrx_word' id='word_1_26' title='bbox 705 460 786 492; x_wconf 88' lang='lat' dir='ltr'>viam</span> <span class='ocrx_word' id='word_1_27' title='bbox 804 459 1013 493; x_wconf 87' lang='lat' dir='ltr'>communica-</span> 
     </span>
     <span class='ocr_line' id='line_1_6' title="bbox 277 513 1013 556; baseline 0 -11"><span class='ocrx_word' id='word_1_28' title='bbox 277 514 368 547; x_wconf 79' lang='lat' dir='ltr'>tionis</span> <span class='ocrx_word' id='word_1_29' title='bbox 392 514 439 546; x_wconf 84' lang='lat' dir='ltr'>vel</span> <span class='ocrx_word' id='word_1_30' title='bbox 464 514 662 554; x_wconf 83' lang='lat' dir='ltr'>extensionis,</span> <span class='ocrx_word' id='word_1_31' title='bbox 680 519 732 546; x_wconf 88' lang='lat' dir='ltr'>aut</span> <span class='ocrx_word' id='word_1_32' title='bbox 747 513 822 546; x_wconf 73' lang='lat' dir='ltr'>alias</span> <span class='ocrx_word' id='word_1_33' title='bbox 838 513 1013 556; x_wconf 88' lang='lat' dir='ltr'>quomodo-</span> 
     </span>
     <span class='ocr_line' id='line_1_7' title="bbox 276 565 1014 610; baseline 0 -12"><span class='ocrx_word' id='word_1_34' title='bbox 276 567 351 599; x_wconf 87' lang='lat' dir='ltr'>libet</span> <span class='ocrx_word' id='word_1_35' title='bbox 370 578 427 610; x_wconf 82' lang='lat' dir='ltr'>per</span> <span class='ocrx_word' id='word_1_36' title='bbox 443 578 660 610; x_wconf 87' lang='lat' dir='ltr'>quoscumque</span> <span class='ocrx_word' id='word_1_37' title='bbox 677 567 835 600; x_wconf 83' lang='lat' dir='ltr'>Romanos</span> <span class='ocrx_word' id='word_1_38' title='bbox 849 565 1014 599; x_wconf 82' lang='lat' dir='ltr'>Pontifices</span> 
     </span>
     <span class='ocr_line' id='line_1_8' title="bbox 276 620 1015 666; baseline 0.001 -15"><span class='ocrx_word' id='word_1_39' title='bbox 276 620 533 666; x_wconf 59' lang='lat' dir='ltr'>praedecessores</span> <span class='ocrx_word' id='word_1_40' title='bbox 546 625 680 660; x_wconf 88' lang='lat' dir='ltr'>nostros,</span> <span class='ocrx_word' id='word_1_41' title='bbox 697 630 733 653; x_wconf 87' lang='lat' dir='ltr'>ac</span> <span class='ocrx_word' id='word_1_42' title='bbox 752 620 843 654; x_wconf 88' lang='lat' dir='ltr'>etiam</span> <span class='ocrx_word' id='word_1_43' title='bbox 862 629 928 659; x_wconf 91' lang='lat' dir='ltr'>nos,</span> <span class='ocrx_word' id='word_1_44' title='bbox 939 629 1015 662; x_wconf 88' lang='lat' dir='ltr'>quo—</span> 
     </span>
     <span class='ocr_line' id='line_1_9' title="bbox 277 672 1014 717; baseline -0.001 -12"><span class='ocrx_word' id='word_1_45' title='bbox 277 673 448 706; x_wconf 89' lang='lat' dir='ltr'>modolibet</span> <span class='ocrx_word' id='word_1_46' title='bbox 471 673 638 714; x_wconf 73' lang='lat' dir='ltr'>concessis,</span> <span class='ocrx_word' id='word_1_47' title='bbox 662 678 693 706; x_wconf 95' lang='lat' dir='ltr'>et</span> <span class='ocrx_word' id='word_1_48' title='bbox 717 672 830 717; x_wconf 89' lang='lat' dir='ltr'>quibus</span> <span class='ocrx_word' id='word_1_49' title='bbox 855 672 932 716; x_wconf 82' lang='lat' dir='ltr'>ipsi,</span> <span class='ocrx_word' id='word_1_50' title='bbox 957 682 1014 705; x_wconf 91' lang='lat' dir='ltr'>nec</span> 
     </span>
     <span class='ocr_line' id='line_1_10' title="bbox 275 725 1014 769; baseline 0 -11"><span class='ocrx_word' id='word_1_51' title='bbox 275 737 338 760; x_wconf 90' lang='lat' dir='ltr'>non</span> <span class='ocrx_word' id='word_1_52' title='bbox 355 726 505 759; x_wconf 86' lang='lat' dir='ltr'>ecclesiae</span> <span class='ocrx_word' id='word_1_53' title='bbox 521 731 551 758; x_wconf 87' lang='lat' dir='ltr'>et</span> <span class='ocrx_word' id='word_1_54' title='bbox 568 726 724 769; x_wconf 86' lang='lat' dir='ltr'>regularia</span> <span class='ocrx_word' id='word_1_55' title='bbox 746 726 815 759; x_wconf 86' lang='lat' dir='ltr'>loca</span> <span class='ocrx_word' id='word_1_56' title='bbox 834 725 1014 758; x_wconf 89' lang='lat' dir='ltr'>huiusmodi</span> 
     </span>
     <span class='ocr_line' id='line_1_11' title="bbox 276 778 1014 822; baseline -0.001 -9"><span class='ocrx_word' id='word_1_57' title='bbox 276 780 314 813; x_wconf 89' lang='lat' dir='ltr'>de</span> <span class='ocrx_word' id='word_1_58' title='bbox 339 779 428 820; x_wconf 89' lang='lat' dir='ltr'>iure,</span> <span class='ocrx_word' id='word_1_59' title='bbox 459 791 537 820; x_wconf 89' lang='lat' dir='ltr'>usu,</span> <span class='ocrx_word' id='word_1_60' title='bbox 568 779 813 819; x_wconf 85' lang='lat' dir='ltr'>consuetudine,</span> <span class='ocrx_word' id='word_1_61' title='bbox 838 778 1014 822; x_wconf 85' lang='lat' dir='ltr'>privilegio,</span> 
     </span>
     <span class='ocr_line' id='line_1_12' title="bbox 277 832 1015 876; baseline -0.003 -10"><span class='ocrx_word' id='word_1_62' title='bbox 277 833 478 866; x_wconf 73' lang='lat' dir='ltr'>concessione</span> <span class='ocrx_word' id='word_1_63' title='bbox 503 832 684 876; x_wconf 79' lang='lat' dir='ltr'>apostolica,</span> <span class='ocrx_word' id='word_1_64' title='bbox 709 842 764 865; x_wconf 88' lang='lat' dir='ltr'>seu</span> <span class='ocrx_word' id='word_1_65' title='bbox 789 832 864 864; x_wconf 76' lang='lat' dir='ltr'>alias</span> <span class='ocrx_word' id='word_1_66' title='bbox 886 842 1015 875; x_wconf 89' lang='lat' dir='ltr'>quomo-</span> 
     </span>
     <span class='ocr_line' id='line_1_13' title="bbox 277 884 1016 927; baseline -0.003 -9"><span class='ocrx_word' id='word_1_67' title='bbox 277 886 394 919; x_wconf 84' lang='lat' dir='ltr'>dolibet</span> <span class='ocrx_word' id='word_1_68' title='bbox 417 891 558 926; x_wconf 88' lang='lat' dir='ltr'>utuntur,</span> <span class='ocrx_word' id='word_1_69' title='bbox 578 886 724 918; x_wconf 83' lang='lat' dir='ltr'>fruuntur</span> <span class='ocrx_word' id='word_1_70' title='bbox 749 890 778 917; x_wconf 88' lang='lat' dir='ltr'>et</span> <span class='ocrx_word' id='word_1_71' title='bbox 801 884 954 927; x_wconf 79' lang='lat' dir='ltr'>gaudent,</span> <span class='ocrx_word' id='word_1_72' title='bbox 980 894 1016 917; x_wconf 89' lang='lat' dir='ltr'>ac</span> 
     </span>
     <span class='ocr_line' id='line_1_14' title="bbox 277 940 1016 983; baseline -0.004 -10"><span class='ocrx_word' id='word_1_73' title='bbox 277 940 333 980; x_wconf 89' lang='lat' dir='ltr'>uti,</span> <span class='ocrx_word' id='word_1_74' title='bbox 358 940 419 973; x_wconf 79' lang='lat' dir='ltr'>frui</span> <span class='ocrx_word' id='word_1_75' title='bbox 443 946 472 972; x_wconf 85' lang='lat' dir='ltr'>et</span> <span class='ocrx_word' id='word_1_76' title='bbox 496 940 634 983; x_wconf 89' lang='lat' dir='ltr'>gaudere</span> <span class='ocrx_word' id='word_1_77' title='bbox 657 944 790 983; x_wconf 75' lang='lat' dir='ltr'>possunt</span> <span class='ocrx_word' id='word_1_78' title='bbox 814 944 844 972; x_wconf 88' lang='lat' dir='ltr'>et</span> <span class='ocrx_word' id='word_1_79' title='bbox 868 942 1016 982; x_wconf 88' lang='lat' dir='ltr'>poterunt</span> 
     </span>
     <span class='ocr_line' id='line_1_15' title="bbox 278 991 1015 1037; baseline -0.004 -11"><span class='ocrx_word' id='word_1_80' title='bbox 278 993 518 1037; x_wconf 76' lang='lat' dir='ltr'>quomodolibet</span> <span class='ocrx_word' id='word_1_81' title='bbox 541 993 573 1025; x_wconf 92' lang='lat' dir='ltr'>in</span> <span class='ocrx_word' id='word_1_82' title='bbox 598 993 748 1032; x_wconf 77' lang='lat' dir='ltr'>futurum,</span> <span class='ocrx_word' id='word_1_83' title='bbox 773 991 945 1024; x_wconf 90' lang='lat' dir='ltr'>dummodo</span> <span class='ocrx_word' id='word_1_84' title='bbox 970 996 1015 1023; x_wconf 88' lang='lat' dir='ltr'>ta-</span> 
     </span>
     <span class='ocr_line' id='line_1_16' title="bbox 280 1045 1016 1084; baseline -0.004 -5"><span class='ocrx_word' id='word_1_85' title='bbox 280 1057 351 1079; x_wconf 88' lang='lat' dir='ltr'>men</span> <span class='ocrx_word' id='word_1_86' title='bbox 381 1046 442 1080; x_wconf 88' lang='lat' dir='ltr'>sint</span> <span class='ocrx_word' id='word_1_87' title='bbox 473 1046 504 1078; x_wconf 92' lang='lat' dir='ltr'>in</span> <span class='ocrx_word' id='word_1_88' title='bbox 528 1056 587 1078; x_wconf 87' lang='lat' dir='ltr'>usu</span> <span class='ocrx_word' id='word_1_89' title='bbox 611 1051 641 1078; x_wconf 87' lang='lat' dir='ltr'>et</span> <span class='ocrx_word' id='word_1_90' title='bbox 664 1055 728 1078; x_wconf 90' lang='lat' dir='ltr'>non</span> <span class='ocrx_word' id='word_1_91' title='bbox 758 1045 818 1077; x_wconf 90' lang='lat' dir='ltr'>sint</span> <span class='ocrx_word' id='word_1_92' title='bbox 850 1049 1016 1084; x_wconf 80' lang='lat' dir='ltr'>revocata,</span> 
     </span>
     <span class='ocr_line' id='line_1_17' title="bbox 279 1097 1018 1143; baseline -0.005 -11"><span class='ocrx_word' id='word_1_93' title='bbox 279 1110 380 1143; x_wconf 88' lang='lat' dir='ltr'>neque</span> <span class='ocrx_word' id='word_1_94' title='bbox 405 1099 462 1132; x_wconf 90' lang='lat' dir='ltr'>sub</span> <span class='ocrx_word' id='word_1_95' title='bbox 486 1098 643 1141; x_wconf 84' lang='lat' dir='ltr'>aliquibus</span> <span class='ocrx_word' id='word_1_96' title='bbox 666 1097 919 1130; x_wconf 80' lang='lat' dir='ltr'>revocationibus</span> <span class='ocrx_word' id='word_1_97' title='bbox 936 1107 1018 1129; x_wconf 91' lang='lat' dir='ltr'>com-</span> 
     </span>
     <span class='ocr_line' id='line_1_18' title="bbox 279 1150 1017 1196; baseline -0.005 -10"><span class='ocrx_word' id='word_1_98' title='bbox 279 1154 445 1196; x_wconf 86' lang='lat' dir='ltr'>prehensa,</span> <span class='ocrx_word' id='word_1_99' title='bbox 462 1163 519 1186; x_wconf 92' lang='lat' dir='ltr'>nec</span> <span class='ocrx_word' id='word_1_100' title='bbox 539 1152 636 1185; x_wconf 88' lang='lat' dir='ltr'>sacris</span> <span class='ocrx_word' id='word_1_101' title='bbox 652 1151 825 1185; x_wconf 90' lang='lat' dir='ltr'>canonibus</span> <span class='ocrx_word' id='word_1_102' title='bbox 843 1156 873 1184; x_wconf 93' lang='lat' dir='ltr'>et</span> <span class='ocrx_word' id='word_1_103' title='bbox 888 1150 1017 1184; x_wconf 69' lang='lat' dir='ltr'>Cone-ilii</span> 
     </span>
     <span class='ocr_line' id='line_1_19' title="bbox 279 1205 1018 1246; baseline -0.004 -6"><span class='ocrx_word' id='word_1_104' title='bbox 279 1207 451 1240; x_wconf 77' lang='lat' dir='ltr'>Tridentini</span> <span class='ocrx_word' id='word_1_105' title='bbox 483 1206 639 1246; x_wconf 84' lang='lat' dir='ltr'>decretis,</span> <span class='ocrx_word' id='word_1_106' title='bbox 663 1211 716 1238; x_wconf 88' lang='lat' dir='ltr'>aut</span> <span class='ocrx_word' id='word_1_107' title='bbox 744 1205 1018 1240; x_wconf 78' lang='lat' dir='ltr'>constitutionibus</span> 
     </span>
     <span class='ocr_line' id='line_1_20' title="bbox 279 1258 1018 1303; baseline -0.001 -11"><span class='ocrx_word' id='word_1_108' title='bbox 279 1260 460 1303; x_wconf 84' lang='lat' dir='ltr'>apostolicis</span> <span class='ocrx_word' id='word_1_109' title='bbox 491 1263 689 1303; x_wconf 78' lang='lat' dir='ltr'>repugnent,</span> <span class='ocrx_word' id='word_1_110' title='bbox 714 1259 782 1302; x_wconf 91' lang='lat' dir='ltr'>pari</span> <span class='ocrx_word' id='word_1_111' title='bbox 816 1258 931 1298; x_wconf 89' lang='lat' dir='ltr'>modo,</span> <span class='ocrx_word' id='word_1_112' title='bbox 955 1269 1018 1291; x_wconf 92' lang='lat' dir='ltr'>non</span> 
     </span>
     <span class='ocr_line' id='line_1_21' title="bbox 279 1312 1019 1356; baseline -0.003 -10"><span class='ocrx_word' id='word_1_113' title='bbox 279 1314 381 1346; x_wconf 89' lang='lat' dir='ltr'>solum</span> <span class='ocrx_word' id='word_1_114' title='bbox 406 1313 444 1346; x_wconf 90' lang='lat' dir='ltr'>ad</span> <span class='ocrx_word' id='word_1_115' title='bbox 468 1323 578 1346; x_wconf 89' lang='lat' dir='ltr'>eorum</span> <span class='ocrx_word' id='word_1_116' title='bbox 603 1313 710 1353; x_wconf 85' lang='lat' dir='ltr'>instar,</span> <span class='ocrx_word' id='word_1_117' title='bbox 736 1312 789 1345; x_wconf 89' lang='lat' dir='ltr'>sed</span> <span class='ocrx_word' id='word_1_118' title='bbox 805 1312 1019 1356; x_wconf 83' lang='lat' dir='ltr'>pariformiter</span> 
     </span>
     <span class='ocr_line' id='line_1_22' title="bbox 280 1365 1020 1410; baseline -0.001 -11"><span class='ocrx_word' id='word_1_119' title='bbox 280 1371 310 1399; x_wconf 92' lang='lat' dir='ltr'>et</span> <span class='ocrx_word' id='word_1_120' title='bbox 333 1377 432 1410; x_wconf 89' lang='lat' dir='ltr'>aeque</span> <span class='ocrx_word' id='word_1_121' title='bbox 455 1366 680 1410; x_wconf 79' lang='lat' dir='ltr'>principaliter,</span> <span class='ocrx_word' id='word_1_122' title='bbox 704 1365 834 1409; x_wconf 85' lang='lat' dir='ltr'>perinde</span> <span class='ocrx_word' id='word_1_123' title='bbox 858 1376 893 1398; x_wconf 92' lang='lat' dir='ltr'>ac</span> <span class='ocrx_word' id='word_1_124' title='bbox 913 1366 938 1398; x_wconf 92' lang='lat' dir='ltr'>si</span> <span class='ocrx_word' id='word_1_125' title='bbox 959 1365 1020 1398; x_wconf 90' lang='lat' dir='ltr'>illis</span> 
     </span>
     <span class='ocr_line' id='line_1_23' title="bbox 280 1419 1019 1463; baseline 0 -11"><span class='ocrx_word' id='word_1_126' title='bbox 280 1420 466 1453; x_wconf 87' lang='lat' dir='ltr'>nominatim</span> <span class='ocrx_word' id='word_1_127' title='bbox 491 1419 568 1452; x_wconf 89' lang='lat' dir='ltr'>etin</span> <span class='ocrx_word' id='word_1_128' title='bbox 592 1419 695 1463; x_wconf 85' lang='lat' dir='ltr'>specie</span> <span class='ocrx_word' id='word_1_129' title='bbox 712 1429 861 1452; x_wconf 87' lang='lat' dir='ltr'>concessa</span> <span class='ocrx_word' id='word_1_130' title='bbox 881 1419 1019 1460; x_wconf 85' lang='lat' dir='ltr'>fuissent,</span> 
     </span>
     <span class='ocr_line' id='line_1_24' title="bbox 281 1471 1019 1515; baseline -0.003 -9"><span class='ocrx_word' id='word_1_131' title='bbox 281 1473 344 1515; x_wconf 88' lang='lat' dir='ltr'>uti,</span> <span class='ocrx_word' id='word_1_132' title='bbox 369 1473 429 1506; x_wconf 86' lang='lat' dir='ltr'>srui</span> <span class='ocrx_word' id='word_1_133' title='bbox 461 1478 490 1505; x_wconf 86' lang='lat' dir='ltr'>et</span> <span class='ocrx_word' id='word_1_134' title='bbox 522 1472 659 1515; x_wconf 87' lang='lat' dir='ltr'>gaudere</span> <span class='ocrx_word' id='word_1_135' title='bbox 684 1471 782 1504; x_wconf 88' lang='lat' dir='ltr'>libere</span> <span class='ocrx_word' id='word_1_136' title='bbox 807 1476 836 1504; x_wconf 89' lang='lat' dir='ltr'>et</span> <span class='ocrx_word' id='word_1_137' title='bbox 861 1472 943 1504; x_wconf 86' lang='lat' dir='ltr'>licite</span> <span class='ocrx_word' id='word_1_138' title='bbox 968 1483 1019 1505; x_wconf 90' lang='lat' dir='ltr'>va-</span> 
     </span>
     <span class='ocr_line' id='line_1_25' title="bbox 282 1525 1019 1570; baseline -0.001 -11"><span class='ocrx_word' id='word_1_139' title='bbox 282 1527 373 1567; x_wconf 90' lang='lat' dir='ltr'>leant,</span> <span class='ocrx_word' id='word_1_140' title='bbox 397 1525 570 1570; x_wconf 76' lang='lat' dir='ltr'>apostoliea</span> <span class='ocrx_word' id='word_1_141' title='bbox 595 1525 790 1565; x_wconf 88' lang='lat' dir='ltr'>auctoritate,</span> <span class='ocrx_word' id='word_1_142' title='bbox 808 1530 915 1558; x_wconf 84' lang='lat' dir='ltr'>tenore</span> <span class='ocrx_word' id='word_1_143' title='bbox 932 1536 1019 1568; x_wconf 91' lang='lat' dir='ltr'>prae-</span> 
     </span>
     <span class='ocr_line' id='line_1_26' title="bbox 281 1578 1018 1623; baseline -0.003 -10"><span class='ocrx_word' id='word_1_144' title='bbox 281 1580 432 1621; x_wconf 84' lang='lat' dir='ltr'>sentium,</span> <span class='ocrx_word' id='word_1_145' title='bbox 457 1584 610 1623; x_wconf 85' lang='lat' dir='ltr'>perpetuo</span> <span class='ocrx_word' id='word_1_146' title='bbox 635 1578 837 1612; x_wconf 85' lang='lat' dir='ltr'>concedimus</span> <span class='ocrx_word' id='word_1_147' title='bbox 862 1584 892 1611; x_wconf 90' lang='lat' dir='ltr'>et</span> <span class='ocrx_word' id='word_1_148' title='bbox 916 1579 1018 1611; x_wconf 93' lang='lat' dir='ltr'>indul-</span> 
     </span>
     <span class='ocr_line' id='line_1_27' title="bbox 282 1632 1018 1677; baseline -0.003 -10"><span class='ocrx_word' id='word_1_149' title='bbox 282 1644 410 1677; x_wconf 86' lang='lat' dir='ltr'>gemus:</span> <span class='ocrx_word' id='word_1_150' title='bbox 435 1633 579 1676; x_wconf 88' lang='lat' dir='ltr'>dictaque</span> <span class='ocrx_word' id='word_1_151' title='bbox 603 1632 777 1676; x_wconf 86' lang='lat' dir='ltr'>privilegia,</span> <span class='ocrx_word' id='word_1_152' title='bbox 796 1632 1018 1673; x_wconf 77' lang='lat' dir='ltr'>immunitates,</span> 
     </span>
     <span class='ocr_line' id='line_1_28' title="bbox 283 1685 1019 1728; baseline 0 -8"><span class='ocrx_word' id='word_1_153' title='bbox 283 1687 450 1727; x_wconf 80' lang='lat' dir='ltr'>libertates,</span> <span class='ocrx_word' id='word_1_154' title='bbox 475 1686 636 1719; x_wconf 74' lang='lat' dir='ltr'>facultates</span> <span class='ocrx_word' id='word_1_155' title='bbox 661 1685 885 1728; x_wconf 85' lang='lat' dir='ltr'>exemptiones,</span> <span class='ocrx_word' id='word_1_156' title='bbox 903 1686 1019 1728; x_wconf 79' lang='lat' dir='ltr'>gratias</span> 
     </span>
     <span class='ocr_line' id='line_1_29' title="bbox 282 1738 1019 1782; baseline -0.001 -9"><span class='ocrx_word' id='word_1_157' title='bbox 282 1746 312 1773; x_wconf 88' lang='lat' dir='ltr'>et</span> <span class='ocrx_word' id='word_1_158' title='bbox 336 1740 455 1772; x_wconf 89' lang='lat' dir='ltr'>indulta</span> <span class='ocrx_word' id='word_1_159' title='bbox 478 1739 522 1772; x_wconf 90' lang='lat' dir='ltr'>eis</span> <span class='ocrx_word' id='word_1_160' title='bbox 547 1739 827 1779; x_wconf 82' lang='lat' dir='ltr'>communicamus,</span> <span class='ocrx_word' id='word_1_161' title='bbox 850 1738 965 1782; x_wconf 90' lang='lat' dir='ltr'>illaque</span> <span class='ocrx_word' id='word_1_162' title='bbox 981 1739 1019 1772; x_wconf 89' lang='lat' dir='ltr'>ad</span> 
     </span>
     <span class='ocr_line' id='line_1_30' title="bbox 282 1792 570 1827; baseline 0 -2"><span class='ocrx_word' id='word_1_163' title='bbox 282 1803 336 1827; x_wconf 90' lang='lat' dir='ltr'>cos</span> <span class='ocrx_word' id='word_1_164' title='bbox 367 1792 570 1826; x_wconf 83' lang='lat' dir='ltr'>extendimus.</span> 
     </span>
    </p>

    <p class='ocr_par' dir='ltr' id='par_1_5' title="bbox 282 1845 1023 2154">
     <span class='ocr_line' id='line_1_31' title="bbox 326 1845 1022 1890; baseline -0.003 -11"><span class='ocrx_word' id='word_1_165' title='bbox 326 1847 342 1890; x_wconf 61' lang='grc' dir='ltr'><strong>ξ</strong></span> <span class='ocrx_word' id='word_1_166' title='bbox 364 1846 394 1879; x_wconf 67' lang='lat'>2.</span> <span class='ocrx_word' id='word_1_167' title='bbox 415 1846 624 1879; x_wconf 87' lang='lat' dir='ltr'>Decernentcs</span> <span class='ocrx_word' id='word_1_168' title='bbox 641 1850 821 1889; x_wconf 84' lang='lat' dir='ltr'>praesentes</span> <span class='ocrx_word' id='word_1_169' title='bbox 838 1845 957 1878; x_wconf 84' lang='lat' dir='ltr'>litteras</span> <span class='ocrx_word' id='word_1_170' title='bbox 973 1856 1022 1877; x_wconf 91' lang='lat' dir='ltr'>va-</span> 
     </span>
     <span class='ocr_line' id='line_1_32' title="bbox 282 1898 1020 1942; baseline -0.001 -9"><span class='ocrx_word' id='word_1_171' title='bbox 282 1900 370 1942; x_wconf 88' lang='lat' dir='ltr'>lidas,</span> <span class='ocrx_word' id='word_1_172' title='bbox 390 1900 498 1933; x_wconf 88' lang='lat' dir='ltr'>firmas</span> <span class='ocrx_word' id='word_1_173' title='bbox 514 1904 544 1932; x_wconf 88' lang='lat' dir='ltr'>et</span> <span class='ocrx_word' id='word_1_174' title='bbox 563 1900 704 1932; x_wconf 86' lang='lat' dir='ltr'>efficaces</span> <span class='ocrx_word' id='word_1_175' title='bbox 728 1898 860 1932; x_wconf 86' lang='lat' dir='ltr'>existere</span> <span class='ocrx_word' id='word_1_176' title='bbox 885 1904 915 1931; x_wconf 88' lang='lat' dir='ltr'>et</span> <span class='ocrx_word' id='word_1_177' title='bbox 938 1899 1020 1940; x_wconf 87' lang='lat' dir='ltr'>sore,</span> 
     </span>
     <span class='ocr_line' id='line_1_33' title="bbox 283 1952 1022 1998; baseline -0.004 -10"><span class='ocrx_word' id='word_1_178' title='bbox 283 1964 420 1998; x_wconf 89' lang='lat' dir='ltr'>suosque</span> <span class='ocrx_word' id='word_1_179' title='bbox 436 1953 593 1997; x_wconf 88' lang='lat' dir='ltr'>plenarios</span> <span class='ocrx_word' id='word_1_180' title='bbox 610 1958 640 1985; x_wconf 89' lang='lat' dir='ltr'>et</span> <span class='ocrx_word' id='word_1_181' title='bbox 656 1953 796 1995; x_wconf 88' lang='lat' dir='ltr'>integros</span> <span class='ocrx_word' id='word_1_182' title='bbox 814 1952 942 1985; x_wconf 80' lang='lat' dir='ltr'>effectus</span> <span class='ocrx_word' id='word_1_183' title='bbox 958 1963 1022 1986; x_wconf 88' lang='lat' dir='ltr'>sor-</span> 
     </span>
     <span class='ocr_line' id='line_1_34' title="bbox 284 2005 1022 2046; baseline -0.001 -7"><span class='ocrx_word' id='word_1_184' title='bbox 284 2007 335 2039; x_wconf 87' lang='lat' dir='ltr'>tiri</span> <span class='ocrx_word' id='word_1_185' title='bbox 366 2012 396 2039; x_wconf 90' lang='lat' dir='ltr'>et</span> <span class='ocrx_word' id='word_1_186' title='bbox 429 2006 592 2046; x_wconf 87' lang='lat' dir='ltr'>obtinere,</span> <span class='ocrx_word' id='word_1_187' title='bbox 624 2016 660 2038; x_wconf 89' lang='lat' dir='ltr'>ac</span> <span class='ocrx_word' id='word_1_188' title='bbox 691 2005 806 2038; x_wconf 86' lang='lat' dir='ltr'>rectori</span> <span class='ocrx_word' id='word_1_189' title='bbox 838 2010 869 2037; x_wconf 91' lang='lat' dir='ltr'>et</span> <span class='ocrx_word' id='word_1_190' title='bbox 900 2005 1022 2038; x_wconf 85' lang='lat' dir='ltr'>clericis</span> 
     </span>
     <span class='ocr_line' id='line_1_35' title="bbox 284 2058 1023 2102; baseline -0.001 -11"><span class='ocrx_word' id='word_1_191' title='bbox 284 2059 430 2102; x_wconf 77' lang='lat' dir='ltr'>praefatis</span> <span class='ocrx_word' id='word_1_192' title='bbox 450 2059 481 2091; x_wconf 91' lang='lat' dir='ltr'>in</span> <span class='ocrx_word' id='word_1_193' title='bbox 501 2059 647 2092; x_wconf 89' lang='lat' dir='ltr'>omnibus</span> <span class='ocrx_word' id='word_1_194' title='bbox 664 2064 693 2091; x_wconf 92' lang='lat' dir='ltr'>et</span> <span class='ocrx_word' id='word_1_195' title='bbox 710 2069 766 2102; x_wconf 89' lang='lat' dir='ltr'>per</span> <span class='ocrx_word' id='word_1_196' title='bbox 786 2058 891 2092; x_wconf 88' lang='lat' dir='ltr'>omnia</span> <span class='ocrx_word' id='word_1_197' title='bbox 911 2058 1023 2102; x_wconf 88' lang='lat' dir='ltr'>plenis-</span> 
     </span>
     <span class='ocr_line' id='line_1_36' title="bbox 285 2111 569 2154; baseline 0 -10"><span class='ocrx_word' id='word_1_198' title='bbox 285 2111 363 2144; x_wconf 89' lang='lat' dir='ltr'>sime</span> <span class='ocrx_word' id='word_1_199' title='bbox 387 2111 569 2154; x_wconf 78' lang='lat' dir='ltr'>suffragari3</span> 
     </span>
    </p>
   </div>
   <div class='ocr_carea' id='block_1_5' title="bbox 1046 402 1788 1140">
    <p class='ocr_par' dir='ltr' id='par_1_6' title="bbox 1046 402 1788 926">
     <span class='ocr_line' id='line_1_37' title="bbox 1046 402 1784 446; baseline -0.004 -9"><span class='ocrx_word' id='word_1_200' title='bbox 1046 409 1076 437; x_wconf 93' lang='lat' dir='ltr'>et</span> <span class='ocrx_word' id='word_1_201' title='bbox 1109 403 1408 443; x_wconf 82' lang='lat' dir='ltr'>consuetudinibus,</span> <span class='ocrx_word' id='word_1_202' title='bbox 1441 402 1613 446; x_wconf 80' lang='lat' dir='ltr'>privilegiis</span> <span class='ocrx_word' id='word_1_203' title='bbox 1641 412 1784 445; x_wconf 86' lang='lat' dir='ltr'>quoque,</span> 
     </span>
     <span class='ocr_line' id='line_1_38' title="bbox 1048 455 1785 501; baseline -0.004 -11"><span class='ocrx_word' id='word_1_204' title='bbox 1048 458 1175 490; x_wconf 89' lang='lat' dir='ltr'>indultis</span> <span class='ocrx_word' id='word_1_205' title='bbox 1186 462 1216 490; x_wconf 88' lang='lat' dir='ltr'>et</span> <span class='ocrx_word' id='word_1_206' title='bbox 1229 457 1340 489; x_wconf 88' lang='lat' dir='ltr'>litteris</span> <span class='ocrx_word' id='word_1_207' title='bbox 1350 456 1538 501; x_wconf 86' lang='lat' dir='ltr'>apostolicis,</span> <span class='ocrx_word' id='word_1_208' title='bbox 1549 456 1580 488; x_wconf 92' lang='lat' dir='ltr'>in</span> <span class='ocrx_word' id='word_1_209' title='bbox 1593 455 1785 489; x_wconf 87' lang='lat' dir='ltr'>contrarium</span> 
     </span>
     <span class='ocr_line' id='line_1_39' title="bbox 1048 508 1783 554; baseline -0.004 -11"><span class='ocrx_word' id='word_1_210' title='bbox 1048 511 1294 554; x_wconf 82' lang='lat' dir='ltr'>praemissorum</span> <span class='ocrx_word' id='word_1_211' title='bbox 1332 509 1570 553; x_wconf 85' lang='lat' dir='ltr'>quomodolibet</span> <span class='ocrx_word' id='word_1_212' title='bbox 1604 508 1783 549; x_wconf 80' lang='lat' dir='ltr'>concessis,</span> 
     </span>
     <span class='ocr_line' id='line_1_40' title="bbox 1047 561 1786 601; baseline -0.005 -4"><span class='ocrx_word' id='word_1_213' title='bbox 1047 564 1242 597; x_wconf 85' lang='lat' dir='ltr'>confirmatis</span> <span class='ocrx_word' id='word_1_214' title='bbox 1267 568 1296 596; x_wconf 87' lang='lat' dir='ltr'>ct</span> <span class='ocrx_word' id='word_1_215' title='bbox 1320 563 1482 596; x_wconf 73' lang='lat' dir='ltr'>innovatis</span> <span class='ocrx_word' id='word_1_216' title='bbox 1503 561 1621 601; x_wconf 84' lang='lat' dir='ltr'>Quibus</span> <span class='ocrx_word' id='word_1_217' title='bbox 1641 561 1786 595; x_wconf 89' lang='lat' dir='ltr'>omnibus</span> 
     </span>
     <span class='ocr_line' id='line_1_41' title="bbox 1048 616 1787 660; baseline -0.003 -10"><span class='ocrx_word' id='word_1_218' title='bbox 1048 622 1078 650; x_wconf 91' lang='lat' dir='ltr'>et</span> <span class='ocrx_word' id='word_1_219' title='bbox 1103 617 1243 660; x_wconf 90' lang='lat' dir='ltr'>singulis,</span> <span class='ocrx_word' id='word_1_220' title='bbox 1268 628 1379 650; x_wconf 90' lang='lat' dir='ltr'>eorum</span> <span class='ocrx_word' id='word_1_221' title='bbox 1397 616 1538 650; x_wconf 88' lang='lat' dir='ltr'>omnium</span> <span class='ocrx_word' id='word_1_222' title='bbox 1558 620 1682 649; x_wconf 87' lang='lat' dir='ltr'>tenores</span> <span class='ocrx_word' id='word_1_223' title='bbox 1699 626 1787 659; x_wconf 88' lang='lat' dir='ltr'>prae-</span> 
     </span>
     <span class='ocr_line' id='line_1_42' title="bbox 1048 668 1787 714; baseline -0.004 -11"><span class='ocrx_word' id='word_1_224' title='bbox 1048 670 1187 703; x_wconf 88' lang='lat' dir='ltr'>sentibus</span> <span class='ocrx_word' id='word_1_225' title='bbox 1200 681 1259 714; x_wconf 89' lang='lat' dir='ltr'>pro</span> <span class='ocrx_word' id='word_1_226' title='bbox 1277 671 1368 714; x_wconf 88' lang='lat' dir='ltr'>plene</span> <span class='ocrx_word' id='word_1_227' title='bbox 1382 675 1411 702; x_wconf 88' lang='lat' dir='ltr'>et</span> <span class='ocrx_word' id='word_1_228' title='bbox 1424 669 1614 702; x_wconf 84' lang='lat' dir='ltr'>sufficienter</span> <span class='ocrx_word' id='word_1_229' title='bbox 1632 668 1787 712; x_wconf 78' lang='lat' dir='ltr'>expressis</span> 
     </span>
     <span class='ocr_line' id='line_1_43' title="bbox 1048 722 1783 764; baseline -0.003 -9"><span class='ocrx_word' id='word_1_230' title='bbox 1048 723 1216 763; x_wconf 90' lang='lat' dir='ltr'>habentes,</span> <span class='ocrx_word' id='word_1_231' title='bbox 1241 723 1302 755; x_wconf 92' lang='lat' dir='ltr'>illis</span> <span class='ocrx_word' id='word_1_232' title='bbox 1331 722 1406 755; x_wconf 77' lang='lat' dir='ltr'>alias</span> <span class='ocrx_word' id='word_1_233' title='bbox 1431 722 1462 754; x_wconf 91' lang='lat' dir='ltr'>in</span> <span class='ocrx_word' id='word_1_234' title='bbox 1487 732 1543 754; x_wconf 89' lang='lat' dir='ltr'>suo</span> <span class='ocrx_word' id='word_1_235' title='bbox 1568 722 1685 754; x_wconf 91' lang='lat' dir='ltr'>robore</span> <span class='ocrx_word' id='word_1_236' title='bbox 1708 731 1783 764; x_wconf 87' lang='lat' dir='ltr'>per—</span> 
     </span>
     <span class='ocr_line' id='line_1_44' title="bbox 1049 774 1788 818; baseline -0.003 -10"><span class='ocrx_word' id='word_1_237' title='bbox 1049 776 1222 816; x_wconf 89' lang='lat' dir='ltr'>mansuris,</span> <span class='ocrx_word' id='word_1_238' title='bbox 1247 776 1305 808; x_wconf 90' lang='lat' dir='ltr'>hac</span> <span class='ocrx_word' id='word_1_239' title='bbox 1330 776 1396 809; x_wconf 84' lang='lat' dir='ltr'>vice</span> <span class='ocrx_word' id='word_1_240' title='bbox 1420 775 1581 808; x_wconf 85' lang='lat' dir='ltr'>dumtaxat</span> <span class='ocrx_word' id='word_1_241' title='bbox 1611 774 1788 818; x_wconf 83' lang='lat' dir='ltr'>specialiter</span> 
     </span>
     <span class='ocr_line' id='line_1_45' title="bbox 1048 828 1783 873; baseline -0.004 -11"><span class='ocrx_word' id='word_1_242' title='bbox 1048 834 1078 862; x_wconf 88' lang='lat' dir='ltr'>et</span> <span class='ocrx_word' id='word_1_243' title='bbox 1102 839 1248 873; x_wconf 84' lang='lat' dir='ltr'>expresse</span> <span class='ocrx_word' id='word_1_244' title='bbox 1272 829 1481 872; x_wconf 78' lang='lat' dir='ltr'>derogamus,</span> <span class='ocrx_word' id='word_1_245' title='bbox 1505 828 1681 872; x_wconf 88' lang='lat' dir='ltr'>ceterisque</span> <span class='ocrx_word' id='word_1_246' title='bbox 1706 837 1783 860; x_wconf 93' lang='lat' dir='ltr'>con-</span> 
     </span>
     <span class='ocr_line' id='line_1_46' title="bbox 1048 882 1434 926; baseline 0 -11"><span class='ocrx_word' id='word_1_247' title='bbox 1048 883 1153 915; x_wconf 81' lang='lat' dir='ltr'>trariis</span> <span class='ocrx_word' id='word_1_248' title='bbox 1173 882 1434 926; x_wconf 88' lang='lat' dir='ltr'>quibuscumque.</span> 
     </span>
    </p>

    <p class='ocr_par' dir='ltr' id='par_1_7' title="bbox 1049 934 1788 1086">
     <span class='ocr_line' id='line_1_47' title="bbox 1092 934 1788 979; baseline -0.001 -11"><span class='ocrx_word' id='word_1_249' title='bbox 1092 935 1205 968; x_wconf 88' lang='lat' dir='ltr'>Datum</span> <span class='ocrx_word' id='word_1_250' title='bbox 1231 936 1358 976; x_wconf 84' lang='lat' dir='ltr'>Romae,</span> <span class='ocrx_word' id='word_1_251' title='bbox 1383 934 1466 979; x_wconf 89' lang='lat' dir='ltr'>apud</span> <span class='ocrx_word' id='word_1_252' title='bbox 1491 938 1632 968; x_wconf 89' lang='lat' dir='ltr'>sanctum</span> <span class='ocrx_word' id='word_1_253' title='bbox 1651 935 1788 974; x_wconf 79' lang='lat' dir='ltr'>Petrum,</span> 
     </span>
     <span class='ocr_line' id='line_1_48' title="bbox 1049 989 1787 1030; baseline 0 -9"><span class='ocrx_word' id='word_1_254' title='bbox 1049 989 1107 1022; x_wconf 88' lang='lat' dir='ltr'>sub</span> <span class='ocrx_word' id='word_1_255' title='bbox 1142 990 1258 1023; x_wconf 88' lang='lat' dir='ltr'>annulo</span> <span class='ocrx_word' id='word_1_256' title='bbox 1292 989 1478 1030; x_wconf 77' lang='lat' dir='ltr'>Piseatoris,</span> <span class='ocrx_word' id='word_1_257' title='bbox 1510 989 1560 1022; x_wconf 89' lang='lat' dir='ltr'>die</span> <span class='ocrx_word' id='word_1_258' title='bbox 1592 999 1621 1021; x_wconf 85' lang='grc' dir='ltr'>ιν</span> <span class='ocrx_word' id='word_1_259' title='bbox 1658 989 1787 1021; x_wconf 86' lang='lat' dir='ltr'>ianuarii</span> 
     </span>
     <span class='ocr_line' id='line_1_49' title="bbox 1050 1042 1720 1086; baseline -0.001 -11"><span class='ocrx_word' id='word_1_260' title='bbox 1050 1053 1211 1082; x_wconf 77' lang='lat' dir='ltr'>Mncxxui,</span> <span class='ocrx_word' id='word_1_261' title='bbox 1236 1043 1436 1086; x_wconf 83' lang='lat' dir='ltr'>pontificatus</span> <span class='ocrx_word' id='word_1_262' title='bbox 1460 1042 1558 1075; x_wconf 87' lang='lat' dir='ltr'>nostri</span> <span class='ocrx_word' id='word_1_263' title='bbox 1584 1052 1665 1075; x_wconf 88' lang='lat' dir='ltr'>anno</span> <span class='ocrx_word' id='word_1_264' title='bbox 1693 1053 1720 1074; x_wconf 77' lang='grc' dir='ltr'>ιι,</span> 
     </span>
    </p>

    <p class='ocr_par' dir='ltr' id='par_1_8' title="bbox 1086 1105 1680 1140">
     <span class='ocr_line' id='line_1_50' title="bbox 1086 1105 1680 1140; baseline -0.002 -8"><span class='ocrx_word' id='word_1_265' title='bbox 1086 1105 1144 1133; x_wconf 87' lang='lat' dir='ltr'>Dat.</span> <span class='ocrx_word' id='word_1_266' title='bbox 1161 1105 1205 1132; x_wconf 85' lang='lat' dir='ltr'>die</span> <span class='ocrx_word' id='word_1_267' title='bbox 1220 1106 1236 1132; x_wconf 74' lang='lat'>4</span> <span class='ocrx_word' id='word_1_268' title='bbox 1252 1105 1364 1132; x_wconf 86' lang='lat' dir='ltr'>ianuarii</span> <span class='ocrx_word' id='word_1_269' title='bbox 1384 1105 1460 1138; x_wconf 76' lang='lat'>1623,</span> <span class='ocrx_word' id='word_1_270' title='bbox 1478 1105 1572 1140; x_wconf 87' lang='lat' dir='ltr'>pontif.</span> <span class='ocrx_word' id='word_1_271' title='bbox 1589 1113 1633 1131; x_wconf 87' lang='lat' dir='ltr'>au.</span> <span class='ocrx_word' id='word_1_272' title='bbox 1650 1112 1680 1131; x_wconf 91' lang='lat'>11.</span> 
     </span>
    </p>
   </div>
   <div class='ocr_carea' id='block_1_6' title="bbox 1330 1172 1501 1176">
    <p class='ocr_par' dir='ltr' id='par_1_9' title="bbox 1330 1172 1501 1176">
     <span class='ocr_line' id='line_1_51' title="bbox 1330 1172 1501 1176; baseline 0 0"><span class='ocrx_word' id='word_1_273' title='bbox 1330 1172 1501 1176; x_wconf 95' lang='lat' dir='ltr'> </span> 
     </span>
    </p>
   </div>
   <div class='ocr_carea' id='block_1_7' title="bbox 1367 1230 1478 1263">
    <p class='ocr_par' dir='ltr' id='par_1_10' title="bbox 1367 1230 1478 1263">
     <span class='ocr_line' id='line_1_52' title="bbox 1367 1230 1478 1263; baseline -0.009 0"><span class='ocrx_word' id='word_1_274' title='bbox 1367 1230 1478 1263; x_wconf 87' lang='lat' dir='ltr'>XCVII.</span> 
     </span>
    </p>
   </div>
   <div class='ocr_carea' id='block_1_8' title="bbox 1053 1300 1793 1599">
    <p class='ocr_par' dir='ltr' id='par_1_11' title="bbox 1053 1300 1793 1599">
     <span class='ocr_line' id='line_1_53' title="bbox 1053 1300 1792 1342; baseline -0.001 -8"><span class='ocrx_word' id='word_1_275' title='bbox 1053 1300 1263 1342; x_wconf 76' lang='lat' dir='ltr'>Confirmatio</span> <span class='ocrx_word' id='word_1_276' title='bbox 1285 1300 1473 1333; x_wconf 76' lang='lat' dir='ltr'>litterarum</span> <span class='ocrx_word' id='word_1_277' title='bbox 1490 1300 1671 1333; x_wconf 77' lang='lat' dir='ltr'>cardinalis</span> <span class='ocrx_word' id='word_1_278' title='bbox 1692 1300 1792 1333; x_wconf 82' lang='lat' dir='ltr'>Ludo-</span> 
     </span>
     <span class='ocr_line' id='line_1_54' title="bbox 1095 1353 1792 1397; baseline 0 -11"><span class='ocrx_word' id='word_1_279' title='bbox 1095 1354 1173 1386; x_wconf 63' lang='lat' dir='ltr'>visa·</span> <span class='ocrx_word' id='word_1_280' title='bbox 1187 1354 1218 1387; x_wconf 91' lang='lat' dir='ltr'>S.</span> <span class='ocrx_word' id='word_1_281' title='bbox 1240 1354 1276 1386; x_wconf 89' lang='lat' dir='ltr'>R.</span> <span class='ocrx_word' id='word_1_282' title='bbox 1291 1353 1326 1386; x_wconf 88' lang='lat' dir='ltr'>E.</span> <span class='ocrx_word' id='word_1_283' title='bbox 1341 1354 1527 1394; x_wconf 68' lang='lat' dir='ltr'>camerarii,</span> <span class='ocrx_word' id='word_1_284' title='bbox 1545 1353 1664 1397; x_wconf 80' lang='lat' dir='ltr'>quibus</span> <span class='ocrx_word' id='word_1_285' title='bbox 1684 1354 1792 1397; x_wconf 72' lang='lat' dir='ltr'>viqore</span> 
     </span>
     <span class='ocr_line' id='line_1_55' title="bbox 1095 1406 1792 1451; baseline 0 -12"><span class='ocrx_word' id='word_1_286' title='bbox 1095 1406 1257 1451; x_wconf 75' lang='lat' dir='ltr'>pontificii</span> <span class='ocrx_word' id='word_1_287' title='bbox 1281 1407 1494 1450; x_wconf 59' lang='lat' dir='ltr'>clevz&#39;rogyraplzi</span> <span class='ocrx_word' id='word_1_288' title='bbox 1513 1407 1703 1450; x_wconf 73' lang='lat' dir='ltr'>facultatem</span> <span class='ocrx_word' id='word_1_289' title='bbox 1719 1407 1792 1439; x_wconf 83' lang='lat' dir='ltr'>Fer-</span> 
     </span>
     <span class='ocr_line' id='line_1_56' title="bbox 1095 1460 1793 1503; baseline 0 -11"><span class='ocrx_word' id='word_1_290' title='bbox 1095 1460 1299 1493; x_wconf 74' lang='lat' dir='ltr'>rariensibus</span> <span class='ocrx_word' id='word_1_291' title='bbox 1320 1460 1434 1492; x_wconf 71' lang='lat' dir='ltr'>tribuit</span> <span class='ocrx_word' id='word_1_292' title='bbox 1451 1460 1590 1503; x_wconf 67' lang='lat' dir='ltr'>vectigsal</span> <span class='ocrx_word' id='word_1_293' title='bbox 1607 1460 1793 1503; x_wconf 68' lang='lat' dir='ltr'>imponendi</span> 
     </span>
     <span class='ocr_line' id='line_1_57' title="bbox 1096 1514 1793 1557; baseline 0.001 -12"><span class='ocrx_word' id='word_1_294' title='bbox 1096 1524 1190 1557; x_wconf 75' lang='lat' dir='ltr'>super</span> <span class='ocrx_word' id='word_1_295' title='bbox 1220 1514 1378 1546; x_wconf 67' lang='lat' dir='ltr'>armentis</span> <span class='ocrx_word' id='word_1_296' title='bbox 1409 1514 1526 1546; x_wconf 67' lang='lat' dir='ltr'>emeris</span> <span class='ocrx_word' id='word_1_297' title='bbox 1558 1514 1594 1546; x_wconf 67' lang='lat' dir='ltr'>iu</span> <span class='ocrx_word' id='word_1_298' title='bbox 1631 1514 1793 1546; x_wconf 72' lang='lat' dir='ltr'>territorio</span> 
     </span>
     <span class='ocr_line' id='line_1_58' title="bbox 1096 1566 1703 1599; baseline 0.002 -1"><span class='ocrx_word' id='word_1_299' title='bbox 1096 1566 1237 1599; x_wconf 73' lang='lat' dir='ltr'>eiusdem</span> <span class='ocrx_word' id='word_1_300' title='bbox 1261 1566 1398 1599; x_wconf 77' lang='lat' dir='ltr'>ducatus</span> <span class='ocrx_word' id='word_1_301' title='bbox 1426 1566 1703 1599; x_wconf 49' lang='lat' dir='ltr'>intentantibus&amp;</span> 
     </span>
    </p>
   </div>
   <div class='ocr_carea' id='block_1_9' title="bbox 1052 1637 1790 1714">
    <p class='ocr_par' dir='ltr' id='par_1_12' title="bbox 1052 1637 1790 1714">
     <span class='ocr_line' id='line_1_59' title="bbox 1052 1637 1790 1671; baseline -0.001 -6"><span class='ocrx_word' id='word_1_302' title='bbox 1052 1637 1175 1666; x_wconf 82' lang='lat' dir='ltr'>Dilectis</span> <span class='ocrx_word' id='word_1_303' title='bbox 1184 1637 1255 1664; x_wconf 80' lang='lat' dir='ltr'>filiis</span> <span class='ocrx_word' id='word_1_304' title='bbox 1267 1637 1357 1664; x_wconf 80' lang='lat' dir='ltr'>iudici</span> <span class='ocrx_word' id='word_1_305' title='bbox 1372 1640 1403 1665; x_wconf 81' lang='lat' dir='ltr'>et.</span> <span class='ocrx_word' id='word_1_306' title='bbox 1413 1637 1606 1671; x_wconf 68' lang='lat' dir='ltr'>magistratui</span> <span class='ocrx_word' id='word_1_307' title='bbox 1621 1637 1790 1671; x_wconf 83' lang='lat' dir='ltr'>sapientum</span> 
     </span>
     <span class='ocr_line' id='line_1_60' title="bbox 1177 1681 1668 1714; baseline 0 -6"><span class='ocrx_word' id='word_1_308' title='bbox 1177 1681 1311 1709; x_wconf 80' lang='lat' dir='ltr'>civitatis</span> <span class='ocrx_word' id='word_1_309' title='bbox 1325 1684 1447 1709; x_wconf 82' lang='lat' dir='ltr'>nostrae</span> <span class='ocrx_word' id='word_1_310' title='bbox 1458 1681 1668 1714; x_wconf 83' lang='lat' dir='ltr'>Ferrariensis,</span> 
     </span>
    </p>
   </div>
   <div class='ocr_carea' id='block_1_10' title="bbox 1054 1730 1794 2140">
    <p class='ocr_par' dir='ltr' id='par_1_13' title="bbox 1248 1730 1592 1821">
     <span class='ocr_line' id='line_1_61' title="bbox 1248 1730 1592 1766; baseline -0.009 -7"><span class='ocrx_word' id='word_1_311' title='bbox 1248 1731 1407 1766; x_wconf 73' lang='lat' dir='ltr'>Gregorius</span> <span class='ocrx_word' id='word_1_312' title='bbox 1434 1731 1513 1764; x_wconf 83' lang='lat' dir='ltr'>Papa</span> <span class='ocrx_word' id='word_1_313' title='bbox 1537 1730 1592 1757; x_wconf 85' lang='lat' dir='ltr'>XV.</span> 
     </span>
     <span class='ocr_line' id='line_1_62' title="bbox 1335 1788 1527 1821; baseline -0.005 -6"><span class='ocrx_word' id='word_1_314' title='bbox 1335 1788 1443 1816; x_wconf 82' lang='lat' dir='ltr'>Dilecti</span> <span class='ocrx_word' id='word_1_315' title='bbox 1462 1788 1527 1821; x_wconf 85' lang='lat' dir='ltr'>filii,</span> 
     </span>
    </p>

    <p class='ocr_par' dir='ltr' id='par_1_14' title="bbox 1099 1832 1749 1866">
     <span class='ocr_line' id='line_1_63' title="bbox 1099 1832 1749 1866; baseline -0.003 -6"><span class='ocrx_word' id='word_1_316' title='bbox 1099 1833 1229 1860; x_wconf 82' lang='lat' dir='ltr'>salutem</span> <span class='ocrx_word' id='word_1_317' title='bbox 1245 1836 1276 1860; x_wconf 79' lang='lat' dir='ltr'>et</span> <span class='ocrx_word' id='word_1_318' title='bbox 1291 1833 1487 1866; x_wconf 85' lang='lat' dir='ltr'>apostolicam</span> <span class='ocrx_word' id='word_1_319' title='bbox 1501 1832 1749 1860; x_wconf 76' lang='lat' dir='ltr'>benedictionem.</span> 
     </span>
    </p>

    <p class='ocr_par' dir='ltr' id='par_1_15' title="bbox 1054 1894 1794 2140">
     <span class='ocr_line' id='line_1_64' title="bbox 1104 1894 1793 1935; baseline -0.001 -7"><span class='ocrx_word' id='word_1_320' title='bbox 1104 1895 1250 1928; x_wconf 85' lang='lat' dir='ltr'>Sineerae</span> <span class='ocrx_word' id='word_1_321' title='bbox 1282 1894 1354 1927; x_wconf 89' lang='lat' dir='ltr'>fidei</span> <span class='ocrx_word' id='word_1_322' title='bbox 1389 1900 1419 1927; x_wconf 90' lang='lat' dir='ltr'>et</span> <span class='ocrx_word' id='word_1_323' title='bbox 1451 1894 1626 1927; x_wconf 82' lang='lat' dir='ltr'>devotionis</span> <span class='ocrx_word' id='word_1_324' title='bbox 1656 1895 1793 1935; x_wconf 73' lang='lat' dir='ltr'>ass‘ectu,</span> 
     </span>
     <span class='ocr_line' id='line_1_65' title="bbox 1054 1947 1794 1992; baseline -0.001 -11"><span class='ocrx_word' id='word_1_325' title='bbox 1054 1959 1148 1992; x_wconf 90' lang='lat' dir='ltr'>quem</span> <span class='ocrx_word' id='word_1_326' title='bbox 1169 1959 1244 1991; x_wconf 87' lang='lat' dir='ltr'>erga</span> <span class='ocrx_word' id='word_1_327' title='bbox 1260 1958 1318 1980; x_wconf 90' lang='lat' dir='ltr'>nos</span> <span class='ocrx_word' id='word_1_328' title='bbox 1336 1951 1365 1981; x_wconf 88' lang='lat' dir='ltr'>et</span> <span class='ocrx_word' id='word_1_329' title='bbox 1380 1947 1594 1991; x_wconf 87' lang='lat' dir='ltr'>Apostolicam</span> <span class='ocrx_word' id='word_1_330' title='bbox 1615 1947 1726 1981; x_wconf 83' lang='lat' dir='ltr'>Sedem</span> <span class='ocrx_word' id='word_1_331' title='bbox 1745 1958 1794 1990; x_wconf 87' lang='lat' dir='ltr'>ge-</span> 
     </span>
     <span class='ocr_line' id='line_1_66' title="bbox 1055 2000 1794 2045; baseline -0.001 -11"><span class='ocrx_word' id='word_1_332' title='bbox 1055 2012 1125 2034; x_wconf 82' lang='lat' dir='ltr'>rere</span> <span class='ocrx_word' id='word_1_333' title='bbox 1150 2001 1418 2045; x_wconf 87' lang='lat' dir='ltr'>comprobamini,</span> <span class='ocrx_word' id='word_1_334' title='bbox 1444 2000 1633 2041; x_wconf 87' lang='lat' dir='ltr'>inducimur,</span> <span class='ocrx_word' id='word_1_335' title='bbox 1658 2006 1691 2033; x_wconf 90' lang='lat' dir='ltr'>ut</span> <span class='ocrx_word' id='word_1_336' title='bbox 1716 2000 1794 2033; x_wconf 78' lang='lat' dir='ltr'>votis</span> 
     </span>
     <span class='ocr_line' id='line_1_67' title="bbox 1054 2054 1794 2098; baseline -0.001 -11"><span class='ocrx_word' id='word_1_337' title='bbox 1054 2054 1176 2095; x_wconf 83' lang='lat' dir='ltr'>vestris,</span> <span class='ocrx_word' id='word_1_338' title='bbox 1201 2059 1351 2098; x_wconf 84' lang='lat' dir='ltr'>quantum</span> <span class='ocrx_word' id='word_1_339' title='bbox 1377 2064 1448 2086; x_wconf 89' lang='lat' dir='ltr'>cum</span> <span class='ocrx_word' id='word_1_340' title='bbox 1464 2054 1598 2087; x_wconf 89' lang='lat' dir='ltr'>Domino</span> <span class='ocrx_word' id='word_1_341' title='bbox 1616 2064 1794 2098; x_wconf 86' lang='lat' dir='ltr'>possumus,</span> 
     </span>
     <span class='ocr_line' id='line_1_68' title="bbox 1054 2108 1396 2140; baseline -0.003 0"><span class='ocrx_word' id='word_1_342' title='bbox 1054 2108 1188 2140; x_wconf 86' lang='lat' dir='ltr'>libenter</span> <span class='ocrx_word' id='word_1_343' title='bbox 1212 2117 1396 2140; x_wconf 85' lang='lat' dir='ltr'>annuamus.</span> 
     </span>
    </p>
   </div>
   <div class='ocr_carea' id='block_1_11' title="bbox 1691 290 1983 328">
    <p class='ocr_par' dir='ltr' id='par_1_16' title="bbox 1691 290 1983 328">
     <span class='ocr_line' id='line_1_69' title="bbox 1691 290 1983 328; baseline 0.014 -4"><span class='ocrx_word' id='word_1_344' title='bbox 1691 290 1749 324; x_wconf 77' lang='grc'>781</span> <span class='ocrx_word' id='word_1_345' title='bbox 1800 300 1849 327; x_wconf 79' lang='lat' dir='ltr'>An.</span> <span class='ocrx_word' id='word_1_346' title='bbox 1866 300 1893 327; x_wconf 93' lang='lat' dir='ltr'>C.</span> <span class='ocrx_word' id='word_1_347' title='bbox 1916 300 1983 328; x_wconf 66' lang='lat'>¹693</span> 
     </span>
    </p>
   </div>
   <div class='ocr_carea' id='block_1_12' title="bbox 1836 1902 1953 1922">
    <p class='ocr_par' dir='ltr' id='par_1_17' title="bbox 1836 1902 1953 1922">
     <span class='ocr_line' id='line_1_70' title="bbox 1836 1902 1953 1922; baseline 0.009 -1"><span class='ocrx_word' id='word_1_348' title='bbox 1836 1902 1953 1922; x_wconf 72' lang='lat' dir='ltr'>Exordium.</span> 
     </span>
    </p>
   </div>
   <div class='ocr_carea' id='block_1_13' title="bbox 113 2166 1994 2195">
    <p class='ocr_par' dir='ltr' id='par_1_18' title="bbox 113 2166 1994 2195">
     <span class='ocr_line' id='line_1_71' title="bbox 113 2166 1994 2195; baseline -0.004 -1"><span class='ocrx_word' id='word_1_349' title='bbox 113 2173 232 2195; x_wconf 66' lang='lat' dir='ltr'>clausulae.</span> <span class='ocrx_word' id='word_1_350' title='bbox 1877 2166 1994 2187; x_wconf 76' lang='lat' dir='ltr'>Cardinatis</span> 
     </span>
    </p>
   </div>
   <div class='ocr_carea' id='block_1_14' title="bbox 283 2162 1799 2685">
    <p class='ocr_par' dir='ltr' id='par_1_19' title="bbox 283 2162 1798 2472">
     <span class='ocr_line' id='line_1_72' title="bbox 329 2162 1022 2208; baseline -0.001 -11"><span class='ocrx_word' id='word_1_351' title='bbox 329 2165 344 2208; x_wconf 64' lang='grc' dir='ltr'><strong>ἓ</strong></span> <span class='ocrx_word' id='word_1_352' title='bbox 367 2165 396 2197; x_wconf 78' lang='lat'>3.</span> <span class='ocrx_word' id='word_1_353' title='bbox 428 2164 541 2208; x_wconf 89' lang='lat' dir='ltr'>Sicque</span> <span class='ocrx_word' id='word_1_354' title='bbox 570 2175 626 2208; x_wconf 91' lang='lat' dir='ltr'>per</span> <span class='ocrx_word' id='word_1_355' title='bbox 658 2173 874 2207; x_wconf 88' lang='lat' dir='ltr'>quoscumque</span> <span class='ocrx_word' id='word_1_356' title='bbox 903 2162 1022 2196; x_wconf 85' lang='lat' dir='ltr'>iudices</span> 
     </span>
     <span class='ocr_line' id='line_1_73' title="bbox 284 2217 1021 2260; baseline -0.003 -10"><span class='ocrx_word' id='word_1_357' title='bbox 284 2217 461 2251; x_wconf 86' lang='lat' dir='ltr'>ordinarios</span> <span class='ocrx_word' id='word_1_358' title='bbox 485 2222 516 2250; x_wconf 87' lang='lat' dir='ltr'>et</span> <span class='ocrx_word' id='word_1_359' title='bbox 539 2217 709 2260; x_wconf 86' lang='lat' dir='ltr'>delegatos,</span> <span class='ocrx_word' id='word_1_360' title='bbox 737 2217 831 2250; x_wconf 90' lang='lat' dir='ltr'>etiam</span> <span class='ocrx_word' id='word_1_361' title='bbox 856 2226 1021 2249; x_wconf 90' lang='lat' dir='ltr'>causarum</span> 
     </span>
     <span class='ocr_line' id='line_1_74' title="bbox 283 2269 1023 2314; baseline -0.003 -11"><span class='ocrx_word' id='word_1_362' title='bbox 283 2270 390 2314; x_wconf 87' lang='lat' dir='ltr'>palatii</span> <span class='ocrx_word' id='word_1_363' title='bbox 407 2270 570 2314; x_wconf 82' lang='lat' dir='ltr'>apostolici</span> <span class='ocrx_word' id='word_1_364' title='bbox 589 2270 758 2310; x_wconf 87' lang='lat' dir='ltr'>auditores,</span> <span class='ocrx_word' id='word_1_365' title='bbox 775 2269 905 2302; x_wconf 84' lang='lat' dir='ltr'>iudicari</span> <span class='ocrx_word' id='word_1_366' title='bbox 923 2274 954 2301; x_wconf 86' lang='lat' dir='ltr'>et</span> <span class='ocrx_word' id='word_1_367' title='bbox 969 2269 1023 2301; x_wconf 87' lang='lat' dir='ltr'>dif-</span> 
     </span>
     <span class='ocr_line' id='line_1_75' title="bbox 284 2322 1022 2363; baseline -0.003 -7"><span class='ocrx_word' id='word_1_368' title='bbox 284 2323 369 2356; x_wconf 87' lang='lat' dir='ltr'>finiri</span> <span class='ocrx_word' id='word_1_369' title='bbox 385 2323 510 2363; x_wconf 90' lang='lat' dir='ltr'>debere,</span> <span class='ocrx_word' id='word_1_370' title='bbox 527 2333 563 2355; x_wconf 86' lang='lat' dir='ltr'>ac</span> <span class='ocrx_word' id='word_1_371' title='bbox 580 2322 704 2355; x_wconf 91' lang='lat' dir='ltr'>irritum</span> <span class='ocrx_word' id='word_1_372' title='bbox 721 2328 752 2355; x_wconf 85' lang='lat' dir='ltr'>et</span> <span class='ocrx_word' id='word_1_373' title='bbox 769 2322 870 2362; x_wconf 87' lang='lat' dir='ltr'>inane,</span> <span class='ocrx_word' id='word_1_374' title='bbox 889 2322 914 2354; x_wconf 85' lang='lat' dir='ltr'>si</span> <span class='ocrx_word' id='word_1_375' title='bbox 932 2332 1022 2354; x_wconf 87' lang='lat' dir='ltr'>secus</span> 
     </span>
     <span class='ocr_line' id='line_1_76' title="bbox 284 2374 1022 2420; baseline -0.003 -11"><span class='ocrx_word' id='word_1_376' title='bbox 284 2387 379 2420; x_wconf 89' lang='lat' dir='ltr'>super</span> <span class='ocrx_word' id='word_1_377' title='bbox 404 2376 453 2409; x_wconf 93' lang='lat' dir='ltr'>his</span> <span class='ocrx_word' id='word_1_378' title='bbox 477 2386 494 2409; x_wconf 89' lang='lat' dir='ltr'>a</span> <span class='ocrx_word' id='word_1_379' title='bbox 518 2386 686 2419; x_wconf 89' lang='lat' dir='ltr'>quoquam,</span> <span class='ocrx_word' id='word_1_380' title='bbox 700 2375 808 2418; x_wconf 74' lang='lat' dir='ltr'>quavis</span> <span class='ocrx_word' id='word_1_381' title='bbox 825 2374 1022 2415; x_wconf 87' lang='lat' dir='ltr'>auctoritate,</span> 
     </span>
     <span class='ocr_line' id='line_1_77' title="bbox 285 2426 1798 2472; baseline -0.003 -9"><span class='ocrx_word' id='word_1_382' title='bbox 285 2428 1022 2472; x_wconf 83' lang='lat' dir='ltr'>seientervelignoranter,contigeritattentari.</span> <span class='ocrx_word' id='word_1_383' title='bbox 1056 2431 1163 2459; x_wconf 89' lang='lat' dir='ltr'>noster</span> <span class='ocrx_word' id='word_1_384' title='bbox 1193 2426 1365 2459; x_wconf 88' lang='lat' dir='ltr'>secundum</span> <span class='ocrx_word' id='word_1_385' title='bbox 1397 2436 1523 2458; x_wconf 86' lang='lat' dir='ltr'>carnem</span> <span class='ocrx_word' id='word_1_386' title='bbox 1548 2436 1584 2458; x_wconf 81' lang='lat' dir='ltr'>ex</span> <span class='ocrx_word' id='word_1_387' title='bbox 1610 2426 1704 2459; x_wconf 84' lang='lat' dir='ltr'>fratre</span> <span class='ocrx_word' id='word_1_388' title='bbox 1729 2436 1798 2468; x_wconf 88' lang='lat' dir='ltr'>ger-</span> 
     </span>
    </p>

    <p class='ocr_par' dir='ltr' id='par_1_20' title="bbox 286 2478 1799 2685">
     <span class='ocr_line' id='line_1_78' title="bbox 329 2478 1797 2526; baseline -0.003 -10"><span class='ocrx_word' id='word_1_389' title='bbox 329 2483 345 2526; x_wconf 73' lang='lat'>§</span> <span class='ocrx_word' id='word_1_390' title='bbox 368 2483 398 2515; x_wconf 77' lang='lat'>4.</span> <span class='ocrx_word' id='word_1_391' title='bbox 424 2483 491 2516; x_wconf 88' lang='lat' dir='ltr'>Non</span> <span class='ocrx_word' id='word_1_392' title='bbox 511 2481 706 2516; x_wconf 87' lang='lat' dir='ltr'>obstantibus</span> <span class='ocrx_word' id='word_1_393' title='bbox 727 2482 835 2514; x_wconf 75' lang='lat' dir='ltr'>nostra</span> <span class='ocrx_word' id='word_1_394' title='bbox 852 2481 891 2513; x_wconf 89' lang='lat' dir='ltr'>de</span> <span class='ocrx_word' id='word_1_395' title='bbox 915 2480 1024 2524; x_wconf 86' lang='lat' dir='ltr'>gratiis</span> <span class='ocrx_word' id='word_1_396' title='bbox 1058 2490 1151 2513; x_wconf 86' lang='lat' dir='ltr'>mano</span> <span class='ocrx_word' id='word_1_397' title='bbox 1168 2490 1274 2523; x_wconf 85' lang='lat' dir='ltr'>nepos,</span> <span class='ocrx_word' id='word_1_398' title='bbox 1292 2479 1322 2512; x_wconf 91' lang='lat' dir='ltr'>in</span> <span class='ocrx_word' id='word_1_399' title='bbox 1340 2479 1580 2523; x_wconf 83' lang='lat' dir='ltr'>exequutionem</span> <span class='ocrx_word' id='word_1_400' title='bbox 1594 2478 1797 2522; x_wconf 88' lang='lat' dir='ltr'>ehirographi</span> 
     </span>
     <span class='ocr_line' id='line_1_79' title="bbox 286 2531 1798 2577; baseline -0.003 -8"><span class='ocrx_word' id='word_1_401' title='bbox 286 2536 324 2569; x_wconf 89' lang='lat' dir='ltr'>ad</span> <span class='ocrx_word' id='word_1_402' title='bbox 348 2536 445 2569; x_wconf 91' lang='lat' dir='ltr'>instar</span> <span class='ocrx_word' id='word_1_403' title='bbox 468 2546 532 2568; x_wconf 89' lang='lat' dir='ltr'>non</span> <span class='ocrx_word' id='word_1_404' title='bbox 555 2534 778 2574; x_wconf 77' lang='lat' dir='ltr'>concedendis,</span> <span class='ocrx_word' id='word_1_405' title='bbox 803 2544 838 2567; x_wconf 92' lang='lat' dir='ltr'>ac</span> <span class='ocrx_word' id='word_1_406' title='bbox 862 2533 1025 2577; x_wconf 82' lang='lat' dir='ltr'>quibusvis</span> <span class='ocrx_word' id='word_1_407' title='bbox 1059 2543 1152 2566; x_wconf 88' lang='lat' dir='ltr'>manu</span> <span class='ocrx_word' id='word_1_408' title='bbox 1176 2534 1285 2566; x_wconf 77' lang='lat' dir='ltr'>nostra</span> <span class='ocrx_word' id='word_1_409' title='bbox 1310 2533 1433 2575; x_wconf 87' lang='lat' dir='ltr'>signati,</span> <span class='ocrx_word' id='word_1_410' title='bbox 1458 2532 1538 2565; x_wconf 85' lang='lat' dir='ltr'>infra</span> <span class='ocrx_word' id='word_1_411' title='bbox 1563 2531 1681 2573; x_wconf 84' lang='lat' dir='ltr'>inserti,</span> <span class='ocrx_word' id='word_1_412' title='bbox 1700 2532 1798 2572; x_wconf 80' lang='lat' dir='ltr'>vobis,</span> 
     </span>
     <span class='ocr_line' id='line_1_80' title="bbox 287 2585 1799 2630; baseline -0.003 -8"><span class='ocrx_word' id='word_1_413' title='bbox 287 2588 560 2622; x_wconf 87' lang='lat' dir='ltr'>constitutionibus</span> <span class='ocrx_word' id='word_1_414' title='bbox 584 2593 615 2621; x_wconf 87' lang='lat' dir='ltr'>et</span> <span class='ocrx_word' id='word_1_415' title='bbox 638 2587 887 2621; x_wconf 86' lang='lat' dir='ltr'>ordinationibus</span> <span class='ocrx_word' id='word_1_416' title='bbox 904 2592 1026 2630; x_wconf 89' lang='lat' dir='ltr'>aposto·</span> <span class='ocrx_word' id='word_1_417' title='bbox 1059 2591 1092 2619; x_wconf 88' lang='lat' dir='ltr'>ut</span> <span class='ocrx_word' id='word_1_418' title='bbox 1105 2586 1259 2630; x_wconf 83' lang='lat' dir='ltr'>gabellam</span> <span class='ocrx_word' id='word_1_419' title='bbox 1281 2586 1312 2618; x_wconf 94' lang='lat' dir='ltr'>in</span> <span class='ocrx_word' id='word_1_420' title='bbox 1325 2586 1436 2619; x_wconf 88' lang='lat' dir='ltr'>eodem</span> <span class='ocrx_word' id='word_1_421' title='bbox 1450 2585 1663 2629; x_wconf 84' lang='lat' dir='ltr'>chirographo</span> <span class='ocrx_word' id='word_1_422' title='bbox 1676 2596 1799 2630; x_wconf 83' lang='lat' dir='ltr'>expres-</span> 
     </span>
     <span class='ocr_line' id='line_1_81' title="bbox 287 2638 1044 2685; baseline -0.005 -9"><span class='ocrx_word' id='word_1_423' title='bbox 287 2643 365 2684; x_wconf 85' lang='lat' dir='ltr'>licis,</span> <span class='ocrx_word' id='word_1_424' title='bbox 378 2652 500 2676; x_wconf 87' lang='lat' dir='ltr'>necnon</span> <span class='ocrx_word' id='word_1_425' title='bbox 519 2642 799 2685; x_wconf 77' lang='lat' dir='ltr'>congregationum</span> <span class='ocrx_word' id='word_1_426' title='bbox 814 2640 1025 2684; x_wconf 82' lang='lat' dir='ltr'>praefatarum</span> <span class='ocrx_word' id='word_1_427' title='bbox 1041 2638 1044 2670; x_wconf 90' lang='grc' dir='ltr'>Ι</span> 
     </span>
    </p>
   </div>
   <div class='ocr_carea' id='block_1_15' title="bbox 288 2694 1027 2740">
    <p class='ocr_par' dir='ltr' id='par_1_21' title="bbox 288 2694 1027 2740">
     <span class='ocr_line' id='line_1_82' title="bbox 288 2694 1027 2740; baseline -0.004 -10"><span class='ocrx_word' id='word_1_428' title='bbox 288 2696 395 2740; x_wconf 85' lang='lat' dir='ltr'>(etiam</span> <span class='ocrx_word' id='word_1_429' title='bbox 403 2696 591 2738; x_wconf 86' lang='lat' dir='ltr'>iuramento,</span> <span class='ocrx_word' id='word_1_430' title='bbox 598 2694 834 2729; x_wconf 83' lang='lat' dir='ltr'>confirmatione</span> <span class='ocrx_word' id='word_1_431' title='bbox 843 2694 1027 2738; x_wconf 76' lang='lat' dir='ltr'>apostoliea,</span> 
     </span>
    </p>
   </div>
   <div class='ocr_carea' id='block_1_16' title="bbox 1056 2160 1995 2258">
    <p class='ocr_par' dir='ltr' id='par_1_22' title="bbox 1056 2160 1995 2258">
     <span class='ocr_line' id='line_1_83' title="bbox 1101 2160 1968 2213; baseline 0 -20"><span class='ocrx_word' id='word_1_432' title='bbox 1101 2162 1116 2204; x_wconf 62' lang='grc' dir='ltr'><strong>ἓ</strong></span> <span class='ocrx_word' id='word_1_433' title='bbox 1141 2161 1170 2193; x_wconf 75' lang='grc'>1.</span> <span class='ocrx_word' id='word_1_434' title='bbox 1196 2160 1315 2204; x_wconf 81' lang='lat' dir='ltr'>Exponi</span> <span class='ocrx_word' id='word_1_435' title='bbox 1340 2160 1495 2203; x_wconf 90' lang='lat' dir='ltr'>siquidem</span> <span class='ocrx_word' id='word_1_436' title='bbox 1515 2160 1606 2193; x_wconf 90' lang='lat' dir='ltr'>nobis</span> <span class='ocrx_word' id='word_1_437' title='bbox 1630 2170 1731 2203; x_wconf 89' lang='lat' dir='ltr'>nuper</span> <span class='ocrx_word' id='word_1_438' title='bbox 1752 2160 1817 2213; x_wconf 85' lang='lat' dir='ltr'>se-1</span> <span class='ocrx_word' id='word_1_439' title='bbox 1849 2193 1934 2212; x_wconf 36' lang='lat' dir='ltr'>mm,</span> <span class='ocrx_word' id='word_1_440' title='bbox 1958 2199 1968 2212; x_wconf 46' lang='grc' dir='ltr'><strong><em>Γ</em></strong></span> 
     </span>
     <span class='ocr_line' id='line_1_84' title="bbox 1056 2200 1995 2258; baseline -0.001 -11"><span class='ocrx_word' id='word_1_441' title='bbox 1056 2214 1141 2247; x_wconf 90' lang='lat' dir='ltr'>cistis</span> <span class='ocrx_word' id='word_1_442' title='bbox 1155 2214 1239 2258; x_wconf 91' lang='lat' dir='ltr'>quod</span> <span class='ocrx_word' id='word_1_443' title='bbox 1256 2214 1390 2247; x_wconf 88' lang='lat' dir='ltr'>dilectus</span> <span class='ocrx_word' id='word_1_444' title='bbox 1402 2214 1486 2246; x_wconf 87' lang='lat' dir='ltr'>filius</span> <span class='ocrx_word' id='word_1_445' title='bbox 1499 2217 1606 2247; x_wconf 89' lang='lat' dir='ltr'>noster</span> <span class='ocrx_word' id='word_1_446' title='bbox 1620 2213 1795 2246; x_wconf 79' lang='lat' dir='ltr'>Ludovicus</span> <span class='ocrx_word' id='word_1_447' title='bbox 1810 2200 1906 2239; x_wconf 56' lang='grc' dir='ltr'>ὧῗῖυἶωίῑ</span> <span class='ocrx_word' id='word_1_448' title='bbox 1922 2201 1995 2239; x_wconf 60' lang='lat' dir='ltr'>¹3³er</span> 
     </span>
    </p>
   </div>
   <div class='ocr_carea' id='block_1_17' title="bbox 1810 2246 1995 2266">
    <p class='ocr_par' dir='ltr' id='par_1_23' title="bbox 1810 2246 1995 2266">
     <span class='ocr_line' id='line_1_85' title="bbox 1810 2246 1995 2266; baseline 0 0"><span class='ocrx_word' id='word_1_449' title='bbox 1810 2252 1854 2266; x_wconf 74' lang='lat' dir='ltr'>riae</span> <span class='ocrx_word' id='word_1_450' title='bbox 1873 2246 1995 2266; x_wconf 71' lang='lat' dir='ltr'>Girultatmn</span> 
     </span>
    </p>
   </div>
   <div class='ocr_carea' id='block_1_18' title="bbox 1057 2267 1996 2310">
    <p class='ocr_par' dir='ltr' id='par_1_24' title="bbox 1057 2267 1996 2310">
     <span class='ocr_line' id='line_1_86' title="bbox 1057 2267 1996 2310; baseline 0.002 -11"><span class='ocrx_word' id='word_1_451' title='bbox 1057 2267 1137 2299; x_wconf 87' lang='lat' dir='ltr'>tituli</span> <span class='ocrx_word' id='word_1_452' title='bbox 1162 2272 1286 2300; x_wconf 90' lang='lat' dir='ltr'>sanctae</span> <span class='ocrx_word' id='word_1_453' title='bbox 1310 2267 1423 2300; x_wconf 85' lang='lat' dir='ltr'>Mariae</span> <span class='ocrx_word' id='word_1_454' title='bbox 1447 2267 1694 2310; x_wconf 86' lang='lat' dir='ltr'>Transpontinae</span> <span class='ocrx_word' id='word_1_455' title='bbox 1711 2277 1796 2310; x_wconf 88' lang='lat' dir='ltr'>pres-</span> <span class='ocrx_word' id='word_1_456' title='bbox 1811 2272 1907 2301; x_wconf 52' lang='grc' dir='ltr'>Νησώ</span> <span class='ocrx_word' id='word_1_457' title='bbox 1930 2273 1996 2292; x_wconf 61' lang='lat'>*2¹⁰¹*-</span> 
     </span>
    </p>
   </div>
   <div class='ocr_carea' id='block_1_19' title="bbox 1811 2298 1994 2324">
    <p class='ocr_par' dir='ltr' id='par_1_25' title="bbox 1811 2298 1994 2324">
     <span class='ocr_line' id='line_1_87' title="bbox 1811 2298 1994 2324; baseline -0.005 -5"><span class='ocrx_word' id='word_1_458' title='bbox 1811 2299 1843 2324; x_wconf 62' lang='lat' dir='ltr'>gat</span> <span class='ocrx_word' id='word_1_459' title='bbox 1874 2298 1994 2324; x_wconf 75' lang='lat' dir='ltr'>imponendi</span> 
     </span>
    </p>
   </div>
   <div class='ocr_carea' id='block_1_20' title="bbox 1055 2319 1995 2364">
    <p class='ocr_par' dir='ltr' id='par_1_26' title="bbox 1055 2319 1995 2364">
     <span class='ocr_line' id='line_1_88' title="bbox 1055 2319 1995 2364; baseline 0.002 -12"><span class='ocrx_word' id='word_1_460' title='bbox 1055 2320 1144 2364; x_wconf 70' lang='lat' dir='ltr'>byter</span> <span class='ocrx_word' id='word_1_461' title='bbox 1177 2319 1343 2353; x_wconf 86' lang='lat' dir='ltr'>cardinalis</span> <span class='ocrx_word' id='word_1_462' title='bbox 1380 2319 1564 2352; x_wconf 82' lang='lat' dir='ltr'>Ludovisius</span> <span class='ocrx_word' id='word_1_463' title='bbox 1589 2325 1795 2363; x_wconf 87' lang='lat' dir='ltr'>nuncupatus,</span> <span class='ocrx_word' id='word_1_464' title='bbox 1811 2325 1995 2354; x_wconf 43' lang='lat' dir='ltr'>s=1perpe⁰¹¹d⁰³u</span> 
     </span>
    </p>
   </div>
   <div class='ocr_carea' id='block_1_21' title="bbox 1811 2352 1995 2372">
    <p class='ocr_par' dir='ltr' id='par_1_27' title="bbox 1811 2352 1995 2372">
     <span class='ocr_line' id='line_1_89' title="bbox 1811 2352 1995 2372; baseline 0 -1"><span class='ocrx_word' id='word_1_465' title='bbox 1811 2354 1918 2372; x_wconf 77' lang='lat' dir='ltr'>territorio</span> <span class='ocrx_word' id='word_1_466' title='bbox 1941 2352 1995 2371; x_wconf 76' lang='lat' dir='ltr'>rius-</span> 
     </span>
    </p>
   </div>
   <div class='ocr_carea' id='block_1_22' title="bbox 1056 2372 1996 2425">
    <p class='ocr_par' dir='ltr' id='par_1_28' title="bbox 1056 2372 1996 2425">
     <span class='ocr_line' id='line_1_90' title="bbox 1056 2372 1996 2425; baseline -0.002 -19"><span class='ocrx_word' id='word_1_467' title='bbox 1056 2377 1179 2407; x_wconf 89' lang='lat' dir='ltr'>sanctae</span> <span class='ocrx_word' id='word_1_468' title='bbox 1204 2373 1363 2406; x_wconf 86' lang='lat' dir='ltr'>Romanae</span> <span class='ocrx_word' id='word_1_469' title='bbox 1392 2373 1550 2406; x_wconf 81' lang='lat' dir='ltr'>Ecclesiae</span> <span class='ocrx_word' id='word_1_470' title='bbox 1580 2372 1795 2413; x_wconf 86' lang='lat' dir='ltr'>camerarius,</span> <span class='ocrx_word' id='word_1_471' title='bbox 1811 2378 1996 2425; x_wconf 48' lang='lat' dir='ltr'>fiffflmafficatus</span> 
     </span>
    </p>
   </div>
   <div class='ocr_carea' id='block_1_23' title="bbox 88 2490 270 2538">
    <p class='ocr_par' dir='ltr' id='par_1_29' title="bbox 88 2490 270 2538">
     <span class='ocr_line' id='line_1_91' title="bbox 156 2490 270 2519; baseline 0.009 -9"><span class='ocrx_word' id='word_1_472' title='bbox 156 2490 270 2519; x_wconf 71' lang='lat' dir='ltr'>Dei-ogatie</span> 
     </span>
     <span class='ocr_line' id='line_1_92' title="bbox 88 2518 248 2538; baseline 0 -1"><span class='ocrx_word' id='word_1_473' title='bbox 88 2518 248 2538; x_wconf 74' lang='lat' dir='ltr'>contrariorum.</span> 
     </span>
    </p>
   </div>
   <div class='ocr_carea' id='block_1_24' title="bbox 1041 2671 1561 2736">
    <p class='ocr_par' dir='ltr' id='par_1_30' title="bbox 1041 2671 1561 2736">
     <span class='ocr_line' id='line_1_93' title="bbox 1041 2671 1561 2736; baseline 0 -9"><span class='ocrx_word' id='word_1_474' title='bbox 1041 2671 1045 2727; x_wconf 77' lang='lat' dir='ltr'>i</span> <span class='ocrx_word' id='word_1_475' title='bbox 1097 2703 1107 2728; x_wconf 85' lang='lat'>1</span> <span class='ocrx_word' id='word_1_476' title='bbox 1130 2701 1167 2729; x_wconf 85' lang='lat' dir='ltr'>Ex</span> <span class='ocrx_word' id='word_1_477' title='bbox 1187 2701 1294 2736; x_wconf 83' lang='lat' dir='ltr'>Regest.</span> <span class='ocrx_word' id='word_1_478' title='bbox 1315 2701 1342 2728; x_wconf 91' lang='lat' dir='ltr'>iu</span> <span class='ocrx_word' id='word_1_479' title='bbox 1362 2700 1463 2729; x_wconf 84' lang='lat' dir='ltr'>Secret.</span> <span class='ocrx_word' id='word_1_480' title='bbox 1485 2700 1561 2728; x_wconf 77' lang='lat' dir='ltr'>BreV.</span> 
     </span>
    </p>
   </div>
   <div class='ocr_carea' id='block_1_25' title="bbox 0 0 48 3231">
    <p class='ocr_par' dir='ltr' id='par_1_31' title="bbox 0 0 48 3231">
     <span class='ocr_line' id='line_1_94' title="bbox 0 0 48 3231; baseline 0 0"><span class='ocrx_word' id='word_1_481' title='bbox 0 0 48 3231; x_wconf 95' lang='lat' dir='ltr'> </span> 
     </span>
    </p>
   </div>
  </div>
 </body>
</html>
