2293 3231
529 289 595 323 878

489 352 519 385 C.
544 349 676 384 lubilaci
700 347 862 382 concessio
887 345 1146 380 christifidelibus
1170 347 1229 380 Ar·
1253 368 1255 376 .

490 510 537 543 Cl.

490 829 553 864 CII.

494 1203 571 1237 CIII.
585 1203 772 1247 Suppressio
788 1212 883 1236 curae
900 1205 1079 1238 animarum
1096 1205 1126 1237 in
1145 1213 1236 1248 paro·
1261 1205 1263 1241 Ξ

496 1577 570 1612 CIV.

498 1738 558 1773 CV.

577 405 715 442 meniae,
741 401 780 434 ad
806 410 884 444 quos
909 401 1073 433 mittuntur
1104 400 1230 433 missio·
1254 419 1255 427 η

577 458 656 490 narii
672 454 804 489 Ordinis
824 453 1089 494 Praedicatorum,
1110 453 1184 487 787.

575 508 871 542 Confraternitatem
908 508 955 539 ss.
995 505 1160 539 Benedicti
1199 509 1228 539 et
1254 525 1256 528 -

578 560 830 601 Scholasticae‚a
852 559 947 593 Paulo
959 558 982 590 V
997 563 1146 600 erectam,
1165 561 1227 592 eri-

578 616 623 658 git
641 615 670 647 in
689 613 1081 653 archiconfraternitatem,
1100 622 1171 646 cum
1189 612 1231 646 sa-

578 669 692 703 cultate
717 668 794 701 alias
820 668 1098 701 confraternitates
1116 676 1231 711 aggre-

579 723 694 766 gandi,
719 722 844 766 illisque
868 721 1082 765 indulgentias
1109 725 1140 755 et
1160 730 1230 765 gra·
1255 728 1257 757 l

578 777 638 809 tias
662 775 844 820 spirituales
869 775 1136 815 communicandi,
1156 774 1231 808 788.
1256 803 1258 806 .

586 829 742 862 Institutio
774 829 952 862 festivitatis
985 829 1085 861 sancti
1115 827 1231 862 Bruno-
1257 842 1259 847 ·

580 883 629 915 nis
652 882 858 923 confessoris,
890 880 1067 915 fundatoris
1098 879 1231 916 Ordinis

578 935 858 970 Cartbusianorum
871 935 930 969 sub
943 935 1146 979 semiduplici
1161 937 1232 977 ritu,
1258 921 1261 945 ⁵

579 990 630 1023 dic
651 1000 682 1023 vi
702 988 838 1023 octobris
863 988 982 1034 ubique
1007 993 1163 1024 terrarum
1186 999 1235 1023 ce·

580 1043 769 1083 lebrandae‚
795 1047 825 1076 et
859 1045 890 1076 in
914 1042 1089 1084 breviario,
1116 1043 1234 1078 missali

581 1096 772 1130 kalendariis
789 1097 995 1139 imposterum
1014 1097 1235 1140 imprimendis

581 1149 801 1194 apponendae,
827 1149 901 1182 789.
1260 1137 1263 1195 ξ

580 1257 674 1291 chiali
699 1257 833 1291 ecclesia
857 1259 958 1292 sancti
979 1258 1179 1292 Pantaleonis
1196 1257 1236 1291 de
1262 1284 1263 1290 ,

583 1310 666 1345 Urbe
683 1339 691 1353 ,
717 1316 747 1346 et
771 1311 855 1345 illius
879 1311 1048 1356 applicatio
1079 1312 1236 1346 ecclesiae

581 1367 680 1399 sancti
705 1364 884 1407 Eustachii,
911 1367 1043 1411 eiusque
1070 1367 1236 1399 concessio

582 1419 821 1462 congregationi
835 1418 1027 1453 Clericorum
1041 1419 1237 1463 regularium
1262 1417 1265 1463 ἱ

582 1481 759 1516 pauperum
772 1472 879 1506 Matris
894 1471 953 1506 Dei
967 1472 1154 1506 Scholarum
1168 1473 1238 1506 Pia-
1262 1483 1265 1512 ζ

582 1535 651 1559 rum
676 1525 715 1558 de
740 1524 834 1567 Urbe,
859 1525 934 1559 790.
1262 1533 1265 1555 t

595 1577 709 1612 Contra
735 1578 894 1612 maleficos
919 1582 951 1612 et
974 1579 1142 1622 sortilegos
1165 1589 1238 1613 cum

585 1632 709 1667 diabolo
735 1637 863 1677 pactum
888 1633 1050 1675 facientes,
1069 1643 1086 1667 a
1111 1633 1239 1679 fideque

584 1687 790 1730 apostatando
814 1687 892 1721 alios
916 1686 1092 1729 laedentes,
1119 1688 1194 1721 795.

585 1739 753 1773 Abdicatio
784 1750 879 1774 curae
910 1742 1088 1774 animarum
1111 1749 1129 1774 a
1153 1750 1241 1784 paro-

588 1793 682 1827 chiali
715 1793 852 1827 ecclesia
883 1795 985 1828 sancti
1018 1793 1168 1827 Andreae
1200 1795 1239 1828 de
1266 1793 1267 1799 ’

588 1847 729 1881 Funariis
754 1848 793 1881 de
819 1847 913 1889 L‘rbe,
938 1857 975 1881 ac
993 1849 1062 1882 elus
1080 1847 1241 1882 translatio

588 1899 627 1933 ad
649 1900 860 1944 parochialem
884 1901 1051 1935 ecclesiam
1072 1901 1103 1934 S.
1120 1901 1242 1935 Nicolai

588 1954 733 1987 similiter
767 1954 807 1987 (le
832 1954 993 1996 Funariis‚
1019 1965 1075 1989 scu
1109 1955 1242 1989 alteram
1266 1951 1268 1955 ’

591 2008 775 2040 viciniorem
800 2007 984 2045 ecclcsia1n;
1010 2009 1144 2054 eiusque
1169 2018 1243 2042 con-

591 2061 692 2093 cessio
717 2061 968 2095 confraternitati
992 2061 1187 2106 sculptorum
1213 2066 1243 2095 et
1268 2069 1271 2111 ᾗ

592 2113 811 2158 lapicidarum,
821 2114 879 2148 sub
891 2116 1092 2150 invocatione
1106 2117 1153 2149 Ss.
1163 2115 1244 2156 Qua-

1075 291 1251 319 annuam
1279 291 1431 318 nomm

1370 349 1439 379 tuor
1456 343 1683 380 coronatorum
1701 345 1732 380 in
1745 344 1830 380 Urbe
1843 344 1918 380 olim
1929 345 2020 381 insti-

1369 402 1463 439 tutae,
1485 399 1558 432 796.

1281 451 1357 486 CVI.
1376 451 1615 486 lurisdictiones
1631 456 1663 487 et
1682 452 1847 487 facultates
1867 453 2025 498 Scipionis

1370 505 1542 540 cardinalis
1558 505 1739 550 Burgbesii‚
1756 506 1956 552 aliorumque
1968 515 2026 551 pro

1370 562 1514 603 tempore
1554 559 1767 594 cardinalium
1811 563 2027 605 protectorum

1371 611 1534 656 hospitalis
1558 622 1735 657 pauperum
1767 613 1964 648 dementium
1988 613 2028 648 de

1371 664 1466 708 Urbe,
1476 675 1590 701 causas
1603 667 1829 711 cognoscendi,
1843 676 1968 702 necnon
1986 667 2029 701 of·

1372 719 1523 754 ficialium
1537 724 1567 754 et
1580 722 1796 755 ministrorum
1809 720 2028 763 suorum‚800.

1283 771 1374 806 CVII.
1389 772 1540 807 Extensio
1560 777 1591 808 et
1611 783 1693 808 nova
1712 776 1879 809 concessio
1901 773 2031 819 privile-

1372 828 1498 870 giorum
1530 827 1725 872 cappellanis
1760 828 1893 863 Romani
1924 827 2030 862 Ponti-

1374 881 1444 915 ficis
1476 891 1701 916 concessorum
1736 891 1794 927 pro
1833 881 2030 926 cappellanis

1374 933 1469 969 huius
1493 935 1666 977 Pontificis,
1687 936 1762 970 801.

1286 987 1392 1022 CVIII.
1421 988 1626 1024 Confirmatio
1657 991 1828 1024 erectionis
1859 991 2032 1024 novitiatus

1288 1362 1364 1398 Ctx.

1289 1470 1349 1504 CX.

1291 1684 1364 1719 ext.

1375 1043 1510 1077 fratrum
1540 1043 1804 1088 Congregationis
1836 1043 2032 1079 Iesuatorum

1375 1098 1476 1131 sancti
1501 1096 1690 1142 Hieronymi
1715 1099 1747 1131 in
1772 1097 1866 1132 domo
1890 1097 2031 1142 regulari

1376 1150 1425 1184 Ss.
1442 1150 1569 1185 Ioannis
1587 1155 1616 1185 et
1633 1150 1722 1185 Pauli
1740 1151 1780 1185 de
1804 1151 1890 1186 Urbe
1903 1160 1921 1185 a
1938 1151 2032 1186 Petro

1375 1203 1530 1238 cardinali
1562 1204 1804 1239 Aldobrandino
1833 1208 2030 1248 protectore.

1376 1266 1434 1300 pro
1450 1257 1606 1301 regularis
1623 1258 1812 1302 disciplinae
1832 1259 2032 1292 restitutione

1376 1314 1407 1344 et
1431 1313 1672 1345 conservatione
1697 1312 1842 1352 instituti,
1867 1311 1942 1345 812.

1396 1363 1572 1398 Facultates
1608 1374 1666 1409 pro
1701 1363 1890 1409 cappellano
1920 1365 2034 1398 maiori

1377 1422 1407 1451 et
1431 1417 1576 1462 cappella
1600 1420 1688 1462 regis
1712 1417 1869 1459 catholici,
1891 1418 1966 1452 813.

1383 1470 1476 1512 Quod
1501 1471 1570 1505 loca
1586 1472 1740 1505 montium
1764 1471 1970 1505 cameratium
1994 1471 2034 1505 ad

1377 1524 1667 1569 Congregationem
1678 1525 1719 1559 de
1733 1524 1943 1569 Propaganda
1958 1524 2036 1558 Fide

1378 1580 1555 1623 spectantia
1574 1579 1729 1622 extingui,
1753 1587 1811 1612 seu
1834 1577 1948 1612 redimi
1972 1587 2036 1612 ne-

1379 1636 1508 1677 queant,
1534 1632 1610 1666 818.

1389 1685 1595 1720 Confirmatio
1619 1685 1808 1719 concordiae
1833 1695 1890 1729 pro
1910 1694 2036 1730 compo-

1381 1739 1495 1774 nendis
1521 1740 1748 1773 controversiis
1779 1741 1862 1773 inter
1887 1739 2029 1773 Avenio-

1382 1803 1497 1827 nenses
1529 1797 1559 1827 et
1591 1802 1703 1837 regem
1736 1792 2037 1827 christianissimum

1382 1845 1597 1890 pendentibus
1621 1848 1729 1888 initae,
1755 1846 1829 1880 819.

1293 1900 1381 1934 CXII.
1407 1900 1619 1935 Committitur
1635 1901 1789 1943 episcopo
1813 1899 1978 1933 Parmensi
2002 1902 2036 1933 ut

1383 1963 1420 1987 ea
1445 1953 1484 1987 ab
1510 1952 1738 1987 ecclesiasticis
1761 1951 1928 1986 observari
1948 1956 2039 1986 curet

1382 2017 1440 2053 per
1463 2007 1666 2049 decennium,
1683 2016 1766 2052 quae
1791 2007 1856 2041 dux
1881 2006 1962 2040 solet
1979 2009 2039 2040 sta-

1383 2066 1473 2096 tuere
1502 2071 1561 2105 pro
1592 2059 1733 2095 curanda
1765 2069 1911 2094 annonae
1936 2058 2038 2094 abun·

1385 2113 1503 2157 dantia,
1528 2113 1603 2148 824.

1043 2331 1140 2371 FINIS
1165 2336 1256 2371 TOMI
1281 2334 1501 2372 DUODECIMI.

1163 2593 1195 2626 V.
1219 2603 1258 2626 ex
1277 2592 1480 2637 deleqatione
1498 2594 1539 2627 D.
1562 2594 1602 2628 D.
1625 2593 1873 2638 Arckiepiscopi
1895 2591 1995 2626 Taur.

1226 2656 1260 2689 P.
1284 2656 1497 2691 Cnonovnnus
1516 2665 1535 2689 Α
1555 2655 1758 2690 Cosrtuoms
1778 2653 1854 2688 Orcl.
1875 2652 1950 2687 Min.
