2293 3231
55 289 103 317 An.
120 289 148 316 C.
170 288 234 316 ¹621

93 772 155 793 Modo
170 772 238 792 eidem

55 799 125 820 officio
146 799 240 819 annectit

55 831 127 846 curam
156 830 238 846 conscr-

56 851 119 872 vanni
128 857 238 878 processus

55 878 75 898 in
97 878 192 904 partibus
213 878 239 898 do

56 905 131 932 quibus
160 905 180 925 iu
205 910 238 926 ru·

56 931 121 952 urica.

858 286 1035 310 caecemus
1059 286 1100 310 xv
1125 286 1173 309 rr.

201 370 205 372 ,
251 336 342 379 eique
365 335 403 368 de
427 335 567 368 ciusdem
593 335 686 368 oflicii
704 334 842 378 rcgaliis,
868 335 988 368 iuribus

251 393 281 421 et
305 388 524 421 emolumentis
548 388 647 422 solitis
671 394 700 420 et
724 388 881 421 consuetis
910 387 989 420 inte-

250 451 306 483 gre
331 441 515 484 responderi
541 441 656 474 debere
673 441 879 481 decrevimuS,
896 445 989 484 prout

250 494 281 526 in
306 495 422 528 nostris
438 495 470 527 in
487 495 588 528 forma
615 495 720 527 Brevis
738 495 795 527 sub
809 494 915 527 datum
933 494 991 527 Ito-

252 557 321 580 mae
345 548 427 591 apud
451 553 592 581 sanctam
610 548 738 580 Mariam
755 547 915 587 Maiorem,
933 547 991 579 sub

252 602 368 635 annulo
393 601 560 635 Piscatoris
575 629 583 643 ,
607 602 657 635 die
681 612 733 635 xvi
758 602 824 635 iulii
850 611 991 641 itincxxl,

252 653 453 697 pontificatus
476 655 576 688 nostri
605 665 687 688 anno
711 665 741 695 1,
766 655 915 688 consectis
942 654 992 687 lit-

254 707 329 740 teris
342 708 465 751 plenius
485 707 683 741 continetur&

298 760 313 803 ξ
336 760 365 793 4.
391 761 531 805 Cumque
555 772 572 794 a
598 767 741 805 tempore
773 761 939 795 erectionis
964 763 993 794 et

254 813 457 848 institutionis
481 816 575 848 officii
599 815 779 848 huiusmodi
800 814 993 859 experientia

254 866 406 908 docuerit,
429 868 582 911 nobisque
600 872 729 909 constet,
746 878 782 900 ex
800 868 883 900 illius
907 877 994 900 exer-

254 919 328 953 citio
351 930 415 953 non
435 921 536 953 solum
561 920 685 953 meliori
708 931 914 964 processuum
939 920 994 952 1111-

254 972 389 1006 iusmodi
424 973 643 1014 instructioni,
668 973 722 1006 scd
747 974 840 1006 etiam
866 973 991 1006 illorum

254 1025 500 1066 conservationi,
524 1025 623 1066 cuius,
640 1026 672 1058 in
689 1027 773 1058 tanta
797 1026 991 1058 notariorum

254 1079 413 1120 varietate,
426 1079 512 1112 nulla
527 1083 615 1113 antea
629 1079 709 1112 ratio
725 1079 910 1119 habebatur,
923 1088 994 1111 con-

253 1132 371 1164 sultum
394 1142 472 1172 esse,
495 1132 586 1165 nobis
610 1142 695 1172 vero,
723 1137 754 1165 et
778 1132 905 1175 quidem
929 1141 993 1164 non

253 1184 319 1217 sine
343 1184 439 1217 animi
464 1185 564 1218 nostri
583 1184 793 1228 displicentia,
810 1184 992 1224 innotuerit,

253 1247 459 1281 processuum
468 1237 489 1278 ⁹,
506 1237 560 1281 qui
577 1242 664 1270 extra
687 1237 802 1270 dictam
823 1237 942 1270 curiam
962 1236 993 1268 in

254 1291 430 1333 Germania,
447 1291 555 1332 Gallia,
580 1291 738 1335 Hispania,
755 1291 887 1334 aliisque
910 1291 994 1324 chri-

255 1345 345 1378 stiani
359 1345 445 1379 orbis
457 1345 628 1389 provinciis
646 1350 677 1378 et
697 1344 879 1388 regionibus
898 1355 994 1388 super

256 1398 459 1442 qualitatibus
482 1398 770 1442 promovendorum
803 1398 842 1431 ad
870 1398 994 1431 illarum

257 1451 394 1494 partium
419 1452 624 1485 ecclesiarum
641 1451 868 1485 cathedralium
885 1456 915 1484 et
931 1461 996 1484 mo-

257 1505 468 1539 nasteriorum
486 1506 750 1540 consistorialium
768 1505 933 1548 regimina,
952 1505 996 1548 ip-

258 1568 427 1603 sarumque
451 1560 655 1593 ecclesiarum
679 1564 709 1593 et
732 1560 995 1593 monasteriorum

257 1616 349 1653 statu,
373 1612 405 1644 in
429 1612 572 1657 partibus
596 1613 674 1657 ipsis
698 1613 883 1653 formantur,
901 1617 930 1645 et
958 1612 996 1645 ad

258 1665 402 1699 eamdem
427 1667 547 1699 curiam
572 1677 631 1710 pro
654 1666 830 1699 litterarum
850 1666 998 1710 apostoli-

258 1727 366 1750 carum
391 1719 589 1762 expeditione
612 1719 878 1760 transmittuntur,
908 1729 998 1763 expe-

258 1770 375 1804 ditione
406 1771 508 1812 sacta,
532 1772 650 1805 nullam
681 1774 814 1815 prorsus
842 1772 996 1804 rationem

258 1824 378 1865 haberi,
403 1825 457 1858 sed
474 1825 554 1866 illos,
571 1826 617 1858 uti
633 1826 750 1858 nullius
767 1836 841 1859 usus
857 1830 910 1858 aut
928 1836 998 1859 con-

258 1877 457 1912 siderationis
474 1879 618 1920 cartulas,
640 1879 798 1923 vilipendi,
816 1879 947 1913 distrahi
968 1884 997 1912 et

259 1930 387 1974 deperdi
405 1932 522 1965 solere:
535 1943 603 1973 nos,
617 1932 850 1966 considerantes
863 1933 998 1966 maxime

259 1984 406 2027 expedire
429 1985 586 2019 dictorum
610 1997 818 2030 processuum
835 1997 999 2020 conserva-

260 2036 336 2070 tioni
352 2038 529 2081 providere,
545 2044 581 2072 ut
599 2040 784 2073 successivis
797 2040 998 2084 temporibus

261 2100 386 2134 semper
406 2091 445 2125 de
464 2092 536 2133 illis,
549 2103 723 2137 eorumque
739 2093 931 2127 continentia
947 2104 999 2138 ap-

259 2154 381 2188 parere,
406 2150 437 2178 et
460 2145 499 2178 ad
515 2146 584 2179 illos
601 2147 686 2180 iuxta
706 2157 834 2180 casuum
851 2157 999 2181 occuren-

261 2198 336 2231 tiam
352 2208 499 2232 recursus
515 2203 546 2232 et
562 2200 672 2234 relatio
695 2200 805 2233 haberi
828 2201 943 2244 possit;
967 2201 998 2233 id

261 2256 367 2284 autem
390 2252 476 2285 nulla
507 2253 752 2286 convenientiori
783 2253 905 2286 ratione
929 2253 998 2286 fieri

261 2315 354 2349 posse
378 2305 528 2347 videatur,
552 2316 646 2350 quam
672 2306 697 2339 si
721 2307 798 2339 haec
821 2317 897 2340 cura
912 2317 999 2351 prae-

261 2359 378 2393 dictum
414 2360 553 2394 officium
584 2360 736 2394 obtinenti
769 2360 998 2401 demandetur,

261 2413 384 2458 hocque
395 2407 601 2458 processuum
615 2415 902 2449 conservandorum
920 2425 999 2449 onus

262 2471 292 2500 et
322 2477 436 2501 munus
467 2468 568 2501 eidem
602 2468 706 2502 officio
735 2473 937 2509 annectatur,
966 2472 999 2501 ut

261 2530 357 2564 penes
381 2531 479 2554 unum
502 2526 533 2555 et
556 2522 702 2555 eumdem
726 2532 835 2555 omnes
858 2522 998 2555 omnium

262 2574 400 2617 partium
433 2574 614 2609 huiusmodi
650 2585 839 2619 processus,
864 2575 1000 2619 quando-

297 2646 311 2672 1
327 2644 398 2676 Quas
412 2645 472 2673 vide
486 2645 537 2674 loc.
553 2646 597 2674 cit.
614 2646 640 2673 in
655 2649 720 2674 nota
734 2646 768 2673 ad
783 2646 858 2673 rubr.
878 2646 918 2681 (R.
933 2646 981 2680 1.).

298 2690 315 2717 2
329 2689 395 2718 Male
410 2690 475 2719 edit.
489 2690 567 2719 Main.
585 2691 649 2727 legit
660 2698 810 2727 processus
825 2692 861 2727 (a.
879 2694 928 2726 1.).

1022 346 1156 377 cumque
1169 343 1249 377 opus
1262 333 1364 374 suerit,
1380 333 1511 376 reperiri
1528 332 1655 376 possin&
1674 338 1760 366 motu

1023 387 1130 427 simili,
1148 397 1211 419 non
1235 386 1273 419 ad
1300 386 1395 430 ipsius
1412 386 1546 419 Odoardi
1564 391 1616 418 aut
1632 386 1761 418 alterius

1023 441 1115 473 nobis
1140 451 1234 484 super
1254 441 1314 473 hoc
1334 441 1455 473 oblatae
1472 439 1630 483 petitionis
1650 440 1762 472 instan-

1024 494 1118 534 tiam,
1145 494 1199 526 sed
1228 504 1265 526 ex
1297 493 1447 534 scientia,
1477 493 1701 527 deliberatione
1732 499 1760 525 et

1024 547 1186 591 potestatis
1199 547 1392 590 plenitudine
1410 547 1548 590 paribus,
1564 547 1717 587 volumus,
1733 553 1761 580 et

1025 600 1169 633 similiter
1192 600 1364 644 apostoliea
1381 600 1565 634 auctoritate
1587 600 1762 641 statuimus,

1025 653 1109 697 quod
1133 653 1171 685 de
1195 658 1310 693 cetero,
1331 653 1489 697 perpetuis
1513 653 1627 686 suturis
1648 659 1764 696 tempo-

1025 706 1124 746 ribus,
1149 716 1258 739 omnes
1281 712 1311 739 et
1335 706 1450 749 singuli
1480 717 1646 750 processus
1671 707 1763 749 (quos

1026 765 1114 792 extra
1138 759 1252 793 dictam
1276 760 1396 793 curiam
1411 787 1418 800 ,
1443 764 1507 793 tam
1531 760 1561 792 in
1586 759 1763 800 Germania,

1026 813 1133 854 Gallia,
1158 813 1316 857 Hispania,
1343 813 1517 857 ceterisque
1537 814 1698 847 christiani
1715 824 1764 847 01·-

1026 866 1073 899 bis
1098 867 1212 910 regnis,
1232 867 1402 910 provinciis
1419 872 1449 900 ct
1470 867 1653 910 regionibus
1669 879 1764 911 super

1026 920 1228 962 qualitatibus
1252 921 1539 964 promovendorum
1557 921 1595 953 ad
1619 931 1765 964 quarum-

1026 982 1162 1016 cumque
1186 973 1411 1006 cathedralium
1437 973 1658 1015 ecclesiarum,
1683 983 1765 1006 nunc

1026 1030 1056 1057 et
1080 1035 1139 1069 pro
1164 1029 1305 1069 tempore
1322 1026 1454 1069 pastoris
1478 1026 1588 1059 solatio
1609 1026 1766 1059 destituta-

1026 1089 1115 1119 rum,
1140 1084 1170 1111 et
1194 1079 1457 1112 monasteriorum
1482 1079 1764 1119 consistorialimn,

1026 1132 1127 1165 ubivis
1152 1133 1399 1173 consistentium,
1423 1138 1453 1166 et
1477 1133 1587 1177 quovis
1607 1133 1701 1167 modo
1719 1145 1766 1166 va-

1027 1185 1165 1218 cantium
1189 1190 1219 1218 et
1243 1191 1464 1219 vacaturorum
1488 1187 1653 1229 regimina,
1671 1198 1706 1220 ac
1721 1198 1765 1220 ec-

1027 1238 1195 1271 clesiarum
1227 1244 1257 1271 et
1287 1239 1552 1272 monasteriorum
1584 1240 1765 1273 huiusmodi

1028 1295 1119 1332 statu,
1143 1292 1283 1333 formari,
1300 1295 1330 1325 et
1344 1292 1383 1324 ad
1400 1292 1515 1325 dictam
1532 1293 1651 1325 curiam
1670 1298 1766 1326 trans-

1028 1344 1108 1376 mitti
1133 1344 1331 1388 contigerit)‚
1356 1350 1522 1389 postquam
1556 1346 1594 1378 ab
1626 1346 1765 1379 eiusdem

1028 1402 1153 1430 sanctae
1181 1398 1340 1431 Romanae
1370 1398 1527 1432 Ecclesiae
1556 1399 1767 1432 cardinalibus

1029 1450 1167 1493 ipsarum
1188 1451 1349 1484 nationum
1366 1452 1609 1495 protectoribus,
1627 1463 1768 1496 compro-

1029 1503 1211 1544 tectoribus,
1237 1514 1292 1537 seu
1308 1504 1621 1548 viceprotectoribus,
1641 1516 1698 1538 seu
1714 1506 1767 1551 qui

1030 1557 1177 1590 ecclesias
1202 1562 1232 1590 et
1256 1559 1446 1591 monasteria
1464 1559 1645 1592 huiusmodi
1669 1559 1700 1591 in
1717 1569 1764 1592 no-

1030 1617 1095 1645 stro
1125 1616 1155 1645 et
1185 1611 1318 1645 Romani
1348 1612 1506 1645 Pontificis
1536 1623 1595 1656 pro
1625 1616 1768 1656 tempore

1030 1665 1190 1698 existentis
1215 1666 1412 1706 consistorio,
1427 1671 1462 1699 ut
1485 1666 1583 1699 moris
1599 1671 1646 1698 est
1662 1670 1691 1700 ct
1707 1666 1768 1698 suc-

1031 1719 1081 1759 rit,
1100 1719 1333 1762 proposuerint,
1347 1724 1377 1752 et
1393 1719 1431 1752 ab
1449 1719 1600 1752 Ordinum
1616 1719 1769 1763 capitibus

1030 1773 1098 1814 visi,
1111 1773 1276 1816 recogniti,
1293 1773 1460 1817 approbati
1477 1778 1507 1807 et
1521 1773 1687 1817 subscripti
1706 1774 1770 1806 sue-

1030 1827 1112 1868 rint,
1137 1827 1175 1859 ab
1200 1827 1274 1871 ipsis
1299 1827 1528 1868 cardinalibus,
1553 1838 1607 1860 seu
1640 1826 1768 1860 eorum¹

1031 1880 1229 1914 auditoribus
1244 1907 1251 1921 ,
1276 1885 1306 1913 et
1330 1880 1368 1913 iis
1391 1880 1430 1913 ad
1457 1891 1536 1924 quos
1561 1880 1769 1924 spectaverit,

1031 1938 1101 1968 ante
1114 1933 1242 1967 cedulae
1259 1933 1482 1967 constitorialis
1495 1933 1770 1977 subscriptionem,

1031 1997 1087 2020 seu
1100 1987 1209 2020 saltem
1225 1987 1308 2020 illius
1328 1987 1470 2031 partibus
1488 1987 1770 2030 consignationem,

1031 2040 1193 2084 praedicto
1219 2040 1375 2081 Odoardo,
1399 2040 1551 2084 quamdiu
1573 2040 1768 2084 praedictum

1032 2094 1171 2127 officium
1187 2093 1369 2135 obtinuerit,
1387 2094 1517 2138 eiusque
1534 2094 1565 2126 in
1582 2094 1634 2127 illo
1652 2104 1771 2127 succes-

1032 2147 1156 2180 soribus
1170 2174 1177 2187 ,
1201 2147 1240 2179 ad
1264 2147 1411 2180 effectum
1442 2147 1512 2180 illos
1543 2146 1770 2182 conservandi.

1032 2199 1111 2232 tradi
1136 2205 1166 2233 et
1190 2200 1389 2243 consignari,
1414 2200 1473 2244 ipsi
1504 2210 1580 2233 vero
1610 2199 1771 2233 Odoardus

1032 2258 1062 2285 et
1086 2264 1284 2287 successores
1307 2253 1378 2287 illos
1403 2253 1447 2286 sic
1468 2253 1544 2297 ipsis
1561 2252 1771 2295 consignatos.

1032 2312 1192 2350 tamquam
1227 2306 1379 2350 praedicti
1415 2306 1509 2340 osticii
1542 2316 1710 2349 processus
1742 2310 1769 2337 et

1032 2359 1223 2404 scripturas,
1247 2360 1326 2393 bene
1351 2365 1381 2393 et
1404 2359 1538 2393 fideliter
1567 2369 1771 2399 conservare,

1032 2418 1062 2446 et
1083 2413 1210 2446 illorum
1234 2413 1436 2454 durabilitati,
1453 2418 1493 2454 et,
1511 2413 1615 2457 quoad
1632 2412 1702 2445 fieri
1720 2423 1773 2456 po-

1032 2472 1092 2500 test
1121 2472 1151 2500 et
1178 2467 1317 2500 humana
1340 2466 1457 2510 patitur
1483 2466 1630 2506 conditio,
1659 2476 1771 2509 perpe-

1033 2520 1133 2553 tuitati
1156 2520 1344 2563 providere,
1369 2520 1569 2563 bonamque,
1593 2519 1719 2552 fidelem
1745 2525 1773 2552 et

1033 2573 1215 2616 diligentem
1238 2573 1366 2607 illorum
1390 2584 1499 2607 curam
1524 2583 1645 2617 gerere,
1670 2579 1700 2607 et
1721 2574 1773 2617 (ad

1033 2627 1179 2661 effectum
1203 2627 1340 2667 illorum,
1364 2628 1439 2661 dum
1459 2638 1539 2671 opus
1564 2628 1675 2668 suerit,
1701 2628 1774 2662 saci·
1826 2661 1830 2663 .

1069 2691 1080 2717 1
1101 2689 1245 2726 Perperam
1264 2690 1327 2718 edit.
1345 2690 1422 2718 Main.
1440 2690 1504 2726 legit
1517 2698 1614 2719 coram
1633 2692 1672 2726 (n.
1689 2691 1736 2726 1.).

1668 275 1732 307 Μῖ»
1780 285 1827 310 An.
1843 285 1870 310 c.
1896 286 1954 311 ica!
