2293 3231
284 290 332 317 An.
349 289 379 317 c.
401 289 469 317 1622
515 280 578 314 7017.

481 338 559 371 sanis
582 337 723 375 miscere,
743 341 770 369 et
792 336 855 368 Deo
873 335 1018 368 resistere
1038 335 1242 378 impiissiine¹

481 401 542 425 non
567 396 731 428 verentur;
758 388 810 432 qui
837 388 910 421 dum
937 398 1024 421 arma
1049 388 1242 432 spiritualia*

481 443 720 488 parvipendunt,
746 441 931 485 temporalia
955 447 1138 485 provocant,
1163 450 1225 484 quo

483 498 532 537 sit,
557 502 589 529 ut
614 496 692 529 sicut
718 495 769 528 illa
798 494 949 527 adbibere
974 505 1031 538 per
1056 494 1227 538 nosmetip-

483 561 533 583 sos
551 560 612 582 non
631 550 780 587 vatemus,
799 548 839 581 ita
856 548 950 581 etiam
969 548 1124 592 personis,
1145 558 1225 591 quae
1242 534 1245 557 '

483 604 539 636 ista
565 613 622 646 pro
648 613 681 635 re
706 604 777 635 nata
799 601 837 634 ad
861 607 972 634 nutum
997 607 1140 635 nostrum
1168 607 1227 633 tra—

483 663 566 689 ctare
581 656 724 696 viriliter,
735 656 931 699 fideliterque
946 655 1077 699 possint,
1091 655 1228 697 indigea-

484 720 561 742 mus.
584 709 671 748 Quod
698 719 771 742 sanc
796 719 910 741 munus
932 708 1039 754 quanti
1064 708 1227 746 momenti,

483 769 511 797 et
530 774 623 807 quam
639 763 668 795 in
683 762 830 796 humanis
847 762 1053 806 praecipuum
1073 762 1121 802 sit,
1135 762 1228 795 huius

484 823 608 850 sauctae
632 816 720 851 Sedis
735 827 803 850 mos
816 822 846 849 ct
863 816 1038 849 institutum
1058 815 1227 850 declarant:
1244 840 1246 859 ξ

484 870 601 914 quippe
633 870 716 914 quod
746 869 871 903 nonnisi
897 869 972 902 viris
996 869 1078 911 side,
1105 869 1228 902 fortitu-

485 924 556 957 dine
570 930 598 957 et
623 924 785 958 nobilitate
803 924 925 957 eximiis
941 923 1017 956 illud
1031 923 1228 956 committere
1244 922 1246 941 ²

485 979 691 1012 consueverit.
706 977 903 1022 Quapropter
916 978 1047 1011 Romani
1064 977 1229 1010 Pontifices
1244 991 1247 1025 3

485 1032 746 1076 praedecessores
769 1032 880 1072 nostri,
897 1043 956 1076 pro
981 1034 1038 1065 sua
1062 1031 1227 1076 prudentia

486 1091 512 1118 et
532 1085 696 1129 sapientia,
714 1096 749 1118 ex
772 1085 878 1118 multis
902 1085 1099 1129 principibus
1121 1085 1231 1117 milita-

486 1139 574 1172 ribus
589 1139 736 1172 laudibus
753 1139 986 1183 praestantibus
999 1149 1097 1172 unum
1113 1139 1231 1180 eligere

488 1192 569 1225 soliti
596 1198 677 1232 sunt,
703 1203 797 1236 quem
824 1193 897 1225 huic
922 1197 1027 1225 tantae
1051 1192 1231 1236 provinciae

488 1246 706 1290 praeficerent,
723 1250 757 1279 ut
776 1255 840 1279 non
861 1246 962 1279 solum
984 1256 1041 1278 suo
1065 1245 1232 1289 splendore

491 1300 577 1332 illam
597 1305 774 1340 exornaret,
793 1299 856 1339 sed,
875 1310 945 1332 cum
963 1309 1043 1343 opus
1063 1299 1153 1339 foret,
1170 1299 1234 1331 suis

488 1354 632 1398 partibus
656 1353 780 1386 abunde
806 1353 1009 1393 satisfaceret,
1034 1358 1061 1386 et
1087 1353 1235 1386 exaltare-

490 1412 541 1440 tur
565 1416 720 1451 peneum
745 1407 940 1439 exercituum
966 1407 1116 1440 Dominus
1134 1406 1164 1438 in
1180 1408 1251 1450 p0-'

491 1460 586 1493 tentia
601 1459 720 1493 bracliii
732 1460 798 1492 eius
809 1470 866 1503 per
882 1470 970 1492 arma
988 1459 1124 1492 iustitiae
1141 1459 1235 1491 virtu-

490 1514 529 1547 tis
541 1514 604 1547 Dei.
617 1512 729 1548 Veros‘
745 1520 847 1547 autem
863 1514 1044 1546 huiusmodi
1054 1514 1234 1557 complures

490 1568 750 1612 praedecessores
774 1567 873 1600 nostri
906 1567 1038 1600 Romani
1069 1566 1235 1600 Pontifices

492 1621 621 1662 iamdiu,
639 1622 744 1655 divina
765 1621 945 1665 adspirante
967 1620 1078 1664 gratia,
1096 1621 1234 1654 Romana

495 1675 525 1708 in
541 1675 657 1708 familia
671 1675 832 1708 nobilitate
844 1685 879 1707 ac
892 1674 1005 1707 bellica
1018 1674 1132 1706 virtute
1148 1684 1236 1718 prae-

493 1729 588 1771 clara,
610 1729 756 1762 Farnesia
782 1728 910 1769 scilicet,
936 1739 998 1762 non
1023 1728 1120 1761 semel
1145 1739 1235 1772 repe-

492 1783 624 1823 rierunt,
641 1793 757 1827 eosque.
775 1783 804 1815 S.
822 1783 856 1816 R.
870 1783 902 1815 E.
925 1793 1088 1815 armorum
1104 1787 1238 1826 potesta-

493 1842 555 1870 tem
581 1846 736 1869 summam
754 1846 866 1879 gerere
882 1847 899 1869 e
916 1836 1078 1880 republica
1096 1835 1236 1869 eiusdem

494 1890 650 1924 Ecclesiae
675 1901 742 1923 esse
767 1893 1000 1934 compererunt.
1019 1889 1160 1929 Quorum
1185 1900 1238 1934 po-

494 1950 630 1978 stremus
654 1944 755 1977 bonae
779 1944 951 1978 memoriae
975 1943 1147 1988 Raynutius
1167 1943 1239 1976 Par-

495 2009 563 2031 mae
579 2004 608 2031 et
626 1998 800 2032 Placentiae
817 1998 876 2031 dux
899 1998 967 2039 suit,
984 2003 1115 2042 parente
1132 1997 1238 2040 genito

495 2052 595 2085 bonae
626 2052 718 2085 etiam
750 2051 923 2084 memoriae
948 2050 1124 2084 Alexandro
1149 2050 1255 2091 duce,¹

497 2104 648 2148 singulari
666 2105 780 2149 pietate
803 2109 833 2137 et
851 2104 944 2137 rebus
968 2104 1120 2137 adversus
1136 2104 1257 2137 cauto-‹

496 2159 575 2193 licae
599 2159 670 2192 fidei
696 2159 802 2192 liostcs
818 2158 901 2191 bello
922 2158 1017 2201 gestis
1034 2160 1119 2190 tanta
1137 2158 1238 2201 gloria

497 2214 594 2254 claro,
614 2219 647 2246 ut
665 2213 695 2245 in
713 2213 929 2257 expugnandis
954 2213 1174 2245 munitissimis
1191 2224 1240 2245 ur-

498 2267 589 2300 bibus
613 2273 643 2300 et
666 2266 844 2300 fortissimis
865 2266 1006 2299 hostibus
1030 2265 1239 2307 devincendis,

498 2319 710 2364 antiquitatis²
724 2319 979 2353 celebratissimis
997 2319 1241 2362 imperatoribus
1256 2337 1258 2343 ν

499 2385 561 2407 non
579 2374 739 2408 concedat.
755 2374 829 2407 liius
847 2384 922 2407 vero
939 2373 1086 2406 virtutem
1103 2374 1241 2407 aemula-

500 2434 549 2461 tus
570 2429 750 2473 Rammius,
769 2439 863 2472 quam
880 2428 991 2472 patriis
1011 2428 1155 2461 laudibus
1172 2439 1242 2471 pro—

501 2482 583 2515 xime
607 2482 780 2522 incesserit,
797 2481 946 2526 quamdiu
972 2481 1070 2525 patris
1093 2481 1242 2525 auspiciis

1073 288 1252 312 BULLARIUM
1276 287 1431 311 ROMANUM

502 2535 654 2576 militavit,
673 2536 769 2569 rebus
793 2536 916 2569 t'ortiter
940 2546 976 2568 ac
1000 2535 1157 2579 sapienter
1173 2545 1191 2568 a
1210 2546 1242 2568 sc

537 2616 549 2641 1
568 2615 712 2642 Videretur
727 2615 871 2651 legendum
887 2600 963 2643 viro}
977 2617 1014 2648 (u.
1031 2614 1079 2650 12).

537 2659 554 2685 2
574 2659 642 2686 Edit.
663 2660 744 2688 Main.
765 2660 829 2696 tegit
848 2659 1056 2694 devinciendis,
1072 2659 1244 2694 antiquitati

503 2705 540 2738 (u.
557 2703 604 2737 r).

1258 335 1353 378 gestis
1370 334 1442 368 satis
1459 333 1603 367 ostendit.
1620 333 1665 366 Eo
1681 343 1783 378 nuper
1798 343 1836 366 ex
1851 332 1998 366 humanis

1259 398 1275 420 a
1300 387 1433 420 Domino
1458 391 1597 427 evocato,
1614 386 1687 419 licet
1710 387 1908 430 superstitem
1933 386 1999 419 nul-

1260 441 1324 473 lum
1353 446 1461 473 natum
1489 439 1672 484 reliquerit,
1697 439 1751 484 qui
1778 449 1836 483 per
1866 445 1998 473 aetatem

1261 493 1384 527 muneri
1409 504 1466 537 par
1490 503 1557 526 esse
1580 493 1697 537 possit,
1724 498 1828 526 tamen
1851 491 1999 527 dilectum

1260 548 1360 580 tilium
1391 547 1529 581 nobilem
1562 547 1792 581 adolescentem
1821 546 2000 581 Odoardum

1261 601 1390 635 Parmae
1415 607 1442 635 et
1470 601 1645 635 Placentiae.
1661 601 1774 635 ducem
1794 601 1931 645 reliquit,
1948 600 2002 645 qui

1261 660 1380 690 tautum
1411 655 1501 688 anuis
1531 655 1702 699 processit,
1727 661 1761 688 ut
1791 655 1879 688 brevi
1903 654 2003 699 possit

1262 713 1408 753 paternae
1432 715 1463 742 et
1485 709 1585 742 avitae
1611 709 1745 750 virtutis,
1769 708 1893 752 pietatis
1916 718 2005 753 prae-

1261 763 1379 804 sertim,
1398 769 1425 796 et
1451 773 1527 806 erga
1551 762 1722 796 Ecclesiam
1746 762 1921 796 Romanam
1939 762 2003 795 sin-

1262 816 1381 859 gularis
1413 816 1486 850 fidei
1517 821 1548 849 et
1580 815 1756 849 devotionis
1788 824 2002 848 successorem

1263 880 1330 903 sese
1354 875 1526 914 praestare,
1543 880 1579 903 ac
1598 874 1725 903 nostrae
1745 874 1776 903 et
1794 868 1936 902 omnium
1953 879 2005 902 ex-

1263 924 1431 967 pectationi
1456 924 1614 957 cumulate
1638 923 1842 967 respondere.
1861 922 1895 956 ld
1920 921 2005 967 quod

1263 988 1325 1011 non
1350 979 1488 1022 patrium
1515 978 1616 1011 solum
1641 987 1760 1020 genus,
1788 987 1824 1010 ac
1853 975 2005 1021 praedicti

1263 1031 1399 1065 Odoardi
1431 1032 1519 1065 ducis
1548 1031 1669 1065 indoles
1699 1037 1729 1064 et
1760 1030 1923 1071 educatio,
1951 1029 2006 1063 sed

1264 1086 1358 1119 etiam
1383 1091 1525 1119 materna
1541 1086 1632 1130 origo
1657 1086 1688 1118 in
1712 1085 1847 1119 Domino
1871 1084 2008 1118 firmiter

1264 1150 1321 1173 nos
1343 1150 1471 1185 sperare
1496 1139 1640 1173 suadent:
1657 1140 1776 1184 quippe
1800 1138 1885 1183 quod
1909 1149 1946 1172 ex
1961 1138 2009 1172 At-

1265 1193 1460 1227 dobrandina
1485 1193 1602 1226 familia
1627 1193 1714 1226 omni
1732 1191 1902 1236 splendore
1917 1191 2008 1226 deco-

1266 1249 1332 1280 rata
1347 1247 1510 1291 prodierit,
1524 1247 1554 1280 in
1568 1257 1629 1291 qua
1643 1246 1672 1279 in
1687 1245 1828 1290 regenda
1838 1244 2007 1278 universali

1266 1301 1403 1334 Ecclesia
1421 1301 1609 1335 immortalis
1625 1300 1798 1334 memoriae
1822 1298 2008 1333 Pontificem

1249 1396 1251 1403 Α
1267 1354 1542 1399 praedecessorem
1563 1360 1708 1388 nostrum
1732 1354 1924 1388 Clementem
1942 1352 2008 1386 thl

1267 1420 1444 1449 censemus,
1460 1413 1586 1453 praeter
1603 1408 1787 1452 complures
1811 1411 1937 1440 sanctae
1952 1406 2011 1440 Ro-

1268 1472 1378 1495 manae
1394 1461 1552 1495 Ecclesiae
1572 1461 1805 1495 laudatissimos
1825 1459 2010 1501 cardinales,

1268 1516 1434 1559 praelatos,
1448 1519 1478 1549 et
1493 1515 1576 1548 bello
1594 1514 1700 1555 duceS,
1718 1514 1820 1558 qualis
1835 1514 1894 1547 fuit
1909 1513 2011 1547 bonae

1269 1568 1441 1602 memoriae
1462 1569 1594 1602 loannes
1607 1568 1795 1601 Franciscus
1807 1566 2012 1601 Aldobrandi—

1251 1632 1253 1652 τ
1268 1633 1327 1656 nus
1341 1622 1493 1656 Meldulae
1507 1622 1579 1662 dux,
1593 1621 1748 1666 praedicti
1767 1620 1902 1654 Odoardi
1922 1620 2012 1655 ducis

1269 1686 1355 1718 avus,
1373 1675 1437 1721 qui,
1455 1675 1550 1709 huius
1567 1680 1692 1709 sanctae
1717 1675 1805 1708 Sedis
1824 1674 1931 1719 copias
1947 1683 2011 1708 non

1270 1731 1366 1764 semel
1390 1741 1448 1774 pro
1472 1729 1545 1763 sidei
1563 1729 1736 1764 catholicae
1760 1728 1940 1762 defensione
1959 1727 2014 1761 du-

1270 1784 1380 1826 cendo,
1398 1783 1522 1817 virtutis
1539 1788 1569 1816 et
1584 1782 1770 1828 prudentiae
1790 1781 1937 1815 militaris
1952 1781 2013 1815 sin-

1271 1838 1380 1881 gulare
1397 1837 1559 1881 specimen
1573 1836 1668 1877 dedit,
1683 1835 1805 1880 sibique
1829 1840 1860 1869 et
1872 1835 2014 1879 posteri·

1271 1891 1325 1924 tati
1342 1901 1417 1925 suae
1425 1890 1571 1924 eximiam
1585 1889 1623 1922 ad
1641 1889 1826 1922 imitandum
1840 1888 2014 1922 industriae

1271 1950 1301 1978 et
1330 1945 1455 1979 roboris
1486 1945 1600 1977 famam
1631 1943 1768 1987 reliquit.
1801 1942 2014 1982 Quamobrem

1272 1999 1339 2032 eius
1354 1998 1456 2040 liberi,
1473 1998 1578 2031 divina
1596 1997 1718 2030 favente
1734 1996 1845 2039 gratia,
1862 1995 2013 2040 paternis,

1272 2053 1470 2096 aliorumque
1489 2051 1646 2085 maiorum
1662 2050 1810 2084 laudibus
1833 2049 2015 2084 domesticis

1273 2106 1390 2140 incitati
1408 2111 1500 2150 atque
1518 2105 1680 2149 exemplis,
1691 2109 1756 2137 tam
1773 2103 1860 2137 domi
1876 2103 1908 2136 in
1925 2103 2015 2137 sacra

1273 2162 1425 2204 purpura,
1442 2169 1536 2203 quam
1558 2158 1688 2191 militiae
1705 2161 1815 2192 contra
1838 2156 1945 2190 hostes
1964 2165 2015 2190 re-

1273 2213 1399 2256 ligionis
1412 2212 1584 2246 catholicae
1601 2211 1762 2245 militantis
1771 2209 1792 2251 ¹,
1804 2209 1939 2243 familiae
1952 2209 2016 2253 glo-

1274 2267 1351 2299 riam
1384 2276 1447 2299 non
1476 2266 1579 2299 solum
1604 2274 1813 2305 conservare,
1837 2263 1892 2297 sed
1921 2263 2015 2296 etiam

1273 2320 1467 2364 amplificare
1484 2319 1616 2352 feliciter
1629 2318 1822 2352 adnituntur.

1319 2374 1334 2417 g
1357 2373 1386 2406 l.
1411 2373 1552 2413 Quibus,
1577 2372 1710 2416 aliisque
1734 2371 1824 2404 iustis
1851 2370 1889 2403 de
1913 2369 2016 2403 causis

2011 284 2061 312 An.
2076 283 2107 311 C.
2128 282 2196 313 lm

2103 2374 2216 2403 Gregorius

2031 2403 2153 2426 odom-dum
2164 2400 2215 2423 Far-

1275 2428 1412 2460 animum
1430 2431 1573 2460 nostrum
1592 2424 1801 2465 moventibus,
1818 2423 1924 2456 habita
1942 2432 2014 2456 cum
2031 2432 2111 2453 nestum
2139 2429 2162 2451 s.
2188 2426 2213 2449 n.

2031 2459 2055 2480 E.

2094 2456 2215 2479 confalone-

1275 2480 1508 2514 vcnerabilibus
1525 2479 1674 2513 fratribus
1686 2477 1802 2511 nostris
1810 2477 1839 2511 S.
1855 2477 1889 2510 R.
1906 2476 1938 2509 E.
1953 2486 2017 2510 car·
2031 2486 2085 2507 rium
2099 2484 2166 2506 oront.

1275 2534 1431 2567 dinalibus
1454 2533 1485 2565 in
1501 2532 1688 2566 consistorio
1704 2535 1812 2564 nostro
1829 2534 1951 2563 secreto
1966 2529 2018 2563 de-

1275 2587 1461 2620 liberatione
1485 2587 1620 2625 matura,
1640 2584 1678 2617 de
1694 2583 1822 2616 illorum
1842 2582 1974 2616 consilio
1987 2587 2018 2616 et

1276 2639 1416 2674 unanimi
1432 2649 1571 2679 assensu,
1587 2642 1675 2671 motu
1687 2636 1819 2681 proprio
1833 2641 1862 2669 et
1879 2646 1916 2669 ex
1932 2637 2018 2670 certa

1313 2704 1324 2729 1
1342 2701 1484 2729 Videretur
1497 2699 1641 2736 legendum
1657 2699 1815 2727 militantes
1829 2699 1870 2734 (R.
1883 2698 1932 2734 Τ.).
