2293 3231
4 292 6 302 2
44 275 96 304 An.
110 275 141 304 C.
159 275 227 303 ¹623

833 275 1009 300 GREGORIUS
1033 275 1076 300 XV
1100 275 1149 299 PP.

242 323 429 364 officiorum,
445 328 475 356 et
501 323 636 367 denique
652 323 690 356 ab
707 323 853 357 omnibus
870 330 900 356 et
916 325 981 368 qui-

242 376 437 420 buscumque
461 377 530 409 aliis
561 387 670 410 corum
704 377 849 420 peccatis,
875 377 978 410 crimi—

242 428 344 469 nibus,
357 429 536 462 excessibus
557 434 587 461 ct
600 429 730 470 delictis,
744 434 981 472 quantumcum-

243 492 303 524 que
322 482 471 524 gravibus
487 487 517 514 et
533 482 726 522 enormibus,
744 483 837 515 etiam
854 482 980 522 talibus,

243 540 372 577 propter
389 545 469 579 quae
485 534 579 567 Sedes
600 534 758 578 praedicta
779 535 891 568 merito
911 545 982 568 con-

243 587 373 619 sulenda
390 587 478 627 soret,
492 587 635 620 videlicet
652 587 805 620 contentis
822 588 852 620 in
870 587 981 621 litteris

244 639 293 672 die
317 640 436 673 Coenae
467 640 588 673 Domini
621 641 774 684 publicari
806 641 981 681 consuetis,

243 693 340 725 semel
355 697 473 727 tantum
491 694 523 726 in
540 693 602 726 vita
624 699 653 726 et
666 694 697 726 in
714 694 825 727 mortis
839 693 981 733 articulo,

244 745 276 778 in
293 747 421 789 reliquis
437 757 512 780 vero
528 747 629 779 dictae
651 746 721 779 Sedi
738 747 983 790 quomodocum—

244 810 304 844 que
328 800 504 839 reservatis,
525 800 654 843 aliisque
671 800 832 844 quibusvis
849 800 981 840 casibuS,

245 854 341 886 semel
362 853 393 886 in
413 864 504 894 anno,
522 854 771 887 confessionibus
796 854 921 886 illorum
939 853 982 886 di-

244 907 377 949 ligenter
400 907 524 947 auditis,
543 907 608 940 sine
628 913 732 940 tamen
749 907 880 940 alicuius
897 917 983 950 prae-

244 959 379 1000 iudicio,
404 960 563 1003 praedicta
594 960 779 993 auctoritate
812 959 981 1002 apostolica

244 1012 427 1053 absolvere,
447 1023 482 1045 ac
506 1013 567 1045 illis
591 1023 649 1056 pro
677 1012 852 1046 commissis
877 1012 983 1055 poeni-

244 1065 372 1098 tentiam
391 1066 554 1108 iniungere
573 1066 757 1105 salutarem,
775 1075 896 1098 necnon
912 1070 982 1098 vota

245 1129 462 1163 quaecumque
486 1119 716 1161 (ultramarino,
742 1118 927 1151 visitationis
951 1118 984 1150 li—

244 1171 355 1204 mitum
387 1171 552 1204 beatorum
588 1172 802 1215 apostolorum
839 1171 921 1204 Petri
953 1176 983 1203 et

244 1223 349 1264 Pauli,
375 1224 525 1256 castitatis
549 1229 579 1256 et
602 1224 764 1266 religionis
788 1224 867 1257 votis
891 1223 982 1256 dum-

245 1281 328 1309 taxat
351 1277 500 1321 exceptis)
518 1277 549 1309 in
566 1277 626 1309 alia
646 1277 771 1321 pietatis
786 1287 884 1320 opera
901 1287 984 1310 com-

245 1335 377 1363 mutare.
403 1331 447 1363 Ac
467 1330 560 1363 etiam
585 1330 714 1370 eisdem,
731 1340 905 1373 eorumque
923 1330 984 1362 sin-

245 1382 356 1425 gulis‚¹
374 1383 565 1427 quicumque
582 1384 726 1416 locorum
743 1383 899 1417 Ordinarii
910 1410 917 1423 ,
934 1383 982 1416 vel

245 1436 386 1469 canonici
417 1436 735 1480 metropolitanarum
766 1447 821 1469 seu
849 1436 983 1469 aliarum

246 1489 473 1522 cathedralium
497 1489 722 1529 ecclesiarum,
747 1495 800 1522 aut
830 1499 984 1533 personae

246 1542 278 1575 in
301 1543 452 1586 dignitate
472 1543 681 1575 ecelesiastica
706 1543 901 1583 constitutae,
922 1547 984 1575 tam

246 1595 279 1628 in
302 1595 383 1628 dicta
407 1595 494 1629 curia
511 1607 605 1639 quam
630 1601 717 1629 extra
738 1606 817 1636 eam,
835 1595 928 1629 etiam
945 1595 983 1628 ad

247 1648 279 1681 id
308 1659 366 1693 per
395 1660 449 1683 eos
479 1655 532 1682 aut
564 1660 674 1683 eorum
708 1650 847 1692 singulos
877 1659 983 1682 coram

247 1704 371 1736 notario
403 1709 434 1736 et
462 1704 593 1737 testibus
625 1704 686 1736 fide
716 1703 819 1746 dignis
850 1703 985 1746 eligendi

248 1766 303 1789 seu
327 1756 498 1799 eligendae,
515 1767 729 1800 quascumque
752 1756 918 1800 pensiones
934 1766 987 1788 an-

247 1820 347 1850 nuas,
372 1809 416 1842 eis
440 1814 470 1842 et
494 1820 604 1843 eorum
629 1809 760 1852 singulis
785 1819 878 1852 super
903 1818 987 1841 men-

248 1872 354 1895 sarum
378 1863 582 1895 abbatialium
607 1873 662 1895 seu
686 1862 913 1906 episcopalium
934 1867 987 1894 aut

249 1916 574 1960 archiepiscopalium,
587 1921 617 1948 et
630 1926 902 1959 quorumcumque
915 1916 987 1948 alio-

249 1979 321 2002 rum
344 1969 571 2002 beneficiorum
595 1969 890 2009 ecclesiasticorum,
915 1979 986 2002 cum

251 2024 327 2055 cura
347 2027 377 2054 et
396 2022 461 2055 sinc
478 2024 565 2063 cura,
583 2023 770 2056 secularium
786 2033 822 2055 ac
838 2033 988 2066 quorum-

251 2074 297 2107 vis
320 2074 471 2108 Ordinum
488 2076 691 2118 regularium,
709 2076 801 2108 etiam
820 2076 849 2109 S.
864 2075 988 2109 loannis

251 2128 536 2172 Hierosolymstani,
560 2129 854 2172 quomodocumque
871 2133 901 2161 et
917 2139 989 2172 qua-

252 2180 459 2224 litercumque
471 2181 725 2224 qualificatorum
742 2181 904 2220 fructibus,
918 2191 989 2224 pro-

252 2233 405 2273 ventibus,
430 2234 563 2275 iuribus,
580 2234 821 2267 obventionibus
838 2239 868 2266 et
887 2233 990 2265 distri-

252 2286 443 2327 butionibus,
460 2287 553 2320 etiam
572 2287 771 2330 quotidianis,
791 2297 845 2318 seu
862 2286 987 2318 illarum

253 2339 323 2372 loco
348 2340 484 2380 fructus,
509 2339 668 2380 redditus,
693 2344 883 2383 proventus,
908 2338 988 2379 iura,

253 2392 466 2432 obventiones,
480 2391 716 2426 distributiones
732 2396 762 2425 et
778 2392 988 2424 emolumenta

254 2445 313 2478 sibi
336 2450 411 2478 tunc
434 2450 465 2478 et
487 2455 545 2489 pro
570 2450 710 2488 tempore
726 2444 882 2487 assignata
898 2449 928 2476 et
944 2455 990 2477 re-

254 2503 385 2539 servata,
404 2498 675 2542 quandocumque,
693 2497 785 2530 simul
803 2498 850 2530 vel
870 2508 990 2531 succes-

255 2551 329 2593 sive,
345 2553 378 2584 in
401 2556 467 2585 toto
491 2552 539 2584 vel
564 2551 596 2584 in
619 2556 717 2595 parte,
733 2561 834 2594 usque
850 2551 889 2583 ad
909 2561 989 2583 sum-

254 2614 338 2638 mam
360 2608 574 2639 trecentorum
593 2604 778 2637 ducatorum
799 2603 867 2636 auri
883 2603 921 2636 de
938 2614 988 2636 ca-

290 2668 303 2694 1
318 2667 463 2696 Videretur
477 2667 628 2704 supplenda
641 2666 735 2703 partic.
753 2669 785 2696 ut
801 2667 840 2702 (a.
855 2666 904 2701 ⁷r.).

1658 263 1722 295 805

1014 326 1101 357 mera
1116 350 1123 363 ,
1147 323 1185 356 de
1209 322 1392 355 eorumdem
1423 321 1677 365 cappellanorum
1705 322 1750 353 vel

1014 376 1179 409 cuiuslibet
1203 376 1344 419 ipsorum
1369 385 1534 413 consensu,
1560 375 1590 406 in
1614 379 1679 407 toto
1704 373 1751 406 vel

1015 430 1045 462 in
1063 435 1161 473 parte,
1179 429 1273 461 etiam
1291 429 1321 460 in
1340 428 1449 462 mortis
1466 428 1609 467 articulo,
1629 437 1751 460 cassare

1015 488 1045 516 et
1069 483 1270 526 extinguere,
1301 486 1330 516 et
1362 487 1526 526 postquam
1561 486 1698 513 cassatae
1722 486 1752 513 et

1015 536 1167 569 extinctae
1191 535 1322 575 suerint,
1346 535 1421 567 alias
1446 534 1562 567 similes
1586 534 1752 577 pensiones

1015 599 1132 621 annuas
1158 598 1254 632 super
1278 587 1449 627 fructibus,
1475 587 1658 626 redditibus,
1684 597 1753 630 pro-

1015 641 1167 681 ventibus,
1185 640 1316 679 iuribus,
1339 640 1589 680 obventionibus,
1609 640 1753 672 distribu-

1017 694 1162 734 tionibus,
1197 704 1252 726 seu
1277 693 1402 726 illorum
1427 693 1496 725 loco
1521 693 1655 732 sructuS,
1681 692 1752 725 red-

1016 747 1108 787 ditus,
1132 752 1311 790 proventus,
1337 747 1415 786 iura,
1440 746 1644 779 obventiones
1666 751 1696 778 et
1720 756 1752 778 e-

1017 801 1208 833 molumenta
1239 800 1440 840 huiusmodi,
1469 799 1561 832 etiam
1593 810 1692 842 usque
1714 800 1752 831 ad

1017 863 1171 885 summam
1201 852 1415 896 praedictam,
1440 853 1493 885 uni
1527 853 1574 885 vel
1608 852 1752 895 pluribus

1016 905 1084 938 aliis
1108 905 1252 949 personis
1276 906 1369 938 etiam
1400 916 1457 948 per
1481 905 1606 938 eosdem
1632 906 1752 948 cappel-

1016 958 1104 991 lanos
1117 963 1147 991 et
1160 969 1270 991 eorum
1285 959 1425 1000 singulos
1437 958 1646 998 nominandis,
1660 958 1752 991 etiam

1016 1022 1244 1056 quaecumque,
1269 1017 1481 1055 quotcumque
1507 1018 1537 1043 et
1560 1012 1752 1055 qualiacum-

1017 1075 1078 1108 que
1110 1065 1263 1097 beneficia
1293 1065 1503 1097 ecclesiastica
1531 1064 1753 1101 obtinentibus,

1016 1118 1263 1161 expectantibus,
1280 1129 1336 1151 seu
1355 1118 1490 1151 clericali
1511 1119 1691 1151 charactere
1712 1119 1754 1151 in—

1017 1170 1127 1212 signiri
1160 1172 1354 1211 volentibus,
1392 1172 1536 1204 similiter
1570 1172 1614 1204 eis
1650 1172 1752 1215 quoad

1017 1223 1167 1263 vixerint,
1192 1224 1240 1256 vel
1264 1234 1374 1256 eorum
1398 1225 1656 1267 procuratoribus
1680 1225 1754 1267 legi-

1017 1275 1112 1315 timis,
1137 1275 1254 1308 eisdem
1280 1276 1373 1309 modo
1393 1282 1423 1309 et
1443 1277 1544 1310 forma
1565 1278 1678 1320 quibus
1697 1277 1755 1310 eis-

1017 1328 1087 1361 dem
1106 1330 1296 1373 cappellanis
1317 1330 1490 1373 assignatae
1511 1336 1563 1363 aut
1578 1337 1753 1363 reservatae

1017 1392 1072 1415 seu
1095 1382 1253 1425 assignati,
1272 1393 1438 1416 concessae
1458 1394 1513 1416 seu
1533 1384 1674 1416 concessi
1694 1384 1754 1417 sue—

1018 1435 1089 1476 rint,
1115 1435 1208 1468 etiam
1233 1436 1351 1478 absque
1368 1446 1521 1469 consensu
1541 1437 1665 1469 easdem
1683 1448 1755 1480 pen-

1018 1487 1121 1521 siones
1141 1489 1262 1521 solvere
1275 1489 1572 1530 debentium,etiain
1590 1490 1615 1522 si
1633 1490 1754 1522 iisdem*

1018 1541 1191 1584 cappellani
1223 1542 1275 1574 illa
1302 1543 1377 1575 alias
1401 1543 1517 1576 cassari
1546 1549 1576 1576 et
1599 1544 1754 1576 reservari

1018 1595 1055 1628 de
1080 1605 1161 1628 novo
1185 1596 1318 1628 faciendi
1341 1597 1518 1629 facultatem
1548 1607 1610 1629 non
1642 1597 1756 1630 habue-

1019 1647 1101 1688 rint,
1126 1659 1161 1681 ac
1185 1648 1350 1692 pensiones
1381 1654 1411 1681 et.
1443 1650 1581 1689 fructus,
1606 1649 1755 1687 redditus,

1019 1707 1200 1744 proventus,
1226 1702 1304 1742 iura,
1329 1702 1531 1735 obventiones
1552 1713 1588 1735 ac
1612 1702 1756 1735 distribu-

1020 1753 1118 1787 tiones
1135 1759 1164 1788 et
1188 1756 1400 1788 emolumenta
1422 1755 1613 1796 huiusmodi,
1633 1756 1755 1788 etiamsi

1020 1807 1138 1850 pluries
1170 1813 1307 1840 cassatae
1339 1813 1369 1841 et
1399 1808 1437 1841 de
1468 1819 1549 1842 novo
1583 1808 1755 1851 assignatae

1019 1860 1146 1901 suerint,
1163 1872 1262 1905 usque
1279 1861 1317 1894 ad
1334 1872 1489 1894 summam
1506 1868 1533 1895 et
1552 1862 1755 1906 quantitatem

1020 1914 1203 1957 praefatam,
1221 1920 1251 1947 et
1270 1914 1380 1947 litteris
1403 1915 1582 1959 apostolicis
1599 1926 1695 1958 super
1711 1926 1756 1948 rc<

1020 1967 1249 2000 servationibus
1260 1972 1290 2000 et
1302 1967 1565 2010 assignationibus
1576 1967 1756 2000 huiusmodi

1020 2030 1082 2053 non
1107 2021 1274 2062 consectis,
1299 2032 1335 2054 ac
1359 2022 1434 2054 alias
1458 2033 1528 2055 cum
1554 2022 1700 2055 omnibus
1728 2027 1755 2053 ct

1020 2073 1271 2117 quibuscumque
1294 2075 1559 2118 exemptionibus,
1575 2074 1757 2118 privilegiis.

1021 2126 1165 2167 decretis,
1191 2128 1349 2168 clausulis,
1375 2128 1589 2167 cautionibus,
1614 2128 1757 2163 vinculis,

1021 2179 1266 2222 obligationibus
1282 2185 1312 2213 et
1331 2181 1471 2221 cautelis,
1491 2191 1526 2213 ac
1543 2181 1635 2213 etiam
1653 2191 1760 2213 censu-

1022 2233 1064 2265 ris
1089 2238 1119 2265 et
1142 2233 1252 2276 poenis
1269 2234 1301 2266 in
1317 2234 1476 2277 prioribus
1494 2233 1758 2266 reservationibus

1022 2286 1201 2320 huiusmodi
1226 2287 1382 2320 concessis
1402 2291 1431 2321 et
1451 2287 1620 2328 conventis,
1638 2287 1758 2328 integre

1021 2339 1230 2382 persolvenda
1252 2350 1425 2379 reservare,
1450 2341 1639 2372 constituere
1663 2344 1693 2371 et
1713 2349 1760 2372 as-

1022 2391 1162 2433 signare3
1186 2402 1310 2425 necnon
1341 2398 1375 2424 ut
1405 2392 1500 2424 iidem
1531 2391 1706 2435 cappellani
1730 2397 1757 2424 ct

1023 2454 1132 2476 eorum
1165 2444 1295 2487 quilibet
1325 2445 1363 2477 de
1392 2445 1538 2478 omnibus
1570 2450 1600 2477 et
1629 2444 1759 2487 singulis

1022 2496 1177 2537 domibus,
1201 2497 1356 2540 praediis,
1382 2497 1642 2541 possessionibus,
1668 2497 1760 2530 terris

1023 2555 1052 2582 et
1065 2549 1142 2582 locis
1154 2550 1246 2583 etiam
1264 2550 1571 2590 iurisdictionalibus,
1585 2550 1759 2593 ceterisque

1023 2602 1114 2636 bonis
1137 2603 1351 2639 immobilibus
1371 2609 1400 2636 et
1416 2603 1585 2636 mobilibus
1609 2604 1703 2647 (quae
1720 2608 1761 2636 ta-

1059 2666 1067 2692 t
1086 2665 1228 2694 Videretur
1243 2665 1384 2701 legendum
1401 2666 1488 2693 iidem
1503 2667 1540 2702 (n.
1557 2666 1606 2701 τ.).

1768 272 1857 299 Αη.(3.
1881 271 1948 298 1623
