2293 3231
75 301 124 329 An.
147 300 175 327 C.
195 299 261 326 1613

914 298 1031 322 PAtttt's
1058 298 1076 321 Υ
1101 299 1147 321 Pr.

277 345 321 379 ri*
353 347 469 387 iussas,
499 356 557 390 pro
589 347 693 379 sancta
727 345 804 378 Sede
837 346 1012 389 Al‘tostoliea

276 410 381 442 agens,
400 409 519 432 necnon
546 399 776 432 illustrissimus
804 400 950 431 doruinus
969 400 1015 431 ‚tl-

278 452 384 485 bertus
411 452 612 494 Bolognettus
638 453 789 484 vexillifer
807 452 940 484 iustitiae
964 464 1015 495 po-

275 505 339 548 puli
360 510 390 537 et
407 506 582 537 communis
610 506 806 543 ltononienis,
823 510 850 537 ct
874 505 1015 548 perillus-

277 563 339 590 tres
373 558 430 590 BD.
459 558 580 591 Marcus
612 559 763 591 Antonius
797 558 1013 596 Blancliettus,

278 611 446 644 Federieus
463 612 638 649 (luidottus,
657 612 842 644 Franciseus
867 612 1014 654 Cospius,

276 664 420 697 AEmilius
452 665 661 707 Bologninus,
686 665 863 707 Gualengus
893 664 1015 696 Ghisle-

277 717 366 757 rius,
404 724 433 750 et
468 718 599 750 loannes
632 718 766 761 Baptista
803 717 1015 760 Sampierius,

277 781 386 804 omnes
410 771 553 811 nobiles,
578 771 695 815 patritii
719 776 748 803 et
772 776 932 803 senatores
958 770 1015 802 Bo-

276 825 454 865 nonienses,
469 835 521 857 sex
546 836 581 858 ex
599 825 707 858 decem
725 825 904 867 assumptis,
925 829 955 856 et
972 824 1016 856 sie

278 879 379 911 maior
403 889 474 922 pars
500 879 557 911 DD.
583 883 817 921 assumptorum
837 878 866 910 in
885 878 1014 910 materia

278 931 459 964 huiusmodi
484 942 636 975 aquarum
655 936 682 964 et
710 931 830 967 finium,
856 942 927 963 cum
946 941 1018 964 con-

278 995 371 1018 sensu
382 985 457 1018 dicti
469 983 530 1017 illmi
540 985 658 1017 domini
675 985 767 1027 legati
781 985 957 1028 specialiter
968 985 1018 1017 de-

278 1042 460 1080 putatorum
474 1037 512 1070 ab
526 1037 594 1069 ill¹¹¹⁰
609 1037 762 1079 regimine
779 1038 967 1070 Bononiensi
981 1049 1017 1071 ex

276 1091 549 1123 senatusconsulto
562 1091 720 1134 praesenti
733 1091 783 1123 die
802 1102 912 1123 eorum
923 1092 1018 1134 depu-

279 1143 403 1176 tationis
413 1143 451 1176 ad
460 1144 659 1187 infrascripta
670 1144 796 1187 speciali
807 1149 834 1177 et
847 1144 1017 1183 individuo,

279 1202 390 1240 rogato
407 1208 463 1240 per
481 1197 513 1229 D.
532 1197 730 1230 Dominicum
748 1198 956 1230 Castellt‘mum
973 1198 1017 1230 uti

278 1250 543 1294 prosecretarinm
569 1250 773 1283 illustrissimi
789 1251 951 1293 regiminis
969 1262 1019 1283 an-

278 1303 421 1336 tedietiet
442 1314 538 1335 unum
557 1313 593 1335 ex
619 1303 749 1335 notariis
775 1303 1018 1343 Bononicnibus,

278 1356 368 1389 nobis
393 1356 522 1389 notariis
544 1356 752 1400 infrascriptis
769 1367 826 1399 per
843 1357 942 1389 dictos
959 1357 1017 1389 Dii».

281 1410 497 1449 vexilliferum,
513 1414 542 1444 et
566 1415 743 1452 assumptos
758 1410 795 1442 ad
809 1411 1018 1453 praesentiam

281 1463 554 1506 inf1·ascri13›torum
589 1464 715 1496 testium
750 1463 779 1495 in
820 1464 1019 1507 infrascripto

279 1516 349 1549 loeo
382 1521 579 1560 praesentato
611 1516 640 1548 in
675 1518 773 1549 forma
805 1517 966 1560 probanti,
991 1523 1019 1549 et

280 1570 369 1602 ouius
393 1574 482 1602 tenor
514 1569 631 1612 pariter
664 1570 742 1602 infra
772 1575 838 1613 post
866 1571 1021 1602 clausulas

280 1622 442 1665 generales
461 1623 633 1666 praesentis
655 1623 852 1656 instrumenti
876 1623 1022 1665 registra-

281 1675 376 1715 bitur,
400 1680 528 1717 agentes
555 1675 620 1707 viee
651 1681 678 1707 ct
706 1676 832 1708 nomine
858 1676 966 1719 populi
993 1683 1018 1709 et

281 1728 459 1761 eommunis
473 1728 688 1769 Bononiensis,
706 1734 733 1760 et
749 1730 1022 1765 communitatum,

281 1782 532 1822 universitatum,
548 1792 583 1814 ar
601 1782 796 1823 singularum
815 1793 1021 1825 personarum

282 1834 517 1878 quomodolibet
540 1845 574 1867 ex
597 1840 684 1878 parte
716 1836 901 1868 Bononiensi
928 1837 958 1869 in
983 1837 1025 1869 in-

283 1887 455 1931 frascriptis
481 1887 630 1920 interesse
656 1888 850 1929 habentium,
868 1890 953 1922 salvo
970 1890 1024 1922 be-

282 1941 437 1985 neplacito
452 1941 639 1974 sanctissimi
654 1941 772 1975 domini
793 1943 893 1975 nostri
914 1943 1024 1986 Papae,

283 1999 314 2027 et
330 1995 520 2028 serenissimi
546 1995 665 2028 domini
682 1995 780 2035 ducis,
799 1996 837 2029 de
853 2007 915 2039 quo
934 1997 964 2028 in
984 1998 1026 2029 in-

285 2048 458 2091 frascriptis
474 2048 629 2092 capitulis,
647 2049 817 2082 obtinendo
842 2050 922 2082 infra
947 2050 1026 2084 duos

286 2111 419 2141 menses,
444 2101 482 2134 de
507 2102 621 2144 quibus
653 2103 683 2134 in
709 2102 769 2134 illis
794 2103 892 2146 (quod
917 2104 1027 2136 intelli-

285 2158 378 2197 gatur
416 2159 445 2187 et
480 2154 519 2186 sit
549 2155 707 2187 dumtaxat
739 2161 883 2198 respectu
915 2156 1024 2189 finium

286 2207 464 2241 communis
489 2207 610 2240 ltoffcni
642 2212 671 2239 et
704 2208 972 2249 Montisturturis,
998 2215 1027 2241 et

285 2271 349 2293 non
374 2260 488 2303 aliter),
506 2271 543 2292 ex
567 2262 647 2299 una;
665 2264 693 2294 et
714 2260 814 2293 dietus
839 2262 1027 2304 perillustris

287 2318 317 2346 et
330 2313 609 2346 excellentissimus
622 2313 769 2345 dominus
782 2313 922 2346 Andreas
933 2324 1029 2356 quon-

287 2366 359 2399 dam
387 2367 421 2399 D.
453 2366 599 2400 Gulielmi
629 2366 666 2398 de
697 2366 886 2407 Codebovis,
915 2367 1029 2399 nobilis

288 2419 480 2460 Mutinensis,
498 2424 528 2452 et
545 2430 561 2451 a
585 2419 713 2451 seeretis
738 2419 811 2451 dieti
837 2420 1030 2452 serenissimi
1052 2431 1055 2434 ⁴

288 2472 407 2505 domini
433 2472 521 2505 ducis
546 2483 579 2505 ac
605 2478 794 2515 procurator
818 2472 961 2515 specialis
993 2473 1031 2505 ab

290 2525 399 2558 eadem
423 2526 607 2559 celsitudine
633 2526 663 2558 in
681 2526 840 2559 individuo
865 2526 1031 2569 deputatus

291 2588 327 2611 ex
344 2578 552 2612 instrumento
565 2578 664 2611 dictae
681 2589 834 2622 procerae
853 2584 963 2620 rogato
977 2590 1032 2622 per

292 2631 456 2664 dominum
473 2631 675 2664 Franciseum
693 2632 821 2664 Mariam
836 2632 1031 2665 Panizzatum

1048 347 1203 378 notarium
1216 345 1419 378 Mutinensem
1432 345 1489 378 suh
1508 345 1557 377 die
1575 354 1653 378 xxm
1671 346 1789 378 mensis

1047 403 1075 432 et
1100 400 1172 431 anni
1199 398 1422 442 praesentium,
1444 399 1533 431 cuius
1558 404 1648 431 tenor
1672 398 1790 442 pariter

1049 453 1126 485 infra
1153 453 1383 493 registrabitur,
1401 463 1471 485 cum
1498 452 1610 485 litteris
1636 458 1665 484 et
1686 452 1790 495 sigillo

1049 505 1213 545 legalitatis
1239 505 1372 538 civitatis
1397 505 1530 537 Mutinae
1549 505 1579 537 in
1604 505 1688 538 calce
1706 505 1791 537 illius

1048 558 1308 600 appositis,uobis
1324 558 1456 590 notariis
1473 558 1683 602 infrascriptis
1700 568 1791 601 prae-

1049 615 1169 643 sentato
1194 622 1251 653 per
1280 622 1351 643 eum
1384 611 1421 643 ad
1447 611 1658 654 praesentiam
1684 611 1793 644 infras-

1049 664 1225 707 criptorum
1262 665 1389 698 testium
1423 665 1453 696 in
1490 665 1559 698 loco
1589 665 1792 708 infrascripto

1050 716 1080 748 in
1104 717 1205 749 forma
1223 717 1379 760 probanti,
1397 727 1433 749 ex
1459 717 1535 757 alia;
1553 717 1590 749 ad
1616 717 1794 761 infrascrip-

1050 775 1113 801 tam
1138 770 1219 802 inter
1243 781 1296 802 eos
1321 770 1515 803 devenerunt
1539 771 1793 811 transactionem,

1050 823 1334 866 compositionem,
1360 828 1389 855 et
1413 822 1615 855 concordiam
1646 823 1740 857 modo
1764 829 1793 855 et

1051 876 1150 908 forma
1176 876 1404 920 infrascriptis:

1095 930 1172 961 Nam
1196 940 1257 962 una
1281 940 1353 972 pars
1378 929 1415 961 ad
1441 929 1619 962 instantiam
1648 930 1794 970 alterius,

1051 987 1081 1014 et
1105 993 1120 1013 e
1146 987 1274 1022 contra,
1299 987 1427 1025 agentes
1461 982 1659 1021 nominibus,
1681 983 1796 1026 quibus

1051 1047 1156 1079 supra,
1183 1036 1366 1079 respective,
1383 1041 1505 1068 utentes
1524 1036 1721 1068 facultatibus
1738 1036 1795 1068 sibi

1051 1090 1220 1125 attributis,
1231 1095 1258 1121 et
1271 1089 1445 1133 praemissa
1455 1089 1691 1133 protestatione,
1702 1099 1797 1132 quam

1053 1143 1082 1174 in
1108 1142 1245 1185 qualibet
1272 1148 1360 1185 parte
1385 1142 1559 1185 praesentis
1584 1142 1797 1181 instrumenti,

1052 1196 1104 1228 ubi
1123 1196 1278 1239 expediat,
1294 1197 1460 1228 volucrunt
1479 1206 1547 1228 esse
1566 1200 1595 1227 et
1611 1195 1734 1228 censeri
1751 1206 1799 1228 re-

1052 1250 1199 1293 petitam,
1218 1250 1300 1292 quod
1324 1260 1385 1282 non
1411 1249 1611 1281 intendebant
1637 1259 1739 1292 neque
1766 1259 1798 1281 se

1053 1304 1147 1346 ipsos,
1172 1314 1229 1335 nee
1255 1314 1366 1336 eorum
1392 1303 1474 1335 bona
1499 1303 1629 1346 propria
1647 1303 1799 1346 obligare,

1053 1356 1106 1387 sed
1131 1356 1294 1388 dumtaxat
1318 1366 1354 1387 ex
1380 1361 1468 1399 parte
1498 1356 1633 1388 Mutinae
1665 1356 1800 1388 serenis-

1053 1409 1124 1440 simi
1150 1409 1268 1441 domini
1294 1408 1382 1440 ducis
1408 1408 1559 1451 praedicti
1584 1414 1613 1441 ct
1642 1408 1726 1441 illius
1749 1419 1800 1441 ca-

1054 1473 1159 1494 merae
1184 1463 1304 1495 ducalis
1329 1462 1421 1501 bona,
1447 1468 1477 1495 et
1502 1467 1647 1505 respectu
1667 1462 1802 1494 civitatis

1055 1516 1260 1548 Bononiensis
1285 1516 1366 1548 bona
1391 1516 1570 1548 eommunis
1600 1521 1627 1547 et
1657 1525 1801 1547 camerae

1055 1569 1261 1601 Bononiensis
1285 1575 1421 1609 tantum,
1447 1574 1475 1601 et
1501 1579 1563 1602 non
1590 1569 1675 1608 alias,
1701 1569 1801 1605 aliter,

1055 1633 1112 1654 nee
1137 1623 1198 1654 alio
1225 1622 1329 1659 modo,
1355 1627 1476 1665 sponte,
1494 1628 1563 1662 cte,
1580 1632 1641 1654 una
1666 1632 1739 1665 pars
1764 1620 1803 1653 ad

1057 1676 1236 1708 instantiam
1258 1675 1404 1715 alterius,
1421 1680 1451 1707 et
1468 1686 1484 1708 c
1502 1680 1626 1716 eontra,
1644 1675 1802 1714 dixerunt,

1056 1734 1270 1767 asseruerunt,
1283 1733 1310 1760 et
1326 1729 1465 1760 tmanimi
1479 1738 1634 1761 consensu
1652 1728 1733 1760 inter
1750 1738 1804 1760 eos

1058 1782 1283 1814 interveniente
1309 1782 1443 1814 confessi
1468 1782 1604 1821 fuerunt,
1626 1787 1653 1813 et
1679 1781 1804 1824 publice

1058 1840 1329 1877 recognoverunt,
1359 1834 1539 1867 huiusmodi
1572 1834 1805 1867 controversias

1060 1889 1140 1921 inter
1166 1899 1220 1921 eos
1246 1899 1352 1921 versas
1381 1889 1476 1921 fuisse
1509 1893 1539 1920 et
1573 1888 1669 1927 verti,
1695 1893 1724 1920 et
1748 1898 1806 1931 pro

1059 1942 1186 1974 illarum
1212 1942 1435 1974 terminatione
1459 1942 1651 1974 unanimiter
1676 1947 1705 1973 et
1734 1951 1808 1974 con-

1059 1996 1198 2029 corditer
1218 1996 1396 2035 firmarunt,
1413 1996 1646 2035 concluserunt,
1665 2000 1693 2027 et
1711 1994 1807 2027 stabi-

1060 2049 1207 2085 liverunt,
1232 2049 1331 2081 immo
1356 2048 1471 2088 verius,
1497 2052 1643 2091 respectu
1667 2058 1808 2081 eommu—

1059 2103 1107 2134 nis
1141 2102 1262 2135 Bolfeni
1293 2107 1323 2134 et
1362 2101 1632 2141 Montisturturis,
1663 2101 1807 2138 firmata,

1061 2155 1212 2194 stabilita,
1237 2160 1267 2187 et
1291 2155 1439 2188 conclusa
1464 2155 1529 2187 fore
1555 2159 1585 2187 et
1609 2164 1677 2186 esse
1702 2154 1808 2187 volue-

1061 2214 1134 2241 runt
1165 2208 1364 2251 infrascripta
1396 2208 1532 2251 capitula
1564 2207 1637 2240 hinc
1673 2212 1702 2239 et
1737 2207 1808 2238 inde

1060 2261 1099 2293 ab
1124 2263 1258 2304 utraque
1283 2266 1372 2304 parte
1401 2265 1561 2304 acceptata
1584 2265 1614 2292 et
1638 2259 1810 2302 approbata

1062 2325 1096 2346 ae
1123 2314 1318 2357 subscripta·=
1337 2319 1364 2346 et
1391 2313 1533 2346 videlieet
1554 2313 1689 2356 capitula
1705 2311 1809 2355 quoad

1063 2368 1275 2400 differentiam
1301 2367 1479 2400 eommunis
1502 2366 1623 2399 nossent
1640 2371 1669 2398 et
1687 2365 1811 2398 Montis—

1065 2421 1197 2453 turturis
1231 2421 1288 2453 sub
1324 2420 1374 2452 die
1398 2430 1453 2452 xri
1488 2419 1661 2463 praesentis
1693 2419 1811 2451 mensis

1066 2478 1096 2505 et
1113 2473 1186 2505 anni
1203 2474 1378 2516 subscripta
1395 2483 1452 2516 per
1469 2472 1639 2505 admodum
1656 2472 1812 2504 illustrem

1066 2526 1231 2559 dominum
1241 2526 1380 2570 Sylvium
1390 2526 1593 2568 Albergatum
1604 2524 1752 2564 nobilem,
1762 2534 1813 2568 pa-

1067 2579 1201 2619 tritium,
1220 2585 1249 2612 et
1267 2584 1444 2612 senatorem
1459 2579 1687 2612 Bononiensem
1701 2588 1814 2611 unum-

1067 2643 1127 2675 que
1153 2642 1189 2664 ex
1215 2633 1384 2675 assumptis
1405 2632 1575 2675 praedictis
1600 2632 1708 2674 vigore
1731 2631 1814 2663 litte-

329 2695 337 2720 1
363 2693 507 2730 Perperam
523 2695 588 2722 edit.
604 2694 682 2722 Maia.
700 2694 763 2729 tegit
780 2695 1031 2729 ›·es11‘st›=ati(n.r.).
1070 2695 1176 2717 rarum
1210 2686 1382 2727 patentium
1410 2685 1439 2717 in
1465 2684 1548 2717 calce
1580 2683 1815 2728 praedictorum

1692 288 1754 322 “227
1803 299 1850 324 Αη.
1872 298 1899 325 Γ..
1918 299 1986 327 1613
