2293 3231
112 254 165 285 An.
184 253 214 284 C.
229 254 295 286 162¹

916 257 1093 284 caesonius
1117 259 1160 284 xv
1183 260 1231 285 ΡΡ.

312 303 415 349 quoad
440 303 670 340 ahsolutionem
695 305 726 339 in
752 305 821 340 soro
845 306 1071 379 conscicntiael

314 361 343 390 et
358 357 572 401 poenitentiali
593 363 725 399 tantum,
739 368 802 393 non
815 363 919 393 autern
937 359 967 392 in
985 360 1053 394 soro

313 410 372 444 sori
397 421 451 444 seu
476 411 683 452 contentioso,
709 412 979 456 consequendam,
1004 423 1070 465 new

313 473 373 507 que
398 463 491 496 etiarn
508 465 612 508 quoad
637 464 754 499 dictum
775 465 879 498 forum
896 465 1070 498 consenui-t

313 515 373 549 tiae
397 516 435 549 iis
459 516 512 560 qui
542 517 582 549 ab
613 516 718 560 aliquo
748 517 850 550 iudice
874 508 1070 567 cxcommu-J,

312 569 416 609 nicati,
441 569 585 613 suspensi
603 570 651 602 vel
667 570 834 611 interdicti,
859 580 913 603 seu
930 571 1005 603 alias
1021 572 1051 604 in
1068 570 1069 598 i

313 622 480 656 sententias
504 627 535 655 et
558 633 706 657 censuras
730 623 876 657 incidisse
893 621 1069 665 declarati,i

313 675 360 708 vel
383 675 510 719 publice
533 675 711 709 denunciati
736 677 862 719 suerint,
888 677 946 710 nisi
972 677 1052 710 intra

311 733 438 772 tempus
463 729 684 763 celebrationis
715 729 895 764 huiusmodi
926 730 1052 763 iubilaei

1086 318 1238 352 personae
1259 309 1290 341 in
1315 309 1465 352 dignitate
1482 310 1693 343 ecclesiastica
1714 310 1825 343 consti-

1087 366 1170 394 tutae
1187 362 1325 402 munitis,
1341 362 1448 395 cadero
1466 373 1598 406 prorsus
1616 362 1693 396 fides
1710 363 1825 407 ubique

1086 414 1227 455 gentium
1242 421 1268 447 ct
1288 415 1430 448 locorum
1445 415 1639 452 adhibeatur,
1654 426 1731 459 quac
1750 415 1825 459 ipsis

1085 467 1304 509 praesentibus
1329 467 1541 508 adhiberetur,
1567 468 1591 501 si
1618 468 1718 501 forent
1743 469 1825 502 exhi-

1086 519 1167 552 bitae
1192 521 1239 551 vel
1264 526 1415 553 osa-nsac.

1129 573 1239 605 Datum
1261 574 1387 613 Romae,
1416 574 1498 617 apud
1523 580 1664 608 sanctum
1686 575 1824 616 Petrum,

1085 635 1167 658 anno
1193 626 1418 659 incarnationis
1438 628 1616 661 [lominicac
1642 638 1759 668 uncxx,
1777 628 1827 662 de-

1086 678 1258 712 cimosexto
1290 681 1437 713 kalendas
1469 682 1598 725 aprilis,
1626 682 1825 726 pontificatus

1085 733 1200 773 nostri,
1229 743 1311 766 anno
1343 744 1362 766 ι.

1729 252 1793 287 503
1837 262 1891 290 Aa.
1908 260 1938 290 c.
1956 261 2021 292 1621

313 779 528 824 satisfecerint,
553 787 607 815 aut
630 793 702 816 cum
725 782 867 827 partibus
885 783 1070 818 concorda-i

313 833 425 875 verint,
437 844 539 879 neque
555 836 672 880 pariter
696 836 863 870 haereticis
889 842 941 869 aut
959 836 1053 869 schis-

313 887 436 922 maticis
460 889 637 932 specialiter
666 889 831 923 declaratis
855 900 910 923 seu
942 889 1070 923 conde-t

314 941 428 975 mnatis
450 942 516 975 ullo
540 942 635 976 modo
655 942 831 986 suffragari.
1068 936 1070 942 ⁸

358 995 373 1039 ἓ
396 995 426 1028 4.
452 996 522 1029 Non
552 995 748 1029 obstantibus
777 995 1052 1029 constitutionibus

315 1052 345 1082 et
368 1047 619 1082 ordinationibus
643 1049 839 1092 apostolicis,
864 1049 1051 1092 praesertim

315 1100 429 1144 quibus
452 1101 634 1134 absolvendi
655 1102 795 1142 facultas,
820 1102 852 1134 in
869 1102 962 1135 certis
979 1107 1051 1135 tunc

315 1154 471 1198 expressis
494 1154 627 1198 casibus,
652 1155 694 1188 ita
718 1155 894 1199 specialiter
911 1156 1069 1206 Romano}

314 1207 458 1241 Pontifici
471 1218 530 1252 pro
546 1213 689 1252 tempore
706 1209 849 1242 existenti
862 1214 1051 1247 reservatur,
1068 1210 1069 1221 ¹

313 1264 349 1295 ut
371 1271 430 1294 nec
453 1261 547 1294 etiam
571 1262 689 1295 similes
713 1262 761 1295 vel
788 1262 955 1295 dissimiles
972 1262 1052 1295 iubi-

313 1313 383 1355 laei,
399 1314 665 1357 indulgentiarum
684 1319 736 1349 aut
752 1316 932 1348 facultatum
950 1315 1054 1348 huius-

314 1368 400 1402 modi
424 1369 652 1410 concessiones,
676 1369 736 1402 nisi
761 1369 798 1402 de
822 1369 883 1402 illis
907 1380 1053 1412 expressa

314 1421 443 1462 mentio,
467 1427 520 1455 aut
543 1422 688 1466 specialis
712 1422 874 1465 derogatio
898 1422 968 1462 fiat,
993 1423 1070 1456 cui-1

313 1486 408 1520 quam
432 1475 597 1519 suffragari
624 1477 741 1518 valeat,
760 1486 882 1509 necnon
906 1487 1070 1520 quorum-i

314 1539 450 1572 cumque
469 1527 632 1569 ordinum,
657 1529 937 1572 congregationum
963 1534 990 1562 ct
1012 1529 1071 1562 iu-.

314 1582 496 1616 stitutorum
519 1583 713 1625 regularium
739 1583 954 1625 (iuramento,
979 1584 1071 1616 eon-²

1121 785 1179 812 Dat.
1200 786 1243 813 die
1264 787 1295 814 17
1314 787 1403 813 martii
1421 787 1499 822 162¹,
1520 789 1614 823 pontif.
1635 797 1705 817 anno
1722 797 1740 817 1.

1068 945 1301 996 ¹Confirmatio
1335 956 1520 989 litterarum
1546 958 1719 991 Clementis
1745 959 1830 992 VIII

1131 1007 1159 1035 ct
1183 1003 1288 1036 Pauli
1317 1005 1342 1037 V
1363 1015 1460 1048 super
1482 1006 1642 1049 reyimine
1661 1011 1690 1039 et
1714 1007 1827 1039 visita-

1132 1053 1217 1085 tione
1241 1055 1512 1086 monasteriorum
1541 1055 1740 1088 monialium
1766 1056 1826 1090 Or—

1129 1101 1218 1133 dinis
1231 1101 1485 1135 Carmelitarum
1498 1104 1778 1138 Discalceatarttm
1791 1106 1827 1138 in

1129 1160 1227 1193 refluo
1254 1150 1413 1184 Galliae¹.

1293 1213 1450 1247 Gregorius
1469 1215 1547 1249 Papa
1561 1215 1617 1249 XV,

1228 1257 1263 1284 ad
1283 1257 1417 1285 futuram
1436 1258 1482 1285 rei
1501 1260 1672 1288 memoriam

126 1006 241 1036 Derogatio
250 1011 298 1028 eon-

121 1038 233 1055 rariorum.

1131 1314 1207 1347 Cum
1220 1314 1343 1357 pridem
1363 1320 1543 1359 (postquam
1568 1317 1667 1350 felicis
1684 1320 1827 1352 recorda·
1869 1331 1927 1354 onae
1947 1336 1959 1363 3¹
1979 1330 2025 1351 cie-

1087 1367 1181 1400 tionis
1217 1367 1359 1409 Clemens
1391 1368 1473 1412 Papa
1502 1369 1566 1401 vm
1603 1371 1827 1413 praedecessor
1842 1359 1910 1404 &531¹ss
1929 1357 2027 1403 xi¹¹c¹mf³a⁸

1804 1426 1809 1431 .
1841 1410 1945 1430 moniales
1963 1409 2024 1430 Ordi·

1086 1424 1193 1455 noster
1224 1421 1452 1454 monasterium
1488 1423 1672 1456 monialium
1704 1425 1827 1458 Ordinis
1842 1437 1874 1457 nis
1903 1436 2026 1465 camenu-

1087 1474 1325 1507 Carmelitarum
1336 1474 1741 1510 Discalceatarunffnos-iter
1754 1483 1827 1512 tunc
1842 1463 1935 1510 ἷὲἑῗιιιηῡ
1939 1463 2026 1515 15ςὲζῖἶῖ

1842 1516 1945 1537 Franci-ie
1960 1519 2025 1536 statu-

1088 1528 1118 1560 in
1139 1527 1262 1561 civitate
1278 1528 1445 1561 Parisicnsi
1462 1534 1614 1570 erectum,
1632 1530 1761 1574 eiusque
1778 1532 1829 1564 ab-
1842 1546 1863 1563 ia
1883 1546 1931 1564 ‚uui
1952 1549 2025 1564 recen-

1086 1580 1250 1622 batissam‚
1276 1591 1330 1613 seu
1355 1582 1538 1624 priorissam
1554 1609 1561 1622 ,
1587 1588 1613 1616 et
1640 1589 1826 1617 conventum
1842 1572 1880 1590 ⁵⁶¹*

118 2545 302 2595 mgrggggmmo·

312 1635 491 1669 firmatione
515 1636 698 1679 apostolica,
716 1637 764 1669 vel
781 1636 890 1679 quavis
906 1636 1054 1668 firmitate
1069 1651 1071 1674 3

314 1689 375 1722 alia
388 1689 560 1731 roboratis)
578 1689 701 1722 statutis
716 1695 746 1722 et
763 1689 1053 1730 consuetudinibus,
1069 1710 1070 1726 2

314 1742 488 1787 privilegiis
504 1753 641 1787 quoque,
659 1743 787 1776 indultis
805 1749 834 1776 et
851 1743 965 1776 litteris
983 1754 1054 1787 apo-

314 1796 443 1837 stolicis,
461 1796 579 1830 eisdem
601 1797 779 1839 Ordinibus,
801 1797 1053 1840 congregationi-

313 1850 372 1884 bus
393 1856 424 1884 et
447 1850 597 1884 institutis
621 1851 860 1895 quomodolibet
885 1852 1071 1892 concessis„

315 1903 496 1947 approbatis
508 1908 538 1936 et
550 1903 720 1937 innovatis:
734 1904 848 1948 quibus
865 1904 1010 1937 omnibus
1025 1910 1054 1937 ct
1069 1894 1071 1936 ἶ

315 1956 456 1998 singulis,
481 1957 603 1990 etiamsi
627 1957 665 1990 de
690 1957 765 1998 illis,
791 1968 964 2002 eorumque
982 1958 1070 1992 totisl

315 2009 478 2042 tenoribus
502 2010 654 2053 specialis,
680 2010 825 2054 specifica
841 2016 871 2044 et
884 2011 1052 2049 individua.
1069 2031 1070 2045 i

315 2071 379 2096 non
399 2067 504 2096 autem
528 2073 584 2106 per
608 2064 763 2097 clausulas
787 2065 950 2107 generales
970 2065 1052 2098 idem

315 2116 532 2159 importantes,
543 2117 660 2150 mentio
671 2122 722 2150 aut
735 2118 894 2161 expressio
910 2119 1054 2152 habenda

316 2169 364 2202 vel
387 2169 514 2212 quaevis
537 2169 596 2201 alia
621 2170 772 2213 exquisita
802 2171 903 2204 forma
931 2172 970 2204 ad
994 2172 1053 2206 hoc

316 2222 468 2256 servanda
491 2222 581 2262 foret,
607 2222 732 2256 illarum
756 2228 881 2256 tenores
906 2235 1055 2268 praesen-

316 2275 400 2308 tibus
424 2286 483 2319 pro
506 2277 597 2320 plene
622 2282 652 2309 et
675 2276 866 2310 sufficienter
890 2278 1054 2321 expressis,

316 2338 352 2362 ac
375 2328 509 2362 sormam
534 2329 566 2361 in
590 2329 651 2362 illis
676 2329 822 2362 traditam
846 2330 970 2373 penitus
996 2342 1055 2374 pro

316 2383 439 2416 servata
462 2382 623 2423 habentes,
648 2383 706 2416 hac
730 2383 797 2416 vice
823 2383 1001 2427 specialiter
1026 2390 1056 2417 et

316 2445 461 2479 expresse
478 2435 517 2469 ad
533 2435 678 2470 effectum
698 2436 911 2480 praesentium
927 2437 1056 2480 deroga-

317 2498 397 2529 mus,
414 2489 590 2533 ceterisque
607 2489 774 2523 contrariis
793 2490 1053 2534 quibuscumque.

361 2541 428 2585 55.
460 2542 612 2576 Volumus
640 2548 745 2575 autem
777 2548 810 2576 ut
841 2544 1054 2587 praesentium

317 2595 521 2640 transumptis
537 2597 586 2630 vel
598 2597 759 2641 exemplis,
773 2597 867 2630 etiam
883 2597 1054 2641 impressis,

317 2657 415 2683 manu
429 2649 544 2683 notarii
558 2649 676 2695 publici
692 2651 888 2697 subscriptis,
906 2656 937 2685 et
952 2651 1055 2696 sigillo
1087 2660 1120 2689 de
1135 2660 1209 2689 hisce
1222 2661 1306 2690 rebus
1318 2661 1345 2689 in
1361 2665 1426 2691 tom.
1442 2668 1478 2698 xl,
1495 2671 1554 2699 pag.
1571 2663 1623 2692 352
1638 2672 1695 2701 seq.
1711 2665 1752 2700 (R.
1765 2665 1801 2700 τ.)

1087 1634 1124 1666 ab
1150 1634 1307 1668 Ordinarii
1332 1635 1391 1668 loci
1407 1635 1623 1670 iurisdictione
1644 1642 1673 1670 et
1690 1638 1828 1681 superio-

1087 1688 1178 1720 ritate
1203 1694 1371 1730 exemerat,
1396 1700 1430 1722 ac
1456 1690 1527 1722 Sedi
1550 1691 1750 1734 Apostolicae
1770 1691 1828 1724 im-

1087 1742 1231 1783 mediate,
1252 1753 1287 1775 ac
1307 1742 1476 1776 visitationi
1494 1748 1521 1777 et
1540 1744 1730 1777 correctioni
1745 1756 1828 1778 com-

1087 1795 1223 1828 missarii
1249 1796 1404 1839 generalis
1435 1796 1559 1830 Ordinis
1589 1798 1828 1832 Carmelitarum

1086 1848 1352 1882 Discalceatorum
1374 1850 1558 1892 subiecerat,
1579 1856 1618 1891 et,
1635 1862 1672 1884 ex
1690 1862 1727 1885 eo
1744 1852 1829 1896 quod

1087 1901 1170 1935 Ordo
1194 1902 1373 1946 praedictus
1397 1904 1636 1937 Carmelitarum
1658 1904 1830 1938 Discalcea-

1089 1959 1190 1989 torum
1208 1956 1240 1988 in
1256 1966 1355 1998 regno
1373 1957 1522 1990 Franciae
1539 1963 1613 1990 tunc
1630 1958 1769 1991 nondum
1786 1959 1829 1991 in-

1088 2009 1250 2042 troductus
1275 2014 1357 2049 crat,
1382 2011 1539 2051 xoluerat,
1563 2016 1598 2043 ut
1621 2011 1721 2044 donec
1745 2011 1828 2046 Ordo

1087 2063 1266 2107 praedictus
1291 2063 1322 2096 in
1347 2063 1466 2096 dictum
1490 2074 1624 2107 regnum
1650 2064 1829 2099 introduce-

1088 2121 1184 2153 retur.
1199 2117 1425 2150 monasterium
1447 2117 1644 2162 praedictum
1660 2118 1827 2152 visitationi

1088 2176 1116 2203 et
1149 2171 1337 2205 correctioni
1370 2171 1486 2215 prioris
1517 2173 1672 2215 generalis
1705 2172 1828 2206 Ordinis

1088 2223 1327 2265 Carthusiensis,
1345 2236 1379 2258 ac
1397 2225 1658 2260 administrationi
1673 2227 1769 2259 trium
1787 2227 1829 2260 vi-

1088 2288 1198 2310 rorum
1222 2279 1253 2310 in
1278 2279 1390 2312 litteris
1414 2280 1594 2323 apostolicis
1619 2291 1713 2323 super
1731 2280 1828 2324 ipsius

1088 2332 1271 2364 monasterii
1295 2333 1453 2366 erectione
1477 2334 1630 2377 expeditis
1653 2334 1830 2368 nominato-

1088 2394 1158 2416 rum
1175 2385 1350 2418 subiectum
1364 2391 1444 2419 esset
1454 2386 1478 2429 3)
1497 2397 1555 2430 per
1568 2387 1754 2420 recolendae
1768 2399 1829 2421 me-

1088 2438 1207 2471 moriae
1239 2439 1368 2471 Paulum
1398 2439 1479 2483 Papa
1506 2439 1545 2479 V,
1576 2440 1670 2473 etiam
1695 2440 1828 2484 praede-

1125 2528 1133 2552 ¹
1154 2526 1190 2553 Ex
1204 2527 1314 2561 Regest.
1331 2527 1356 2554 in
1373 2527 1474 2554 Secret.
1489 2528 1620 2555 Brevium.

1121 2571 1137 2597 2
1158 2571 1227 2597 Edit.
1249 2571 1328 2598 Maiu.
1350 2572 1414 2607 legit
1433 2573 1677 2602 Discalceatorum
1692 2575 1731 2608 (a.
1748 2576 1796 2606 τ.).

1121 2616 1137 2642 3
1153 2615 1207 2642 Hae
1219 2615 1363 2643 Clementis
1376 2616 1434 2643 Vlll
1449 2617 1556 2645 litterae
1571 2617 1683 2652 desunt;
1701 2619 1760 2647 vide
1775 2620 1828 2647 iam
