2293 3231
33 295 36 298 ι
84 276 133 305 An.
145 275 174 302 C.
197 274 264 303 1613

37 345 40 351 ·
95 338 160 362 Quam
173 336 265 361 Congre-

82 362 264 412 a‘ttttttutit‘*

40 422 46 429 ··
81 416 265 443 cinisaltempres-

81 444 177 470 byteros,
212 441 265 461 altas

81 470 151 490 autern
191 467 263 488 deceni
406 490 411 494 ,
475 479 480 483 .
613 479 618 484 .
665 479 670 484 .
817 490 825 494 Ἰ
863 490 867 494 .
913 489 916 494 .

81 495 160 516 nabore
183 498 264 520 praem-
278 478 359 518 beat,
376 489 413 511 ex
429 479 542 521 quibus
567 489 734 522 unicuique
754 478 937 521 preslqteio
962 478 1016 510 hu-

80 522 118 547 μὴ,
129 526 176 541 cum
187 525 262 546 oppor-

81 548 130 569 tuna
145 547 264 567 reddituum

81 573 232 600 assignatione.

104 1073 230 1099 [rogatorum
241 1075 262 1094 et

79 1100 261 1126 eleemosynarnm

52 1127 53 1130 ’
79 1126 223 1152 receptionem
240 1131 261 1146 e-

77 1152 145 1173 isdem
171 1152 261 1178 Congre-

28 1179 29 1182 ’
78 1177 198 1202 nationibus
212 1184 262 1200 con-

78 1204 142 1225 cedit.

915 274 1032 298 l‘At'Lt's
1057 274 1076 296 V
1102 274 1148 297 1¹1².

324 322 339 365 ς’
362 322 391 355 6.
418 321 461 354 Ita
486 325 589 354 tamen
606 321 689 364 quod
706 321 913 363 Congrcgatio
931 321 1015 353 Pari-

243 394 263 408 e-
279 373 389 406 siensis
405 373 514 406 saltem
540 373 704 406 duodecim
730 372 919 416 presbytrwis
947 382 1016 405 con-

280 431 371 465 stare,
389 425 439 458 ct¹
463 430 508 458 tot
531 425 670 458 redditus
688 435 806 457 annuos
832 426 948 457 habere
966 425 1016 457 de-

279 531 413 564 iusmodi
428 531 532 575 portio
544 542 645 564 annua
659 531 864 574 quadraginta
878 530 1014 573 quinque

278 583 463 616 ducatorum
477 584 544 616 auri
559 584 595 616 de
610 585 735 616 camera
745 583 893 616 obvenire
908 583 1014 625 possit.

277 635 404 668 Ceterae
440 646 515 668 vero
548 635 813 678 Congrcgauoncs
842 635 949 667 decem
977 635 1014 667 ad

277 687 382 721 minus
406 689 630 732 presbyteros,
660 698 695 720 ac
725 688 850 721 eosdem
876 687 1015 720 redditus

277 750 397 774 annuos
422 741 483 783 (vel
508 741 610 784 quos²
638 741 727 774 Sedis
759 739 937 783 praedictae
965 740 1015 772 le—

276 798 377 836 gatus,
395 798 447 826 aut
472 804 531 837 pro
560 798 701 837 tempore
725 793 858 826 existens
883 793 1015 825 nuncius

275 846 476 890 apostolicus,
506 852 533 879 et
552 847 718 890 episcopus
741 845 808 889 ⁸loci
823 872 830 885 ,
855 856 889 877 ac
914 845 1014 878 dictae

275 899 534 942 Congregationis
550 899 592 931 sic
611 904 732 931 erectae
752 897 949 941 praepositus
966 908 1015 940 ge-

275 952 401 992 neralis,
416 962 475 996 pro
491 951 552 985 loci
570 952 717 994 qualitate
734 951 877 984 sufficere
896 950 1014 983 iudica-

276 1004 373 1047 verit)
391 1005 508 1038 habere
532 1004 674 1037 debeant.

320 1057 335 1100 ξ
360 1057 388 1089 7.
409 1058 446 1090 Et
470 1062 632 1100 postremo
656 1056 774 1089 eisdem
794 1055 1016 1098 Congregatio-

275 1108 368 1142 nibus
383 1120 420 1142 ex
437 1119 529 1150 nunc,
548 1114 642 1153 prout
665 1108 759 1141 etiam
775 1113 943 1152 postquam
967 1107 1014 1140 in-

276 1161 400 1194 stitutae
421 1166 451 1194 et
467 1164 589 1195 erectae
616 1160 753 1200 suerint,
774 1165 807 1192 ut
827 1160 1014 1203 praefertur,

276 1224 334 1258 pro
362 1214 487 1247 illarum
512 1214 594 1254 dote,
623 1219 651 1246 et
680 1213 753 1246 dicti
783 1213 875 1253 Petri,
892 1222 1014 1246 necnon

276 1268 448 1311 praepostti
480 1267 658 1311 generalis,
689 1272 718 1299 ct
756 1266 1013 1310 presbyterorum

276 1321 460 1353 corumdem
485 1332 542 1364 pro
563 1326 703 1364 tempore
729 1320 928 1353 existentium
951 1330 1014 1352 sus-

274 1374 456 1414 tentatione,
473 1384 669 1416 ouerumque.
688 1373 748 1405 illis
764 1373 1012 1406 incumbentium

275 1426 556 1470 supp01·tatione³,
581 1427 685 1459 omnia
714 1432 742 1459 et
771 1427 914 1469 singula,
940 1438 1012 1468 res,

274 1480 367 1520 bona,
384 1480 516 1520 fructus,
534 1480 674 1512 redditus
691 1486 720 1512 et
747 1481 848 1523 legata
872 1491 905 1512 ac
936 1481 1014 1514 elee-

275 1544 431 1578 mosynas,
442 1538 505 1566 tam
517 1544 572 1577 per
589 1533 702 1566 dictam
716 1534 843 1566 Mariam
859 1534 1011 1576 reginam,

275 1597 369 1630 quam
394 1586 472 1619 alios
495 1597 711 1630 quoscumque
729 1586 947 1620 christifideles
971 1587 1014 1619 di-

275 1639 332 1672 ctis
348 1639 650 1682 Congregationihus
673 1640 909 1682 quomodolibet
923 1640 1014 1673 relin-

276 1692 408 1735 quenda,
429 1692 571 1726 donanda
596 1698 626 1725 et
650 1693 829 1735 elargienda
846 1693 901 1735 (ita
929 1694 1013 1736 quod

275 1745 367 1778 liceat
383 1745 466 1778 dicto
490 1746 592 1786 Petro,
610 1746 657 1778 vel
682 1745 733 1778 alii
758 1746 937 1789 praeposito
965 1757 1015 1789 gc-

275 1798 385 1838 nerali,
403 1805 432 1831 ct
452 1799 645 1843 presbyteris
660 1799 814 1832 dictarum
836 1800 1013 1842 Congreget-

276 1850 395 1884 tionum
419 1862 477 1895 pro
501 1856 642 1895 tempore
659 1851 872 1891 existentibus,
888 1852 1013 1885 illorum

274 1904 415 1937 omnium
440 1905 648 1948 corporalem,
665 1905 783 1937 realem
807 1910 834 1937 et
860 1906 1013 1938 actualem

274 1958 515 2001 possessionem,
529 1968 585 2001 per
598 1969 640 1997 se,
659 1959 705 1990 vel
719 1958 825 1998 alium,
840 1968 895 1990 scu
908 1958 1012 1999 alios&

274 2011 430 2044 dictarum
455 2011 740 2054 Congregationum
760 2012 899 2051 nomine,
915 2011 1012 2045 libere

274 2063 524 2107 apprehendere,
549 2069 578 2096 et
606 2069 760 2107 perpetuo
787 2063 935 2104 retinere,
952 2064 1014 2097 sru-

314 2173 320 2197 l
335 2170 531 2198 Turbatissime
543 2173 600 2197 turn
611 2170 690 2196 lllain.
703 2173 757 2196 tum
769 2174 883 2206 utraque
893 2170 1012 2198 Cherub.

274 2215 350 2242 editt.
365 2215 456 2250 legunt
469 2217 620 2247 constaret,
637 2217 675 2242 tot
696 2215 836 2249 redditus,
852 2219 904 2242 etc.
921 2215 1013 2251 lnepte

274 2259 355 2286 etiam
371 2260 469 2287 Gallia
485 2259 651 2287 Christiana
666 2258 748 2285 habet
762 2262 877 2293 constet,
895 2262 932 2286 tot
948 2260 1013 2287 recl-

275 2305 362 2338 dz'tus,
378 2308 430 2331 etc.
448 2304 485 2338 (n.
506 2303 555 2337 T.).

309 2349 326 2375 2
340 2348 485 2383 Pei-peram
496 2348 561 2375 edit.
572 2347 690 2375 Cherub.
702 2350 726 2374 et
736 2347 816 2374 Main.
829 2347 920 2383 legunt
931 2357 1011 2383 quaen

275 2392 325 2420 hac
349 2393 446 2433 saltem
471 2393 527 2419 vice
551 2393 646 2419 Gallia
668 2392 835 2420 Christiana
858 2392 929 2419 bene
950 2392 1012 2428 legit

275 2445 343 2472 quos
359 2438 398 2473 (n.
415 2437 463 2471 τ.).

309 2481 326 2508 3
347 2481 401 2508 Vox
425 2481 478 2508 ista
498 2481 726 2516 supportatione,
752 2484 824 2508 certe
848 2481 1011 2515 necessaria,

273 2525 349 2553 deest
376 2526 404 2552 in
419 2528 533 2560 utraque
554 2525 665 2552 Galliae
688 2524 874 2552 Christianae
896 2524 1012 2552 editione

274 2571 314 2606 (n.
330 2569 378 2604 τ.).

310 2615 326 2640 t
345 2614 489 2649 Perperam
510 2613 536 2640 in
560 2613 658 2640 Gallia
682 2613 850 2640 Christiana
874 2612 1012 2648 utriusque

276 2658 401 2686 editionis
415 2658 514 2692 legitur
528 2658 587 2686 alio
602 2658 639 2693 (a.
657 2658 705 2691 n).

357 2711 435 2738 Bull.
456 2710 538 2737 Rom.
555 2725 588 2728 —
606 2710 666 2737 Vol.
682 2709 746 2738 XII.
925 2709 958 2736 27

1694 263 1757 297 209

1050 326 1116 352 ctus
1133 331 1269 365 quoque,
1288 321 1428 353 redditus
1445 325 1471 352 et
1500 324 1680 363 proventus,
1709 320 1787 360 iura,

1050 374 1252 406 obventiones
1277 379 1303 405 ct
1334 374 1542 405 emolumenta
1571 383 1787 416 ‹piaecumquc

1049 426 1232 458 eorumdem
1263 427 1437 469 percipere,
1455 425 1590 468 exigere,
1610 425 1724 464 levare,
1741 435 1788 457 re-

1050 488 1212 520 cuperare,
1230 488 1264 509 ac
1283 479 1313 510 in
1330 478 1484 510 dictarum
1501 477 1786 520 Congregationum

1050 541 1124 561 usus
1141 536 1169 562 ct
1199 531 1362 563 utilitatem
1393 536 1575 563 convertere
1593 530 1786 572 (Dioecesani

1051 582 1120 621 loci,
1139 583 1184 614 vel
1204 583 1340 615 cuiusvis
1360 583 1487 616 alterius
1512 583 1635 615 licentia
1652 583 1788 626 desuper

1049 635 1177 667 minime
1198 636 1369 679 requisita)
1395 636 1487 668 etiam
1516 641 1668 679 perpetuo
1693 635 1787 679 appli-

1049 698 1164 720 camus.

1094 740 1108 781 ξ
1125 738 1153 771 8.
1172 740 1239 772 Non
1262 741 1457 773 obstantibus
1482 741 1679 784 apostolicis,
1696 752 1731 773 ac
1755 741 1785 773 in

1048 790 1288 830 universalibus,
1316 791 1576 834 provincialibus,
1604 798 1633 824 et
1657 792 1786 836 synoda-

1049 843 1130 875 libus
1154 843 1296 876 conciliis
1322 843 1423 883 editis,
1441 844 1640 886 generalibus
1658 845 1704 876 rel
1722 855 1787 888 spe-

1049 895 1474 939 cialibus‚‘‚c0nsttuitionibus
1483 902 1511 929 et
1526 896 1786 936 ordinationibus,

1050 958 1084 980 ac
1104 948 1228 980 statutis
1251 954 1280 981 ct
1308 950 1598 990 consuetudinibus,
1614 949 1787 992 privilegiis

1049 1011 1184 1043 quoque,
1206 1000 1333 1034 indultis
1348 1028 1355 1041 ,
1381 1012 1416 1034 ac
1443 1001 1556 1034 litteris
1584 1001 1763 1045 apostolicis
1779 1028 1786 1041 ,

1050 1053 1300 1096 quibuscumque
1325 1054 1540 1097 superioribus
1568 1057 1597 1087 et
1626 1054 1786 1097 personis,

1050 1106 1107 1138 sub
1127 1106 1383 1150 quibuscumque
1408 1107 1570 1140 tenoribus
1599 1112 1629 1139 et
1656 1107 1785 1148 formis,

1049 1169 1083 1191 ac
1107 1169 1179 1191 cum
1206 1159 1378 1202 quibusvis,
1395 1160 1487 1192 etiam
1515 1159 1786 1203 derogatoriarum

1049 1212 1268 1255 derogatoriis‚
1286 1213 1416 1256 aliisque
1441 1213 1670 1246 efficacioribus
1692 1218 1722 1245 et
1744 1213 1787 1245 in-

1049 1265 1148 1298 solitis
1179 1266 1347 1306 clausulis,
1377 1276 1498 1299 necnon
1530 1265 1726 1298 irritantibus
1757 1270 1786 1298 et

1048 1319 1116 1351 aliis
1134 1319 1278 1359 decretis,
1297 1320 1328 1351 in
1353 1330 1468 1362 genere
1486 1320 1532 1352 vel
1550 1320 1581 1352 in
1598 1319 1713 1363 specie,
1729 1330 1786 1362 per

1048 1383 1264 1416 quoscumque
1285 1374 1442 1406 Romanos
1466 1372 1632 1406 Pontifices
1660 1373 1787 1416 praede—

1048 1437 1188 1459 cessores
1217 1431 1358 1466 nostros,
1383 1432 1410 1458 et
1441 1426 1552 1459 Sedem
1582 1426 1785 1470 praedictam,

1048 1480 1177 1522 eiusque
1194 1481 1324 1522 legatos,
1337 1479 1446 1522 quavis
1458 1482 1552 1512 causa
1566 1485 1595 1512 et
1611 1480 1786 1521 occasione,

1047 1534 1140 1566 etiam
1159 1538 1246 1566 motu
1272 1533 1412 1576 proprio,
1429 1537 1457 1567 et
1482 1544 1517 1565 ex
1544 1535 1628 1566 certa
1658 1533 1785 1566 scientia

1047 1596 1081 1618 ac
1105 1585 1142 1618 de
1170 1585 1361 1629 apostolicae
1389 1585 1550 1628 potestatis
1575 1586 1785 1629 plenitudine,

1047 1650 1082 1671 ac
1108 1639 1200 1671 etiam
1229 1639 1498 1678 consistorialiter,
1516 1644 1543 1671 et
1561 1639 1636 1671 alias
1657 1650 1787 1683 quomo-

1048 1692 1175 1733 dolibet,
1201 1692 1295 1725 etiam
1318 1692 1437 1724 iteratis
1464 1692 1594 1732 vicibus,
1620 1693 1785 1734 concessis,

1048 1746 1234 1790 approbatis
1255 1752 1282 1779 et
1305 1746 1475 1778 innovatis:
1497 1746 1611 1790 quibus
1628 1747 1785 1785 omnibus,

1048 1799 1167 1831 etiamsi
1186 1799 1222 1831 dc
1251 1798 1311 1830 illis
1335 1809 1508 1841 eorumque
1531 1798 1603 1831 totis
1626 1799 1786 1832 tenoribus

1049 1852 1202 1895 specialis,
1223 1851 1378 1895 specifica,
1395 1862 1543 1895 expressa
1571 1856 1597 1884 et
1627 1851 1786 1884 individua

1048 1905 1166 1938 mentio
1191 1904 1334 1937 habenda
1351 1909 1403 1937 aut
1419 1903 1522 1948 aliqua
1547 1904 1606 1936 alia
1632 1904 1786 1948 exquisita

1048 1960 1148 1992 forma
1171 1959 1208 1991 ad
1233 1960 1292 1992 hoc
1313 1958 1465 1991 servanda
1487 1963 1577 1999 esset,
1594 1963 1718 1991 tenores
1732 1959 1787 1991 hu-

1048 2012 1195 2052 iusmodi,
1214 2022 1248 2045 ac
1278 2012 1303 2044 si
1331 2012 1369 2044 de
1398 2011 1492 2044 verbo
1521 2011 1558 2043 ad
1587 2011 1728 2052 verbum,
1756 2018 1785 2044 et

1048 2066 1148 2098 forma
1173 2065 1204 2097 in
1228 2065 1290 2098 illis
1312 2065 1426 2097 tradita
1448 2064 1630 2105 observata,
1647 2064 1785 2108 nihilque

1048 2118 1170 2162 penitus
1187 2118 1337 2151 ommisso
1354 2118 1463 2150 inserti
1486 2118 1598 2158 forent,
1614 2118 1785 2160 praesenti-

1047 2171 1105 2204 bus
1122 2182 1180 2215 pro
1197 2171 1353 2214 expressis
1379 2171 1557 2211 habentes¹‚
1579 2171 1639 2203 illis
1663 2171 1737 2203 alias
1754 2171 1785 2203 in

1048 2235 1104 2257 suo
1129 2225 1245 2257 robore
1271 2224 1495 2267 permansuris,
1520 2225 1578 2257 hac
1605 2224 1671 2257 vice
1699 2224 1786 2257 dum-

1048 2283 1129 2309 taxat
1146 2277 1324 2321 specialiter
1352 2283 1379 2309 et
1408 2287 1554 2320 expresse
1584 2277 1784 2319 derogamus,

1048 2330 1223 2373 ceterisque
1238 2330 1404 2362 contrariis
1423 2330 1684 2373 quibuscumque.

1092 2384 1107 2426 ξ
1136 2383 1165 2415 9.
1196 2383 1340 2416 Ceterum
1369 2383 1406 2415 ad
1438 2383 1612 2426 augendam
1644 2382 1783 2415 fidelium

1047 2435 1264 2473 devotionem,
1284 2435 1524 2479 animarumque
1551 2435 1643 2468 saluti
1670 2445 1784 2468 consu-

1047 2542 1104 2575 tuti
1129 2541 1313 2574 exercitium
1336 2541 1514 2574 animentur
1537 2547 1629 2585 atque
1652 2540 1784 2574 inviten-

1084 2613 1093 2638 1
1117 2612 1186 2639 llaec
1208 2611 1290 2638 verba
1306 2612 1505 2646 praesentibus
1522 2632 1574 2639 .....
1592 2612 1726 2640 habentes
1751 2612 1784 2640 de

1048 2664 1121 2684 more
1141 2656 1264 2683 addimus
1282 2656 1321 2690 (n.
1337 2656 1385 2690 τ.).

1804 273 1894 299 Aac.
1919 272 1983 300 16¹3

1813 756 1984 784 Quibuscumque

1800 784 1911 805 contrariis
1926 784 1986 805 dore·

1840 2403 1983 2430 Indulgentias

1800 2430 1901 2455 elargitur
1911 2437 1982 2457 perso-

1800 2456 1832 2476 nis
1843 2457 1913 2477 dictae
1931 2458 1984 2479 Con-

1047 2488 1183 2528 lendum,
1201 2494 1229 2520 et
1254 2494 1288 2521 ut
1303 2488 1522 2521 christifideles
1538 2488 1576 2520 ad
1592 2488 1685 2521 huius
1701 2488 1787 2520 insti·
1800 2484 1935 2509 “⁶2³¹10ffl·
