2293 3231
2 1165 25 1423 z‘wfflaefflvffizr
2 1082 18 1105 κ’
4 1038 14 1066 ι.
14 1001 20 1004 ,

136 299 186 327 An.
204 299 235 327 C.
253 298 320 327 1614

974 296 1092 321 PAULI’S
1117 296 1136 319 V
1160 295 1207 318 1³1³.

337 349 637 393 quadringentorum
656 352 686 379 et
704 346 908 390 quadraginta
929 345 1073 383 millium,

339 408 369 436 et
392 407 602 436 trecentorum
627 411 662 433 ae
687 400 853 441 nonaginta
878 402 994 442 septem
1012 408 1076 430 ino-

339 453 720 499 rapetinorum‚quolibet
730 463 810 485 anno
821 452 975 484 dictorum
989 451 1078 494 quin-

339 519 400 552 que
417 517 585 540 annorum:
603 506 779 549 Capitulum
797 504 946 538 ecclesiae
962 503 1078 537 Cordu-

340 563 453 603 bensis,
474 562 569 595 trium
586 561 776 599 millionum,
794 556 1024 591 trecentorum¹
1043 566 1078 588 ac

342 616 470 659 triginta
500 615 635 647 duorum
664 612 816 652 millium,
840 622 875 644 ac
901 613 1025 643 centum
1049 612 1079 641 et

342 668 529 711 octuaginta,
545 667 683 710 quinque
708 664 988 708 morapefinorum,
1006 672 1080 705 quo-

343 722 418 754 libet
447 731 528 754 anno
561 720 716 753 dictorum
747 718 884 761 quinque
908 725 1079 749 annorum:

343 775 518 818 Capitulum
532 773 680 806 ecclesiae
695 771 849 809 Pacensis,
862 780 920 813 pro
934 779 965 801 se
979 774 1008 801 et
1025 769 1081 800 sua

343 827 490 867 dioecesi,
503 826 604 859 tribus
616 824 775 869 prioribus
792 823 890 861 annis,
908 822 1000 854 unius
1017 821 1083 853 mil·
1098 845 1100 874 ,ἦ
1116 818 1299 861 quinquenii
1313 817 1503 857 huiusmodi,
1517 817 1655 861 quinque
1667 816 1856 855 militonum,

346 881 446 921 lionis,
464 885 494 913 et
514 884 734 913 sexcentorum
754 882 781 909 et
804 875 972 917 nonaginta
991 874 1083 906 unius

348 934 492 973 millium,
517 938 546 966 et
570 933 777 965 ducentorum
795 940 829 961 ac
847 926 976 971 viginti³z
992 926 1084 958 unius

347 987 625 1031 morapetinorum:
642 984 772 1027 reliquis
799 992 871 1014 vero
895 981 1019 1013 duobus
1036 990 1085 1011 an-

347 1042 394 1075 nis
411 1039 593 1084 quinquenii
610 1036 802 1076 huiusmodi,
818 1036 911 1068 unius
928 1033 1084 1072 millionis,
1101 1047 1102 1050 ¹

348 1099 567 1128 sexcentorum
596 1101 708 1125 novem
736 1090 888 1128 millium,
912 1087 1087 1129 noningen-

349 1155 453 1181 torum
477 1152 504 1179 et
530 1147 639 1178 deceni
663 1142 950 1186 morapetiuorum:
968 1139 1088 1183 Capitu-
1103 1148 1105 1184 j
1121 1138 1334 1180 tingentorum
1359 1148 1393 1169 ac
1419 1137 1527 1179 viginti
1562 1141 1698 1179 quatuor
1722 1145 1864 1179 morape-

349 1201 415 1234 lum
448 1199 596 1232 eeclesiae
620 1196 807 1233 Caui‘iensis,
833 1205 890 1238 pro
915 1204 946 1226 se
979 1197 1006 1226 et
1033 1193 1087 1223 sua

351 1253 497 1288 dioecesi,
516 1251 615 1283 tribus
632 1249 791 1293 prioribus
805 1247 904 1284 auius,
918 1246 1010 1278 unius
1023 1244 1090 1276 mil·
1105 1253 1106 1263 ¹

351 1306 452 1346 lionis,
466 1311 493 1337 et
508 1304 778 1347 septingentorum
793 1301 937 1336 millium,
948 1310 982 1331 ac
996 1298 1091 1329 octiu-

352 1412 549 1456 petinorunu
579 1409 707 1451 reliquis
743 1417 816 1439 vero
849 1405 970 1437 duobus
1003 1404 1091 1436 anuisv

353 1464 558 1508 quinquennii
587 1461 783 1495 huiusmodi.
808 1460 901 1491 unius
926 1458 1091 1491 millionis,
1108 1459 1110 1500 ζ
1127 1457 1270 1496 millium,
1295 1467 1328 1489 ac
1351 1456 1605 1498 octingentorum
1631 1460 1661 1487 et
1680 1454 1789 1498 viginti
1814 1465 1867 1487 sex

354 1518 598 1561 quingentorum
617 1515 785 1557 nonaginta
811 1523 923 1545 noveni
948 1505 1110 1546 millium,¹

355 1577 384 1603 rt
404 1572 611 1603 ducentorum
636 1579 670 1600 ac
696 1566 933 1610 quatuordecim
954 1574 1095 1607 morape-

356 1625 512 1656 tinorum:
530 1623 705 1666 Capitulum
722 1620 871 1653 ecclesiae
888 1617 1094 1653 Placentinae,

356 1688 413 1721 pro
427 1688 460 1709 se
473 1682 502 1709 et
520 1679 574 1709 sua
591 1674 738 1713 dioecesi,
755 1673 889 1706 duorum
907 1671 1094 1709 milliorium,

357 1736 387 1763 ct
426 1730 633 1762 ducentorum
675 1738 710 1759 ao
745 1725 952 1769 quadraginta
984 1734 1094 1756 noveni

360 1899 430 1921 rum
454 1888 592 1931 quinque
616 1896 785 1919 annorum:
803 1884 977 1928 Capitulum
1002 1882 1099 1914 ecole-

360 1942 424 1974 siae
448 1940 642 1980 Giennensis,
661 1949 719 1983 pro
751 1948 783 1970 se
808 1941 837 1971 et
861 1936 917 1970 sua
942 1935 1097 1971 dioecesi,

360 1996 462 2028 tribus
492 1994 651 2039 prioribus
681 1993 769 2026 annis
784 2019 791 2031 ,
815 1992 908 2024 unius
932 1990 1097 2023 millionis.

362 2054 392 2081 et
420 2048 684 2090 noningentorum
709 2056 745 2078 ac
773 2045 865 2077 unius
894 2043 1025 2075 millium
1040 2069 1047 2081 ,
1071 2033 1118 2074 et'

363 2102 618 2145 quingentorum,
636 2110 671 2131 ao
691 2098 799 2141 viginti
817 2097 1100 2140 morapetinorum,

365 2154 494 2196 reliquis
525 2163 599 2185 vero
631 2152 753 2184 duobus
784 2150 872 2183 aunis
895 2148 1101 2193 quinquennii

366 2206 556 2244 huiusmodi,
570 2206 704 2238 duorum
720 2204 906 2238 inillionum,
923 2203 1101 2243 octuaginta
1137 2201 1296 2243 sexaginta
1320 2205 1391 2233 octo
1422 2199 1691 2242 morapetinorum
1706 2224 1713 2238 ,
1737 2197 1877 2240 quolibet

733 2256 1034 2300 quadringentorum
1075 2259 1121 2287 et*

367 2313 527 2356 sexaginta
541 2317 612 2345 octo
630 2307 1102 2354 morapetinorum:Capitulum
1121 2309 1203 2344 {lum
1228 2307 1377 2340 ccclesiae
1401 2305 1610 2348 segobiensis,
1627 2315 1685 2347 pro
1710 2314 1742 2336 se
1766 2308 1797 2336 et
1821 2305 1877 2336 sua

366 2265 500 2304 quatuor
538 2259 697 2294 millium,

369 2365 517 2399 ecclesiae
548 2364 834 2407 Compostellanae,
858 2373 916 2405 pro
941 2372 973 2394 se
998 2367 1025 2394 et
1051 2363 1104 2393 sua

369 2419 514 2458 dioecesi,
538 2419 638 2451 tribus
662 2417 822 2461 prioribus
846 2417 945 2451 annis„
970 2416 1103 2447 duorum

370 2473 546 2506 millionum
569 2477 595 2504 et
618 2475 840 2505 trecentorum,
861 2480 895 2501 ac
912 2468 1105 2511 septuaginta

371 2535 484 2559 novem
507 2525 651 2563 millium,
668 2529 697 2557 et
714 2523 922 2556 ducentorum
949 2532 983 2554 ac
1000 2526 1107 2553 octua—

407 2606 420 2633 1
438 2605 524 2642 Supra
539 2605 565 2632 in
579 2606 639 2632 loco
654 2604 781 2640 parallelo
797 2612 856 2638 pag.
870 2603 922 2629 592
934 2603 947 2629 b
959 2603 1035 2629 deest
1051 2605 1107 2628 lwe-

373 2653 520 2677 cenlorum
534 2652 571 2683 (a.
587 2650 635 2682 τ.).

409 2695 427 2721 2
442 2693 471 2721 ln
486 2694 544 2721 loco
558 2693 688 2728 parallelo
704 2693 800 2727 legitur
816 2693 935 2726 triqinta
955 2697 992 2719 (u.
1009 2696 1054 2722 r).

1107 344 1192 386 ginta
1206 351 1317 374 novem
1332 340 1614 383 morapetinorum3
1625 337 1755 381 reliquis
1772 347 1847 370 vero

1108 395 1230 428 duobus
1255 394 1342 426 aunis
1367 392 1590 436 quinquennii,
1615 391 1750 424 duorum
1781 390 1849 422 mil-

1110 450 1239 489 lionum,
1260 448 1503 491 quingentorum
1529 450 1558 479 et
1582 445 1674 478 unius
1704 443 1848 483 millium,

1110 512 1145 534 ac
1170 502 1376 534 ducentorum
1401 499 1626 544 quinquaginta
1649 503 1720 531 octo
1750 507 1851 531 mora-

1111 554 1306 598 petinorum:
1320 553 1496 597 Capitulum
1508 552 1657 586 ecclesiae
1671 550 1851 594 Burgensis,

1112 617 1170 651 pro
1194 618 1225 639 se
1250 612 1278 639 et
1303 609 1359 639 sua
1383 606 1539 646 dioecesi,
1564 605 1664 638 tribus
1692 603 1853 648 prioribus

1113 660 1211 699 annis,
1222 671 1274 692 sex
1289 660 1475 699 millionum,
1487 663 1516 693 et
1525 658 1704 701 octuaginta
1717 657 1853 690 duorum

1115 712 1258 752 millium,
1284 722 1319 745 ac
1342 712 1614 755 septingentorum
1634 715 1665 743 et
1681 710 1775 743 unius
1791 719 1856 742 mo-

1115 765 1341 808 rapetinoruni;
1367 764 1496 807 reliquis
1520 774 1595 797 vero
1619 763 1742 796 duobus
1766 762 1855 795 annis

1117 871 1370 913 octingentorum
1386 876 1416 903 et
1432 870 1540 913 viginti
1559 870 1695 902 duorum
1712 868 1857 908 millium,

1118 935 1153 957 ac
1177 924 1423 968 quingentorum
1447 929 1477 956 et
1501 934 1553 956 sex
1570 922 1857 966 morapetinorum:

1118 977 1294 1021 Capitulum
1333 977 1482 1009 ecclesiae
1517 976 1734 1019 Legionensis,
1758 975 1859 1008 tribus

1120 1030 1280 1074 prioribus
1293 1030 1392 1070 annis,
1405 1030 1541 1063 duorum
1554 1029 1740 1068 millionum,
1753 1033 1783 1060 et
1795 1039 1862 1061 sex-

1121 1089 1284 1116 centorum
1302 1094 1337 1115 ao
1361 1083 1470 1125 viginti
1495 1093 1547 1115 sex
1573 1082 1717 1122 millium,
1741 1087 1772 1115 et
1797 1092 1862 1126 sep-

1123 1191 1258 1223 tinorum
1271 1202 1277 1229 ;
1291 1190 1421 1233 reliquis
1442 1200 1515 1222 vero
1532 1189 1655 1222 duobus
1671 1189 1760 1221 annis
1777 1188 1865 1231 quin-

1123 1244 1262 1287 quennii,
1272 1244 1406 1276 duorum
1422 1243 1609 1282 millionum,
1619 1242 1864 1286 quingentorum

1106 1303 1152 1346 xet
1179 1297 1355 1340 octuaginta
1385 1307 1437 1329 sex
1467 1296 1620 1335 millium,
1646 1306 1681 1328 ac.
1706 1295 1866 1338 sexaginta

351 1365 518 1402 gentorum
550 1362 579 1389 et
607 1355 831 1399 spiinspiaginta
863 1353 955 1385 unius
987 1362 1109 1384 mortu,

1127 1360 1237 1382 norem
1265 1349 1549 1392 mompetinorum:
1567 1348 1746 1391 Capitulum
1770 1347 1868 1380 eccle-

1126 1403 1188 1435 siae
1203 1403 1371 1440 metensis,
1382 1403 1475 1435 unius
1485 1401 1644 1441 mulionis,
1657 1406 1687 1434 et
1700 1400 1867 1434 duodecim

1128 1510 1413 1552 morapetinorum,
1438 1508 1577 1552 quolibet
1600 1518 1681 1541 anno
1711 1508 1868 1541 dictorum

1127 1562 1265 1605 quinque
1294 1573 1470 1595 annorum:
1502 1561 1642 1605 Capitula
1665 1561 1868 1594 ecclesiarum

1128 1616 1364 1657 Calaguritanae
1394 1619 1422 1649 et
1453 1615 1669 1654 Calceatensis,
1693 1625 1752 1658 pro
1776 1623 1809 1647 se
1840 1619 1870 1646 et

1130 1669 1193 1701 suis
1217 1668 1430 1708 dioecesibus,
1454 1668 1555 1701 tribus
1579 1667 1740 1711 prioribus
1764 1667 1870 1707 annis,

1112 1756 1114 1761 ,
1130 1722 1265 1755 duorum
1290 1722 1484 1756 niillionum.
1509 1720 1755 1764 quingentorum
1771 1725 1801 1752 et
1817 1730 1871 1752 sex

358 1783 491 1816 millium
506 1809 513 1821 ‚
549 1787 579 1814 et
609 1781 879 1824 septingentorum
920 1788 954 1809 ac
989 1776 1095 1819 viginti
1112 1767 1114 1799 ἶ

360 1836 452 1868 unius
465 1835 745 1878 moi-apetinorum,
757 1831 896 1876 quolibet
909 1840 990 1863 anno
1003 1830 1098 1861 dicto·
1113 1847 1115 1856 γ

1131 1775 1273 1814 millium,
1284 1786 1319 1807 ae
1332 1775 1575 1818 quingentorum
1590 1778 1620 1806 et
1632 1773 1741 1816 viginti
1752 1778 1871 1816 septem

1132 1828 1411 1871 niorapetinorum3
1428 1827 1558 1870 reliquis
1579 1836 1652 1859 vero
1676 1826 1799 1859 duobus
1817 1835 1872 1859 an-

1132 1881 1179 1913 nis
1203 1880 1407 1924 quinquennii
1432 1879 1624 1919 huiusmodi,
1649 1878 1785 1912 duorum
1802 1878 1873 1911 mil.-

1115 1935 1262 1983 3lionum,
1287 1940 1315 1965 et
1341 1939 1560 1966 sexcentorum
1581 1944 1616 1965 ac
1640 1937 1712 1966 octo
1728 1932 1872 1971 millium,

1133 1993 1258 2019 centum
1291 1992 1318 2019 et
1349 1986 1545 2030 septuaginta
1575 1989 1709 2029 quatuor
1732 1995 1875 2028 morape-

1134 2041 1285 2073 tinorum:
1303 2040 1478 2083 Capitulum
1495 2039 1644 2071 ecclesiae
1657 2037 1874 2077 Astoricensis,

1136 2104 1194 2138 pro
1219 2105 1251 2126 se
1276 2095 1394 2135 suaque
1418 2093 1573 2133 dioecesi,
1597 2092 1691 2124 unius
1716 2091 1874 2130 millionis,

1136 2153 1163 2180 et
1194 2148 1400 2180 ducentorum
1434 2157 1469 2179 ae
1501 2146 1627 2188 triginta
1658 2145 1813 2183 millium,
1847 2147 1876 2177 et

1137 2264 1218 2286 anno
1236 2254 1392 2286 dictorum
1410 2253 1549 2296 quinque
1568 2262 1738 2285 annorum:
1756 2251 1878 2294 Capitu-

1139 2361 1284 2400 dioevesi,
1310 2361 1410 2393 tribus
1435 2359 1596 2402 prioribus
1618 2358 1717 2396 annis,
1742 2357 1877 2389 duorum

1140 2415 1336 2453 mulionum,
1362 2419 1389 2445 et
1422 2413 1691 2455 septingentorum
1716 2420 1752 2442 ac
1775 2415 1880 2442 octua-

1141 2467 1225 2511 ginta
1250 2477 1363 2499 novem
1388 2465 1530 2501 millium,
1556 2469 1582 2496 et
1610 2467 1823 2497 trecentorum
1844 2472 1880 2494 ac

1141 2521 1368 2565 quinquaginta
1391 2523 1511 2561 septem
1535 2516 1815 2560 morapetinorum;
1835 2525 1882 2548 re·
1907 2506 1914 2510 ⁵

1142 2575 1235 2617 liquis
1259 2584 1332 2606 vero
1356 2572 1478 2605 duobus
1494 2570 1583 2603 annis
1599 2569 1805 2614 quinquennii
1821 2569 1881 2602 hu-

1143 2626 1289 2665 iusmodi,
1303 2626 1438 2658 duorum
1453 2624 1640 2663 millionum,
1664 2627 1880 2656 sexcentorum

1145 2680 1304 2722 sexaginta
1321 2684 1440 2722 septem
1460 2677 1605 2716 milliumy
1623 2682 1651 2710 et
1669 2678 1880 2709 trecentorum

1751 279 1815 315 283
1860 289 1912 316 An.
1928 288 1957 317 c.
1975 289 2042 317 ¹614
