2293 3231
5 291 9 301 ‚
59 252 109 282 An.
125 252 155 282 G.
173 251 241 282 ¹⁶2³

858 254 1034 280 GREGORIUS
1057 255 1099 280 XV
1121 255 1169 280 1³1³,

253 300 373 341 debeat,
387 300 516 344 ipsaque
533 306 728 341 testamenta,
745 301 916 343 codicillos,
933 303 991 335 dis-

253 353 434 397 positiones,
445 353 667 395 ordinationes,
681 354 874 393 donationes,
889 355 990 397 legata

252 411 283 439 et
307 411 430 447 statuta,
451 407 544 440 etiam
560 408 688 451 pluries,
705 418 741 440 ac
759 408 849 441 toties
867 409 989 451 quoties

253 459 297 491 eis
311 458 478 500 videbitur,
492 460 668 501 moderare,
682 460 828 501 limitare,
845 471 880 493 ac
896 461 988 493 ctiam

252 512 283 544 in
303 517 404 545 totum
422 523 580 553 revocare,
598 517 627 546 ct
644 513 702 546 alia
728 513 765 546 de
785 524 866 546 novo
886 514 988 554 edere,

252 564 345 597 etiam
369 565 468 597 libere
493 571 522 597 ct
545 565 628 598 licite
654 566 788 606 valeant,
813 566 936 609 plenam
960 571 989 599 et

251 617 383 649 liberam
396 617 597 650 concedimus
614 618 800 651 facultatem.
815 619 989 652 statuentes

251 669 456 702 nihilominus
480 675 510 702 et
534 671 723 711 ordinantes,
748 671 855 715 eisquc
871 672 988 715 pariter

251 722 460 765 indulgentes,
479 723 563 766 quod
587 723 612 756 si
639 724 835 766 contingeret
851 724 935 767 ipsos
950 724 988 757 ab

251 775 396 808 intestato
421 781 451 808 et
474 775 540 809 sine
564 777 645 817 ulla,
670 777 718 809 vel
743 776 846 809 minus
871 777 987 817 valida,

250 828 406 862 bonorum
431 833 461 860 et
483 839 601 869 rerum,
626 839 662 862 ac
684 829 842 862 fructuum
868 835 898 862 et
922 830 989 862 red-

251 881 382 923 dituum,
406 886 614 926 proventuum
638 883 870 926 praedictorum
887 883 988 926 dispo-

251 935 374 976 sitione,
398 936 430 968 in
453 936 536 969 dicta
561 936 649 968 curia
673 937 721 969 vel
746 941 832 969 extra
855 947 934 975 eam,
952 947 987 969 ac

251 989 344 1022 etiam
374 994 461 1022 extra
492 1000 547 1022 sua
574 989 725 1022 beneficia
756 994 809 1022 aut
837 989 896 1021 alia
920 990 987 1022 loca

251 1042 373 1075 debitae
385 1043 424 1075 ab
437 1043 481 1075 eis
498 1042 684 1075 residentiae
695 1042 880 1085 personalis,
893 1042 986 1075 etiam

251 1096 337 1128 nulla
354 1096 542 1128 subsistente
559 1097 664 1135 causa,
681 1096 720 1127 ab
741 1096 886 1127 humanis
902 1095 988 1127 dece-

251 1150 335 1190 dere,
349 1150 454 1182 omnia
468 1154 498 1182 et
514 1149 638 1192 singula
654 1160 763 1182 eorum
781 1150 872 1188 bona,
890 1159 940 1181 res
958 1155 987 1181 et

250 1202 329 1242 iura,
355 1202 457 1242 etiam,
472 1207 506 1234 ut
522 1203 708 1246 praefertur,
729 1202 917 1245 qualiticata,
930 1213 987 1235 nec

249 1265 314 1289 non
330 1255 439 1299 spolia,
452 1256 680 1299 cuiuscumque
697 1255 877 1298 quantitatis
893 1259 923 1288 et
938 1265 987 1287 va-

250 1308 326 1341 loris
357 1308 539 1349 existentia,
564 1308 658 1340 etiam
687 1318 724 1340 ex
754 1307 920 1351 praedictis
951 1318 987 1341 ac

250 1362 325 1395 ali'as
349 1362 568 1405 undecumque
592 1361 819 1405 provenientia,
837 1362 874 1394 ad
888 1372 987 1395 came-

251 1426 317 1449 ram
346 1415 550 1460 apostolicam
572 1426 627 1448 seu
653 1416 685 1448 in
713 1415 802 1448 dictis
826 1416 987 1449 beneficiis

250 1479 448 1502 successores
467 1479 530 1501 non
546 1468 733 1512 pertineant,
753 1468 807 1501 sed
827 1469 866 1500 ad
882 1469 988 1501 haere-

250 1522 304 1556 des
335 1522 495 1565 sanguinis
530 1522 712 1555 eorumdem
743 1523 864 1565 integre
895 1522 986 1555 deve-

249 1576 345 1617 niant,
365 1581 405 1616 et,
430 1575 491 1608 illis
516 1576 744 1616 deficientibus,
772 1576 853 1608 inter
877 1586 986 1609 eorum

249 1629 428 1670 familiares,
445 1629 575 1663 arbitrio
598 1639 750 1672 personae
767 1640 821 1662 seu
843 1639 988 1673 persona-

249 1693 331 1724 rum,
348 1693 425 1726 quas
440 1683 479 1715 ad
498 1682 530 1715 id
549 1683 651 1726 ipsum
669 1683 786 1726 scripto
810 1683 987 1716 nominave-

249 1736 322 1776 rint,
335 1736 573 1777 distribuantur,
585 1735 645 1768 nisi
662 1736 699 1768 de
717 1736 768 1769 illa
783 1736 987 1779 dispositione

250 1789 298 1822 vel
321 1789 492 1822 intentione
509 1789 692 1822 eorumdem
710 1789 876 1832 scriptura,
893 1789 985 1821 etiam

249 1842 354 1875 minus
386 1842 540 1883 solemni,
565 1852 654 1875 secus
683 1847 866 1886 appareret3
891 1853 985 1886 quam

250 1900 324 1929 tunc
347 1896 432 1929 velut
459 1896 617 1929 efficacem
648 1895 733 1939 ipsae
761 1906 914 1939 personae
940 1896 985 1929 vel

250 1948 302 1980 alii
327 1948 445 1982 iudices
470 1960 524 1982 seu
550 1954 758 1992 exequutores
775 1949 903 1982 omnino
921 1960 986 1982 exe-

250 2001 303 2045 qui
320 2007 350 2034 et
366 2002 547 2045 adimplere,
561 2003 685 2046 illisque
697 2013 730 2035 se
744 2013 775 2035 se
789 2003 986 2036 conformare

250 2054 282 2087 in
306 2055 453 2088 omnibus
470 2060 499 2088 et
515 2067 573 2099 per
592 2056 696 2089 omnia
721 2056 861 2089 debeant.
887 2057 923 2089 Et
943 2057 986 2089 ni-

250 2107 420 2141 hilominus
447 2119 662 2153 quaecumque
689 2109 869 2143 huiusmodi
896 2115 986 2143 testa-

249 2166 366 2201 menta,
382 2161 575 2203 donationes,
594 2163 706 2206 legata,
722 2163 940 2206 dispositiones
956 2169 986 2196 et

249 2214 310 2246 alia
325 2214 430 2248 forsan
453 2215 528 2248 alias
544 2215 583 2248 ab
603 2216 687 2259 ipsis,
705 2217 797 2249 etiam
823 2217 908 2249 nulla
933 2223 984 2249 aut

250 2266 353 2300 minus
370 2267 534 2300 sufficienti
551 2269 696 2302 facultate
717 2269 859 2309 suffultis,
877 2269 915 2302 de
932 2270 986 2302 hu-

250 2319 386 2353 iusmodi
409 2320 510 2361 bonis,
538 2321 679 2361 iuribus,
707 2322 897 2361 actionibus,
924 2323 986 2355 sru-

250 2373 362 2414 ctibus,
387 2374 536 2417 pecuniis,
562 2374 722 2413 localibus,
739 2375 869 2418 aliisque
892 2376 984 2409 rebus

250 2426 447 2470 supradictis,
472 2428 565 2460 etiam
589 2427 621 2459 in
645 2428 783 2460 savorem
804 2429 986 2472 consangui-

248 2489 383 2513 neorum
407 2485 437 2512 et
460 2480 599 2513 affinium
623 2481 845 2524 praefatorum,
859 2492 893 2514 ac
910 2482 984 2515 alias

250 2533 486 2576 quomodolibet
515 2535 612 2575 facta,
637 2545 708 2567 cum
739 2535 884 2568 omnibus
913 2536 984 2568 inde

250 2586 400 2630 sequutis,
424 2598 460 2620 ac
478 2588 569 2620 etiam
595 2598 640 2627 ea,
666 2598 745 2631 quae
768 2599 824 2632 per
850 2589 935 2632 ipsos
952 2589 983 2621 in

249 2638 390 2673 futurum
398 2640 726 2686 quomodolibetfient,
737 2652 774 2675 ex
787 2652 880 2684 nunc,
889 2649 983 2687 prout

1022 314 1058 336 ex
1084 308 1167 343 tunc,
1192 307 1221 336 et
1242 313 1258 335 e
1275 307 1393 341 contra,
1413 303 1624 346 approbamus
1641 306 1671 336 et
1689 312 1760 336 con-

1022 355 1384 399 firmamus,omnesque
1409 361 1439 388 ct
1467 355 1606 398 singulos
1631 355 1707 387 iuris
1730 360 1760 388 et

1023 409 1092 440 t'acti
1110 419 1145 441 ac
1162 408 1394 441 solemnitatum
1419 408 1606 441 omissarum
1624 412 1654 440 et
1672 408 1762 440 omit-

1023 461 1205 501 tendarum,
1229 471 1350 494 necnon
1374 460 1591 493 substantiales
1620 460 1761 504 aliosque

1022 513 1159 547 detectus
1184 523 1409 556 quoscumque,
1426 513 1451 545 si
1467 513 1520 556 qui
1537 512 1761 545 intervenerint

1023 566 1053 598 in
1078 566 1193 599 eisdem
1220 566 1354 609 (etiamsi
1380 566 1455 598 tales
1479 566 1550 605 sint,
1569 566 1615 597 vel
1635 565 1760 606 suerint,

1022 620 1105 663 quod
1123 619 1266 663 specialis
1286 625 1313 652 ct
1333 619 1478 662 specitica
1495 618 1532 651 de
1550 618 1624 662 ipsis
1642 618 1760 652 mentio

1022 672 1163 705 habenda
1178 674 1271 716 essct)
1286 672 1476 715 supplemus
1490 670 1667 703 Districtius
1683 670 1760 704 inhi-

1021 725 1129 758 bentes
1145 726 1305 769 quibusvis
1328 725 1584 769 archiepiscopis,
1602 724 1759 768 episcopis

1021 784 1051 811 ct
1078 779 1146 811 aliis
1169 780 1372 812 ecclesiarum
1390 778 1545 822 praelatis,
1568 788 1690 811 necnon
1713 778 1758 811 sa-

1021 831 1127 865 bricae
1151 832 1298 865 basilicae
1319 831 1471 875 Principis
1487 832 1702 875 apostolorum
1719 831 1756 864 de

1021 885 1102 918 Urbe
1127 890 1179 918 aut
1203 886 1357 919 cruciatae
1381 891 1503 919 sanctae
1528 890 1558 917 et
1582 884 1650 917 aliis
1666 885 1757 917 colle-

1021 938 1170 978 ctoribus,
1188 938 1478 978 subcollectoribus,
1499 938 1684 981 ceterisque,
1702 948 1756 970 cu-

1020 989 1206 1034 iuscumque
1237 991 1414 1034 dignitatis,
1443 995 1560 1031 status,
1585 990 1702 1033 gradus
1727 994 1757 1022 et

1021 1043 1208 1076 conditionis
1233 1044 1446 1085 existentibus,
1467 1049 1497 1077 et
1521 1044 1628 1087 quavis
1653 1048 1759 1076 aucto-

1020 1095 1109 1129 ritate
1134 1100 1164 1128 et
1193 1100 1345 1139 potestate
1368 1097 1588 1139 fungentibus,
1613 1095 1670 1128 sub
1699 1106 1754 1128 ex-

1021 1148 1312 1182 communicationis
1337 1149 1475 1191 maioris,
1492 1150 1622 1192 aliisque
1639 1154 1758 1182 senten-

1021 1201 1081 1239 tiis,
1107 1202 1246 1234 censuris
1267 1207 1297 1234 et
1325 1203 1434 1245 poenis
1461 1202 1695 1243 ecclesiasticis,
1719 1212 1758 1235 ne

1021 1254 1247 1296 universitates,
1273 1256 1404 1298 collegia
1429 1259 1458 1289 et
1481 1256 1559 1296 loca,
1585 1266 1620 1288 ac
1644 1256 1758 1298 legato-

1021 1307 1095 1348 rios,
1117 1308 1267 1340 haeredes
1293 1312 1321 1341 et
1344 1319 1504 1352 personas,
1524 1319 1645 1342 necnon
1668 1314 1758 1342 testa-

1020 1360 1128 1401 menti,
1145 1361 1341 1394 voluntatum
1359 1365 1387 1395 et
1404 1361 1638 1394 ordinationum
1654 1361 1759 1394 huius-

1020 1414 1106 1447 modi
1138 1420 1346 1458 exequutores
1369 1415 1545 1458 praefatos,
1570 1414 1687 1448 directe
1711 1416 1758 1448 vel

1020 1467 1181 1508 indirecte,
1207 1468 1317 1511 quovis
1341 1469 1482 1512 quaesito
1507 1469 1613 1501 colore
1640 1469 1687 1502 vel
1711 1469 1758 1501 in-

1020 1523 1127 1565 genio,
1152 1524 1320 1556 molestare
1344 1524 1478 1556 audeant
1501 1535 1628 1567 quoquo
1653 1524 1757 1565 modo,

1020 1577 1068 1608 vel
1092 1576 1288 1619 perturbare.
1313 1578 1356 1610 Ac
1380 1577 1582 1610 decernentes
1599 1577 1758 1621 praedicta

1020 1629 1124 1662 omnia
1148 1635 1178 1662 et
1202 1629 1345 1672 singula,
1369 1635 1612 1674 praesentesque
1638 1630 1757 1664 litteras

1020 1692 1054 1715 ac
1079 1687 1280 1723 testamenta,
1307 1683 1503 1723 donationes,
1529 1683 1700 1724 codicillos,
1725 1683 1758 1716 fi-

1020 1735 1249 1776 deicommissa,
1264 1737 1375 1779 legata,
1389 1737 1612 1776 ordinationes,
1630 1737 1758 1780 deroga-

1020 1789 1119 1821 tiones
1143 1794 1173 1822 et
1196 1789 1424 1833 dispositiones,
1450 1800 1485 1823 ac
1509 1790 1568 1822 alia
1591 1800 1758 1834 quaecum-

1019 1853 1090 1885 que,
1104 1853 1225 1875 necnon
1238 1854 1317 1886 quae
1334 1843 1363 1875 in
1382 1843 1562 1887 praemissis
1579 1844 1658 1877 sacta
1675 1849 1755 1885 sunt,

1019 1901 1071 1928 aut
1094 1896 1163 1928 fieri
1188 1897 1368 1939 contigerit,
1393 1902 1455 1929 tam
1481 1897 1588 1940 vigore
1611 1908 1757 1941 praesen-

1020 1949 1106 1991 tium,
1131 1961 1224 1993 quam
1254 1951 1345 1983 etiam
1368 1951 1499 1984 aliarum
1517 1952 1756 1984 concessionum

1019 2003 1063 2035 eis
1087 2004 1249 2044 factarum,
1275 2015 1310 2037 ac
1335 2004 1481 2048 deinceps
1498 2004 1528 2036 in
1544 2015 1660 2047 genere
1679 2009 1709 2038 et
1724 2004 1756 2038 in

1019 2057 1121 2100 specie
1146 2057 1369 2098 faciendarum,
1386 2068 1458 2091 cum
1479 2057 1549 2090 inde
1570 2058 1710 2101 sequutis
1727 2062 1756 2092 et

1019 2111 1215 2153 sequuturis,
1240 2111 1332 2144 etiam
1367 2112 1393 2144 si
1425 2112 1510 2155 ipsos
1538 2112 1568 2144 in
1596 2112 1755 2155 praedicta

1018 2164 1117 2203 curia,
1142 2169 1195 2196 aut
1218 2175 1417 2208 quacumque
1441 2165 1500 2197 alia
1526 2164 1632 2197 mundi
1658 2169 1755 2208 parte,

1018 2222 1105 2249 extra
1129 2217 1276 2250 ecclesias
1300 2223 1330 2250 et
1353 2218 1420 2251 loca
1441 2218 1667 2251 beneficiorum
1688 2228 1755 2250 suo·

1018 2280 1109 2311 rum,
1133 2271 1331 2314 personalem
1364 2271 1562 2304 residentiam
1592 2271 1755 2314 requiren-

1017 2323 1106 2364 tium,
1131 2325 1400 2368 qualitercumque
1423 2324 1674 2368 qualificatorum
1698 2335 1755 2368 per

1018 2387 1070 2409 eos
1093 2387 1176 2410 nunc
1200 2383 1230 2410 et
1253 2389 1311 2421 pro
1335 2382 1477 2421 tempore
1495 2379 1587 2412 etiam
1609 2389 1668 2422 pro
1689 2379 1755 2412 sola

1018 2430 1175 2463 voluntate
1199 2435 1229 2463 et
1253 2431 1337 2463 nulla
1362 2431 1548 2464 subsistente
1572 2433 1665 2464 causa
1683 2431 1755 2464 resi-

1017 2482 1124 2515 dentes
1149 2484 1187 2516 ab
1213 2484 1357 2517 humanis
1382 2484 1534 2517 decedere
1566 2484 1754 2527 contigerit,

1017 2536 1075 2569 sub
1098 2536 1210 2569 litteris
1239 2537 1337 2570 felicis
1364 2537 1591 2570 recordationis
1619 2537 1664 2570 Pii
1697 2537 1754 2570 Pa-

1017 2600 1073 2632 pae
1087 2590 1134 2629 lv,
1147 2590 1400 2633 praedecessoris
1416 2590 1524 2631 nostri,
1538 2594 1646 2624 contra
1663 2601 1755 2633 quos-

1015 2654 1149 2687 cumque
1165 2644 1340 2688 episcopos,
1357 2644 1609 2688 archiepiscopos
1630 2649 1661 2677 et
1676 2643 1754 2677 alios

1667 243 1730 280 807
1776 255 1824 283 An.
1842 254 1870 283 c.
1888 255 1956 283 1623

1797 902 1903 924 inhibitio,
