2293 3231
29 303 31 305 .
78 284 129 312 An.
144 285 175 312 C.
193 284 261 312 1622

121 2050 180 2072 Aliud
193 2049 277 2076 privile-

94 2076 149 2104 {tium
165 2083 221 2098 circa
233 2082 278 2101 gra-

93 2106 133 2126 tias
141 2105 221 2125 Sacrae
228 2103 279 2124 Con·

94 2133 162 2153 sullae
204 2136 277 2152 coure-

94 2158 184 2180 fiendas.

868 285 1045 310 GREGORIUS
1069 285 1112 309 XV
1136 285 1184 308 PP-

274 332 357 365 filius
371 337 477 365 noster
501 333 611 366 Petrus
626 333 740 365 Paulus
758 333 836 366 tituli
857 334 902 366 Ss.
922 334 1012 366 Nerei

277 389 307 417 et
329 385 460 417 Achillei
486 386 650 429 presbyter
677 385 844 418 cardinalis
871 386 1015 418 Crescen-

276 437 338 470 tius
362 439 543 481 nuncupati,
568 448 585 470 a
605 438 695 471 nobis
719 438 749 470 in
774 438 921 470 omnibus
946 448 1017 470 con-

277 491 439 524 troversiis
464 492 627 525 occasione
660 492 906 535 praemissorum
940 491 1016 523 ortis

278 549 308 577 ct
321 544 468 595 oriundig
475 545 651 589 specialiter
663 545 810 588 deputati,
821 545 1017 588 infrascripta

279 597 403 630 decreta
419 598 583 638 ediderint,
598 598 715 631 tenoris
733 598 960 641 subsequentis,
978 597 1018 629 vi-

278 650 406 683 delicet:
424 657 603 691 sanxerunt,
621 651 704 695 quod
719 651 756 683 ad
770 651 909 693 singulos
927 651 1019 683 infra-

279 704 411 747 scriptos
443 704 676 737 commissarios
708 704 768 736 iam
800 703 1017 743 transmissos,

279 757 392 791 amotis
415 758 545 790 notariis
566 758 698 791 aliorum
717 757 921 790 tribunalium
941 767 1019 800 quos

280 810 340 854 ipsi
364 821 470 844 secum
487 811 652 851 duxerunt,
671 812 819 844 accedant
843 811 957 844 notarii
978 811 1019 844 os-

280 864 343 897 sicii
356 864 532 905 Ctiaritatis‚
549 865 601 909 qui
615 866 697 909 apud
711 876 764 898 eos
778 865 808 897 in
827 865 1020 898 commissio-

279 917 373 950 nibus
386 917 522 950 scribant
533 928 604 950 cum
617 918 818 961 perceptione
835 917 1018 951 viaticorum

281 974 311 1004 et
334 970 468 1004 aliorum
492 971 657 1004 solitorum
675 971 978 1003 'emolumentorum
1003 980 1019 1002 a

281 1022 341 1064 die,
366 1034 428 1067 quo
451 1023 527 1057 istae
551 1023 790 1057 commissiones
819 1024 1019 1066 inceperunt,

282 1076 438 1110 videlicet:
464 1076 502 1109 ad
528 1076 741 1119 Bulgarellum
763 1077 792 1108 in
809 1078 903 1109 causa
927 1076 1020 1109 Saxo-

281 1129 388 1161 ferrati
421 1129 608 1169 vulnerum,
638 1129 670 1161 in
700 1129 759 1161 alia
794 1129 1019 1162 Britonoriensi

281 1181 489 1224 exemptionis
509 1192 525 1214 e
542 1181 686 1214 manibus
702 1181 817 1221 curiae,
835 1186 865 1214 et
882 1181 911 1213 in
929 1181 1020 1214 tertia

281 1234 487 1267 Assisienensi
518 1234 680 1267 homicidii
705 1234 743 1267 de
768 1234 937 1274 Sei-hellis,
962 1244 1021 1277 pro

282 1287 397 1332 quibus
425 1298 532 1321 secum
563 1287 652 1320 duxit
681 1287 825 1320 iuvenem
850 1298 888 1320 ex
918 1287 1022 1320 officio

281 1340 383 1374 Lucae
406 1340 445 1374 de
468 1341 586 1375 Carolis
614 1341 765 1374 auditoris
794 1351 938 1374 camerae
969 1350 1024 1373 no-

284 1393 371 1434 tarii;
387 1399 418 1427 et
433 1393 472 1426 ad
487 1394 701 1436 Colangelum,
718 1394 771 1437 qui
785 1394 912 1437 pariter,
929 1393 1022 1427 ducto

284 1457 390 1480 secum
415 1447 475 1481 alio
500 1447 611 1480 iuvene
635 1458 670 1480 ex
688 1447 792 1480 officio
810 1447 950 1480 eiusdem
969 1447 1025 1480 Lu-

283 1510 338 1533 cae
362 1500 401 1533 dc
425 1501 553 1540 Carolis‚
571 1500 782 1534 Beneventum
803 1501 962 1544 protectus
979 1506 1024 1533 est

283 1553 316 1586 in
332 1556 426 1587 causa
443 1554 657 1587 Beneventana
673 1553 848 1593 liomicidii;
863 1559 1025 1596 praeterea

285 1611 470 1644 statuerunt,
487 1607 571 1650 quod
588 1607 765 1639 nullatenus
782 1612 946 1639 censeatur
964 1606 1027 1638 itta-

285 1664 353 1692 tum
371 1659 498 1703 aliquod
513 1659 740 1703 praeiudicium
760 1659 933 1702 privilegiis
953 1659 1027 1692 Cba-

286 1711 398 1752 ruatis,
415 1712 498 1745 circa
523 1712 791 1745 transmissionem
816 1711 928 1744 notarii
955 1722 1024 1744 cum

287 1765 510 1799 commissariis
541 1771 605 1798 tarn
637 1777 694 1809 per
725 1766 822 1798 Breve
852 1776 945 1809 quam
972 1776 1027 1808 per

286 1818 406 1851 litteras
416 1829 522 1852 sacrae
537 1820 697 1852 consultae
709 1819 857 1851 hactenus
866 1818 1027 1862 expeditis,

287 1872 409 1906 etiamsi
426 1878 584 1905 constaret
598 1871 775 1904 huiusmodi
796 1871 1028 1904 commissarios

288 1925 455 1969 aliquando
472 1936 577 1959 secum
595 1925 720 1958 duxisse
739 1925 835 1956 alium
859 1924 1028 1963 notarium,

289 1989 384 2022 quam
399 1979 557 2012 notarium
574 1979 668 2011 officii
688 1978 868 2012 Charitatis:

335 2032 350 2075 ἓ
374 2032 404 2065 2.
429 2033 559 2076 Insuper
583 2033 806 2071 decreverunt,
833 2031 917 2075 quod
946 2032 1029 2074 regi-

292 2090 431 2118 strentur
450 2085 482 2117 in
506 2086 581 2118 actis
605 2085 718 2118 notarii
743 2084 921 2124 Charitatis‚
946 2085 1030 2117 iuxta

293 2149 413 2171 morem
426 2142 619 2178 consuetum,
631 2138 892 2178 salvieonductus,
902 2143 1030 2177 arresta,

293 2191 546 2235 compositiones,
567 2191 801 2230 transactiones,
818 2191 1030 2229 liberationes,

293 2245 446 2288 etgratiae
454 2255 670 2288 quaecumque
681 2243 1031 2285 remigantibus,aliisve

292 2298 436 2342 personis
453 2297 612 2330 faciendae
633 2308 690 2340 per
710 2307 831 2329 sacram
856 2297 1030 2329 consultam

293 2361 364 2383 cum
390 2350 536 2383 omnibus
561 2350 724 2393 scripturis
748 2349 786 2382 ad
811 2349 970 2393 praedicta
994 2350 1034 2382 sa-

293 2404 458 2444 cientibus,
474 2403 534 2436 nisi
551 2408 656 2436 tamen
673 2413 783 2436 causae
800 2413 939 2442 reorum,
956 2414 1034 2446 quo-

294 2467 364 2490 rum
389 2457 554 2490 occasione
580 2456 751 2500 praemissa
780 2456 921 2488 facienda
945 2461 1034 2495 sunt,

295 2510 493 2554 reperiantur
516 2510 710 2543 introductae
735 2510 766 2541 in
778 2509 934 2542 'tribunali
951 2509 1036 2542 audi-

295 2564 373 2598 toris
403 2574 568 2603 camerae;
593 2564 669 2596 alias
700 2563 823 2603 omnia,
853 2568 882 2595 et
913 2563 1053 2606 singula‘

296 2617 469 2661 praemissa
492 2628 548 2661 per
572 2617 667 2650 alium
692 2616 850 2649 notarium
873 2622 983 2659 rogata
1006 2621 1037 2650 et

297 2670 464 2713 registrata
479 2671 650 2715 respective
669 2670 754 2703 nulla
771 2669 851 2702 sint:

1092 333 1106 375 ἓ
1129 332 1158 365 3.
1184 333 1256 371 Nos,
1273 331 1441 364 inviolabili
1459 331 1658 363 decretorum
1676 331 1783 363 buius-

1050 385 1132 417 modi
1151 383 1373 423 obseiw‘ationi,
1391 389 1541 426 quantum
1560 393 1632 415 cum
1654 382 1786 416 Domino

1049 447 1226 481 possumus,
1245 436 1427 480 prospicere
1445 436 1591 475 volentes,
1610 441 1695 469 motu
1714 447 1786 479 pro-

1051 490 1131 533 prio,
1155 495 1186 522 et
1210 499 1245 522 ex
1272 491 1356 522 certa
1377 489 1505 521 scicntia
1531 500 1566 521 ac
1592 491 1714 522 matura
1739 488 1789 522 de-

1052 543 1234 576 liberatione
1248 542 1374 583 nostris‚
1392 542 1515 575 decreta
1530 542 1698 586 praedicta,
1716 552 1790 586 apo-

1052 596 1161 629 stolica
1193 596 1395 636 auctoritate,
1422 601 1528 629 tenore
1561 595 1790 639 praesentium,

1052 649 1266 692 approbamus
1289 652 1318 682 et
1343 649 1577 689 confirmanius,
1603 648 1725 691 illisque
1751 648 1792 680 in-

1053 701 1207 734 violabilis
1224 701 1411 745 apostolicae
1428 701 1586 734 firmitatis
1603 701 1702 733 robur
1719 700 1792 733 adii-

1053 754 1162 788 cimus.

1098 809 1113 852 ἓ
1136 808 1165 841 4.
1186 809 1405 849 Decernentes‚
1422 814 1601 852 praesentes
1620 808 1739 841 litteras
1763 812 1793 840 et

1054 861 1084 893 in
1109 861 1153 893 eis
1178 866 1322 894 contenta
1347 872 1562 905 quaecumque
1587 861 1625 893 ab
1643 861 1791 894 omnibus

1053 920 1084 947 et
1094 914 1233 957 singuliS,
1247 914 1286 947 ad
1302 925 1381 958 quos
1399 919 1517 958 spectat
1535 920 1564 947 et
1577 925 1634 958 pro
1651 920 1793 958 tempore

1054 969 1289 1011 quomodolibet
1313 968 1473 1012 spectabit,
1498 968 1718 1002 inviolabiliter
1735 969 1793 1001 ob-

1054 1022 1190 1061 servari;
1708 1064 1716 1070 ‚

1099 1075 1114 1117 ἓ
1138 1074 1167 1107 5.
1182 1074 1294 1117 Sicque
1314 1079 1344 1107 et
1356 1085 1418 1108 non
1435 1075 1535 1115 aliter,
1553 1085 1611 1118 per
1628 1085 1795 1119 quoscum-

1055 1137 1116 1170 que
1140 1127 1258 1160 iudices
1272 1127 1448 1160 ordinarios
1461 1133 1491 1160 et
1511 1128 1679 1171 delegatos,
1702 1128 1794 1161 etiam

1055 1189 1221 1212 causarum
1238 1180 1343 1224 palatii
1360 1181 1522 1224 apostolici
1535 1181 1704 1222 auditores,
1721 1181 1797 1213 iudi-

1056 1233 1119 1265 cari
1137 1238 1167 1266 et
1183 1233 1307 1266 definiri
1324 1234 1450 1274 debere,
1464 1245 1500 1267 ac
1514 1235 1636 1267 irritum
1648 1240 1677 1267 et
1694 1234 1796 1274 inane,

1056 1286 1082 1318 si
1106 1297 1195 1318 secus
1213 1297 1308 1329 super
1326 1287 1374 1319 his
1394 1298 1411 1319 a
1428 1297 1599 1331 quoquam,
1618 1288 1726 1331 quavis
1746 1298 1797 1320 au-

1057 1340 1210 1379 ctoritate,
1220 1340 1355 1373 scienter
1366 1340 1413 1373 vel
1424 1340 1616 1383 ignoranter,
1629 1341 1798 1384 contigerit

1057 1393 1211 1426 attentari.

1102 1447 1116 1490 g
1140 1446 1169 1479 6.
1195 1447 1262 1479 Non
1286 1447 1482 1479 obstantibus
1505 1447 1797 1488 constitutionibus,

1058 1504 1088 1532 et
1115 1500 1365 1533 ordinationibus
1392 1501 1593 1544 apostolicis,
1622 1502 1798 1545 ceterisque

1059 1553 1223 1586 contrariis
1243 1554 1504 1597 quibuscumipie.

1103 1607 1212 1639 Datum
1238 1608 1365 1645 Romae,
1385 1607 1467 1651 apud
1492 1608 1521 1640 S.
1546 1608 1673 1640 Mariam
1697 1609 1796 1642 Maio-

1061 1670 1137 1698 rem,
1155 1660 1213 1691 sub
1231 1661 1346 1693 annulo
1362 1660 1538 1700 piscatoris,
1549 1661 1598 1693 die
1613 1672 1654 1695 xx
1669 1666 1802 1704 septem-

1060 1712 1126 1745 bris
1143 1722 1296 1754 mncxxu,
1314 1713 1512 1756 pontificatus
1537 1714 1637 1747 nostri
1661 1724 1743 1748 anno
1767 1725 1799 1748 11.

1097 1775 1154 1802 Dat.
1175 1775 1218 1802 die
1237 1776 1271 1802 20
1281 1776 1444 1812 septembris
1461 1776 1540 1812 ¹622,
1561 1777 1655 1812 pontif.
1677 1785 1746 1805 anno
1763 1785 1782 1804 1.

1105 1873 1166 1906 Die
1198 1873 1295 1906 lunae
1321 1883 1341 1906 x
1366 1874 1501 1907 octobris
1530 1883 1662 1907 MDcxxn
1687 1874 1802 1907 huius-

1062 1927 1151 1960 modi
1175 1927 1275 1960 Breve
1295 1928 1507 1970 apostolicum
1525 1929 1590 1971 suit
1617 1929 1652 1961 in
1677 1930 1804 1961 camera

1063 1980 1236 2022 apostolica
1259 1985 1505 2023 praesentatum
1537 1985 1566 2013 et
1596 1981 1648 2013 die
1678 1982 1802 2014 veneris

1062 2034 1217 2075 ‘m'qesimrt
1226 2033 1336 2076 prims?
1350 2034 1493 2066 ez'usdem
1503 2035 1632 2073 mensis,
1650 2035 1804 2076 referente

1063 2086 1241 2118 admodum
1266 2087 1493 2119 illustrissimo
1526 2092 1554 2120 et
1574 2088 1804 2120 reverendissi-

1065 2151 1115 2172 mo
1140 2140 1178 2172 D.
1193 2140 1224 2172 F
1224 2140 1345 2173 edei-ico
1368 2141 1515 2175 Cornelio
1538 2141 1643 2173 dictae
1660 2151 1806 2174 camerae

1065 2194 1178 2226 clerico
1195 2197 1223 2226 et
1240 2194 1356 2233 iudice,
1373 2195 1471 2227 citato
1487 2195 1585 2227 eliam
1599 2195 1641 2227 nd
1656 2196 1713 2227 ltoc
1725 2205 1806 2227 reve—

1065 2247 1259 2279 rendissimo
1276 2247 1313 2280 D.
1326 2248 1470 2281 Antonio
1490 2248 1644 2282 Ciccclollo
1661 2258 1806 2280 camerae

1064 2301 1248 2343 praedictae
1264 2301 1412 2343 (yenerali
1429 2301 1661 2340 commissario,
1678 2311 1806 2333 camera

1066 2354 1139 2396 ipsa
1159 2354 1245 2386 illud
1269 2354 1414 2393 admisit,
1435 2358 1463 2386 et
1488 2355 1524 2386 in
1545 2354 1638 2386 libris
1663 2354 1806 2386 eiusdem

1067 2417 1212 2439 camerae
1231 2407 1404 2450 reqislrari
1426 2407 1604 2446 nistmlcwil,
1632 2411 1726 2450 prout
1750 2417 1808 2449 per

1068 2468 1117 2489 ¹me
1148 2458 1287 2490 eiusdem
1324 2467 1468 2489 camerae
1498 2458 1667 2490 notarium
1701 2458 1808 2499 infra-

1050 2510 1052 2540 ἐ
1068 2520 1082 2542 s

1051 2547 1053 2562 l

1068 2574 1177 2597 sorum
1193 2568 1390 2607 nuncupato,
1401 2563 1456 2606 ful.
1473 2568 1568 2605 1.11,·et
1582 2564 1617 2596 in
1633 2564 1736 2608 fidem,
1754 2570 1808 2597 etc.

1305 2669 1492 2704 Asrubruus
1516 2679 1556 2703 m:
1579 2669 1720 2703 TAnAivo.

1803 282 1892 309 Aac.
1916 283 1982 309 1622

1828 344 1920 364 tainum-x
1941 350 1985 363 mn—

1816 378 1827 388 ιι
1836 372 1940 396 apin-sitiat
1950 371 1985 389 ule-

1815 400 1859 416 rvta
1882 398 1985 416 «lictorum

1802 424 1966 449 privilegiorum.

1801 371 1812 390 (i

1802 405 1811 415 ‹-

1838 819 1941 846 iubetque
1957 820 1992 841 iun

1808 847 1925 868 observari.

1835 1085 1923 1106 Sublata
1934 1086 1995 1107 aliter

1811 1113 1845 1133 iud
1855 1112 1919 1134 cmd'i
1937 1116 1995 1139 poto·

1810 1143 1873 1161 state.

1841 1457 1998 1478 Contrariorum

1814 1485 1932 1511 derogatio.

1843 1881 1962 1904 Pubtieatio

1085 2511 1226 2553 criptum
1242 2511 1449 2553 reyi'slralnm
1464 2511 1529 2553 suit
1554 2511 1589 2543 in
1607 2510 1687 2543 libro
1709 2511 1811 2543 diuer-
