2293 3231
259 287 348 317 Aac.
371 288 435 317 ¹621

277 1894 390 1916 Concessto
405 1894 447 1920 plo·

263 1922 337 1951 uariae
381 1922 447 1942 ludul-

265 1951 356 1974 [entiae.

485 279 547 314 502

462 338 498 370 iis
515 336 734 370 deficientibus
750 344 807 380 per
827 345 891 372 eos,
917 335 970 378 qui
995 335 1070 368 inibi
1095 346 1202 369 curam

462 396 606 424 exercent
624 390 812 427 animarum,
837 388 1047 432 deputandam
1075 399 1129 422 seu
1155 389 1221 422 dem

460 445 623 488 putandas.
649 454 849 487 quocumque
875 442 932 475 sibi
953 443 1100 476 beneviso
1125 444 1204 476 eius-

461 497 530 530 dem
550 496 767 530 hebdomadae
793 496 842 529 die
867 496 914 529 vel
940 496 1070 537 diebus,
1093 497 1221 530 saltem

461 549 556 582 semel
586 549 697 582 devote
730 549 863 582 visitent.
893 548 1007 582 Omnes
1039 554 1221 593 praeterea:

460 606 570 646 quarta
585 606 613 636 et
628 605 713 635 sexta
728 603 803 635 feria
816 608 846 636 et
858 602 989 636 sabbato
1001 603 1139 636 eiusdem
1155 603 1202 636 vel

460 656 589 689 alterius
613 656 772 700 sequentis
797 656 1013 690 hebdomadae
1043 657 1178 690 ieiunent
1195 684 1202 694 ,

460 715 499 749 et,
513 715 665 752 quantum
684 719 743 754 pro
757 719 814 743 suo
828 709 962 753 quisque
979 710 1112 744 arbitrio
1126 709 1203 742 iudi-

460 762 586 801 caverit,
604 762 818 807 eleemosynas
838 767 979 806 erogent,
1005 768 1097 807 atque
1122 763 1202 797 intra

460 815 519 848 hoc
537 816 640 860 ipsum
662 820 786 860 tempus
810 816 1028 850 sacerdotibus
1053 816 1092 849 ab
1116 816 1204 850 Ordi-

459 869 548 903 nario
565 869 747 914 approbatis
760 875 887 914 peccata
912 880 967 902 sua
984 870 1202 910 confiteantur,

460 929 489 955 et
506 923 555 956 die
572 923 730 957 dominico
753 924 873 957 dictum
898 924 1017 957 sabbati
1036 924 1119 957 diem
1133 935 1204 967 pro-

461 977 542 1009 xime
557 977 777 1021 subsequente,
791 978 838 1010 vel
855 978 916 1011 alio
930 978 1030 1011 dietae
1045 978 1203 1022 sequentis

460 1031 676 1065 hebdomadae
698 1032 758 1072 die,
775 1032 907 1066 arbitrio
928 1032 1120 1074 confessarii,
1137 1043 1204 1065 san-

462 1084 619 1118 ctissimae
629 1085 843 1119 Eucharistiae
853 1091 1083 1120 sacramentum
1093 1086 1203 1120 devote

462 1138 646 1182 percipiant.
672 1139 730 1178 Qui
755 1143 859 1173 autem
880 1139 911 1171 in
934 1139 1131 1183 navigatione
1156 1140 1202 1172 vel

462 1190 574 1224 itinere
594 1191 721 1232 fuerint,
744 1202 780 1225 eo
805 1198 948 1235 peracto,
973 1193 1047 1225 haec
1074 1193 1141 1236 ipsa
1164 1192 1205 1225 sa-

463 1243 543 1276 ciant
570 1250 601 1276 et
627 1250 841 1287 exequantur;
867 1246 919 1288 qui
945 1256 1020 1278 vero
1043 1246 1204 1288 regulares

462 1297 626 1341 utriusque
647 1308 740 1331 sexus
758 1298 788 1330 in
809 1299 954 1331 claustris
979 1304 1131 1342 perpetuo
1156 1300 1205 1332 de-

463 1356 549 1392 gunt,
575 1352 622 1384 vel
648 1351 677 1383 in
704 1361 840 1391 carcere,
858 1357 909 1384 aut
929 1352 1106 1396 captivitate
1131 1353 1205 1385 deti-

462 1408 586 1443 nentur,
604 1404 651 1437 vel
666 1409 794 1448 propter
812 1405 956 1449 corporis
979 1405 1203 1445 infirmitatem,

463 1462 513 1490 aut
532 1457 615 1490 aliud
634 1458 855 1502 quodcumque
870 1459 1142 1503 impedimentum,
1157 1471 1205 1492 su—

463 1511 569 1554 perius
587 1522 734 1555 expressa
763 1523 817 1545 seu
836 1523 944 1545 eorum
974 1513 1078 1555 aliqua
1102 1513 1203 1546 facere

463 1574 517 1598 seu
534 1565 707 1609 adimplere
723 1566 933 1610 nequiverint,
948 1566 1119 1599 sacerdotis
1133 1577 1204 1600 con-

464 1619 582 1652 fessarii
601 1620 765 1663 approbati
783 1620 821 1651 ab
838 1619 1014 1660 Ordinatio,
1035 1630 1128 1664 quem
1147 1620 1205 1653 ele-

462 1671 578 1714 gerint,
604 1672 753 1712 arbitrio,
778 1672 937 1716 praedicta
962 1672 1067 1705 omnia
1092 1679 1119 1705 et
1145 1673 1205 1705 sin-

462 1726 536 1768 gula
549 1727 595 1759 vel
606 1737 715 1759 eorum
730 1727 877 1770 aliquam
895 1726 954 1759 alia
970 1727 1093 1770 pietatis
1107 1737 1203 1771 opera

463 1785 668 1821 commutare,
680 1780 728 1813 vel
742 1780 773 1812 in
787 1780 870 1813 aliud
882 1780 1201 1824 tempus,p1·oximum

463 1837 577 1873 tamen,
595 1832 722 1866 differre
740 1833 869 1866 valeant.

507 1886 522 1929 g
546 1886 575 1919 2.
601 1886 686 1926 Quae
710 1887 827 1927 omnia,
844 1891 877 1919 ut
894 1897 931 1919 eo
948 1886 1096 1920 libentius
1118 1897 1205 1931 prae-

463 1944 545 1972 stare
570 1939 725 1979 studeant,
750 1950 812 1983 quo
837 1939 966 1973 uberius
990 1940 1204 1984 spiritualibus

463 1993 647 2026 muneribus
672 1998 702 2026 et
726 1993 835 2036 gratiis
860 2004 877 2025 a
902 1993 992 2026 nobis
1013 2004 1046 2026 se
1071 1994 1204 2027 resectos

463 2056 531 2079 esse
551 2047 766 2089 cognoverint,
784 2047 822 2079 de
839 2047 1063 2090 omnipotentis
1080 2047 1133 2081 Dei
1150 2048 1205 2080 mi-

464 2099 635 2132 sei-ieordia
648 2110 682 2132 ac
697 2099 861 2133 beatorum
879 2100 961 2132 Petri
983 2105 1011 2134 ct
1033 2101 1118 2133 Pauli
1133 2112 1206 2145 apo-

464 2152 616 2185 stolorum
642 2153 709 2185 eius
730 2153 914 2187 auctoritate
939 2154 1066 2194 confisi,
1092 2164 1128 2186 ex
1153 2155 1203 2187 itta

465 2205 580 2248 ligandi
614 2211 706 2250 atque
738 2207 877 2239 solvendi
903 2208 1080 2250 potestate,
1110 2218 1204 2250 quam

466 2258 546 2292 Deus
570 2259 662 2292 nobis
686 2259 759 2292 lieet
783 2259 918 2302 indignis
943 2260 1084 2300 contulit,
1109 2259 1223 2293 omni-³

465 2311 522 2345 bus
545 2315 574 2345 et
601 2312 732 2355 singulis
758 2313 943 2356 praedictis,
970 2313 1022 2357 qui
1049 2314 1223 2357 praedicta¹

465 2365 723 2409 adimpleverint,
756 2366 969 2410 plenissimam
1003 2373 1204 2410 peccatorum

465 2428 594 2452 suorum
620 2419 846 2463 indulgentiam
870 2425 900 2453 et
921 2420 1151 2461 remissionem,
1170 2421 1206 2453 si-

465 2477 516 2504 cut
547 2473 578 2505 in
606 2483 687 2507 anno
719 2473 844 2507 iubilaei
877 2474 1073 2508 visitantibus
1105 2480 1206 2508 certas

465 2526 611 2559 ecclesias
640 2527 720 2560 intra
752 2533 781 2560 et
814 2533 903 2561 extra
934 2528 1049 2562 Urbem
1075 2528 1204 2562 concedi

466 2580 637 2622 consuevit,
653 2584 759 2614 tenore
772 2581 984 2624 praesentium
1003 2582 1205 2615 concedimus

467 2637 497 2664 et
518 2633 700 2676 elargimur.
725 2635 853 2668 Necnon
877 2634 995 2668 eisdem
1012 2635 1158 2668 fidelihus
1178 2646 1206 2668 e-

468 2684 543 2718 tiam
560 2686 785 2730 cuiuscumque
799 2687 934 2729 Ordinis,
952 2689 1205 2731 congregationis

1037 286 1218 312 ammaum
1241 285 1396 312 hominm

1236 341 1265 368 et
1283 335 1414 368 instituti
1431 334 1632 377 regularibus
1647 335 1809 380 utriusque
1826 344 1918 370 sexus
1935 335 1975 369 sa-

1237 389 1384 422 cultatem
1399 388 1599 432 impertimur
1616 388 1752 431 eligendi
1774 388 1832 422 sibi
1849 389 1975 434 presby-

1238 447 1338 476 terum
1361 441 1585 476 confessarium
1603 447 1666 474 tam
1687 441 1861 475 secularem
1880 453 1973 486 quam

1237 495 1374 529 cuiusvis
1394 495 1519 529 Ordinis
1541 495 1589 528 vel
1615 495 1747 528 instituti
1778 495 1974 539 regularem,

1237 561 1272 583 ex
1298 549 1480 594 approbatis
1499 548 1537 582 ab
1562 548 1736 583 Ordinariis
1751 549 1905 591 locorum,
1921 550 1975 594 qui

1236 614 1289 638 eos
1313 603 1351 636 ab
1375 603 1523 637 omnibus
1547 602 1890 645 excommunicationis,
1909 613 1977 637 sus-

1236 657 1396 701 pensionis
1421 660 1450 690 et
1474 657 1643 700 interdicti,
1668 657 1799 702 aliisque
1818 657 1977 691 ecclesias-

1235 710 1304 743 ticis
1329 710 1490 744 sententiis
1514 716 1543 744 et
1568 710 1719 751 censuris,
1744 720 1762 744 a
1785 710 1854 744 iure
1873 711 1922 745 vel
1938 709 1976 744 ab

1236 763 1382 800 homine,
1407 763 1518 808 quovis
1551 763 1646 797 modo
1678 764 1725 797 vel
1759 765 1855 798 causa
1887 763 1976 805 latis,

1236 827 1291 850 seu
1315 816 1451 858 inflictis,
1471 826 1594 851 necnon
1610 816 1649 850 ab
1666 817 1814 851 omnibus
1830 817 1976 861 peccatis,

1236 870 1424 911 excessibus,
1450 870 1636 904 criminibus
1661 876 1689 903 et
1714 870 1846 913 delictis,
1871 880 1974 915 quan-

1237 925 1351 957 tumvis
1375 924 1524 967 gravibus
1548 930 1579 957 et
1602 923 1801 965 enormibus,
1826 924 1921 958 etiam
1945 924 1977 957 in

1236 978 1359 1011 casibus
1372 984 1435 1011 tam
1451 979 1594 1011 locorum
1609 977 1792 1017 Ordinariis,
1813 988 1907 1022 quam
1924 987 1978 1011 no-

1237 1032 1285 1064 bis
1309 1035 1339 1066 et
1363 1031 1433 1065 Sedi
1458 1031 1667 1075 Apostolicae,
1691 1031 1784 1065 etiam
1810 1031 1841 1064 in
1865 1031 1976 1065 litteris

1236 1086 1286 1118 die
1311 1086 1431 1119 Coenae
1455 1085 1579 1118 Domini
1603 1085 1665 1128 legi
1691 1085 1859 1125 consuetis,
1883 1090 1976 1129 atque

1237 1139 1312 1171 alias
1348 1139 1441 1171 etiam
1480 1149 1538 1182 per
1572 1148 1787 1182 quascumque
1819 1138 1976 1171 Romano-

1238 1203 1306 1225 rum
1334 1192 1520 1226 Pontisscum
1546 1192 1826 1236 prae-decessorum
1852 1196 1977 1225 nostro-

1238 1255 1307 1277 rum
1326 1245 1573 1284 constitutiones,
1591 1255 1725 1288 quarum
1746 1250 1871 1278 tenores
1890 1254 1978 1288 prae-

1238 1298 1377 1331 sentibus
1402 1299 1511 1332 haberi
1538 1299 1682 1332 volumus
1715 1309 1773 1342 pro
1805 1298 1976 1343 expressis,

1237 1352 1474 1396 quomodolibet
1500 1352 1677 1392 reservatis,
1703 1352 1735 1385 in
1759 1352 1827 1386 soro
1856 1356 1976 1385 tantum

1238 1406 1456 1447 conscientiae,
1468 1406 1525 1439 hae
1542 1406 1608 1439 vice
1626 1405 1788 1438 dumtaxat
1805 1405 1976 1445 absolvere,

1238 1465 1265 1492 et
1301 1459 1427 1502 insuper
1452 1465 1523 1492 vota
1547 1469 1764 1503 quaecumque
1794 1458 1977 1502 (religionis

1238 1518 1264 1545 et
1291 1513 1441 1547 castitalis
1465 1512 1681 1547 tantummodo
1706 1512 1857 1557 exceptis)
1874 1512 1905 1544 in
1918 1512 1978 1545 alia

1237 1567 1288 1609 pia
1313 1572 1343 1599 et
1367 1567 1514 1600 salutaria
1539 1577 1636 1611 opera
1652 1571 1848 1600 commutare
1865 1566 1978 1609 (iniun-

1237 1623 1286 1653 cta
1311 1626 1416 1653 tamen
1440 1621 1484 1653 eis
1509 1625 1539 1653 ct
1566 1631 1676 1654 eorum
1706 1619 1834 1653 cuilibet
1865 1619 1897 1652 in
1926 1630 1979 1652 su-

1236 1673 1385 1717 pradictis
1404 1674 1527 1706 casibus
1550 1674 1744 1718 poenitentia
1768 1674 1914 1714 salutari,
1942 1683 1977 1706 ac

1237 1727 1306 1760 aliis
1331 1727 1544 1771 iniungendis)
1568 1728 1689 1771 possint
1708 1732 1738 1760 et
1757 1727 1887 1760 valeant.

1281 1781 1295 1824 ξ
1319 1780 1348 1813 3.
1375 1781 1552 1814 Mandantes
1585 1781 1714 1825 insuper
1745 1780 1978 1814 venerabilibus

1237 1834 1385 1866 fratribus
1409 1833 1526 1867 nostris
1549 1833 1747 1877 patriarchis,
1771 1833 1978 1878 archiepisco-

1237 1887 1296 1930 pis,
1321 1886 1487 1931 episcopis,
1512 1892 1541 1920 et
1566 1886 1635 1919 aliis
1659 1886 1909 1932 quibuscumque
1926 1897 1977 1921 ec-

1238 1941 1402 1973 clesiarum
1420 1940 1568 1984 praelatis
1584 1945 1614 1973 et
1631 1940 1773 1974 locorum
1794 1940 1978 1981 Ordinariis,

1238 1993 1268 2026 in
1293 1994 1409 2027 virtute
1433 2000 1556 2027 sauctae
1589 1993 1803 2034 obedientiae,
1827 1998 1878 2036 ut,
1906 2005 1977 2028 cum

1239 2047 1349 2080 harum
1366 2047 1541 2081 litterarum
1558 2053 1753 2092 transumpta
1770 2053 1822 2081 aut
1836 2049 1979 2093 exempla

1221 2126 1222 2134 ,
1239 2101 1427 2144 acceperint,
1441 2101 1493 2133 illa
1510 2101 1612 2134 statim
1630 2112 1687 2145 per
1704 2111 1774 2134 suas
1790 2101 1978 2145 provincias,

1239 2155 1396 2194 ecclesias,
1414 2155 1573 2188 dioeceses
1591 2155 1752 2199 publicent
1769 2160 1799 2189 et
1817 2155 1979 2200 publicare

1239 2208 1362 2248 saciant,
1387 2209 1535 2251 cleroque
1560 2214 1590 2241 et
1613 2208 1730 2252 populo
1754 2208 1813 2241 sibi
1838 2208 1978 2242 subiecto

1239 2261 1394 2295 solemnes
1415 2261 1643 2305 processiones,
1668 2261 1747 2295 sicut
1766 2271 1824 2295 nos
1840 2261 1871 2294 in
1887 2271 1978 2305 prae-

1239 2314 1321 2347 dicta
1345 2313 1427 2348 Urbe
1459 2314 1644 2355 indiximus,
1669 2314 1807 2347 indicant
1837 2319 1867 2347 et
1890 2314 1977 2347 cele-

1239 2368 1338 2401 brent.
1365 2368 1423 2401 Pcr
1447 2373 1628 2412 praesentes
1651 2372 1773 2408 autem,
1798 2377 1893 2412 super
1925 2367 1977 2401 ali-

1238 2423 1299 2465 qua
1331 2421 1564 2465 irregularitate
1595 2421 1720 2465 publica
1752 2421 1800 2454 vel
1834 2422 1976 2462 occulta,

1239 2476 1321 2515 nota,
1335 2474 1467 2516 defectu,
1486 2474 1687 2518 incapacitate
1710 2480 1762 2507 aut
1783 2474 1977 2508 inhabilitate

1239 2528 1479 2572 quomodolibet
1505 2529 1664 2561 eontracta
1689 2537 1751 2561 non
1776 2527 1976 2569 intendimus,

1238 2592 1296 2614 nec
1309 2581 1402 2614 etiam
1419 2581 1450 2613 in
1467 2582 1535 2614 soro
1549 2580 1767 2623 conscientiae,
1784 2581 1976 2625 dispensare,

1239 2645 1340 2679 neque
1364 2635 1460 2668 ullam
1484 2634 1661 2668 facultatem
1685 2634 1825 2668 tribuere
1848 2634 1976 2680 dispen-

1239 2689 1335 2724 sandi.
1350 2690 1393 2724 Ac
1405 2688 1600 2723 declaramus
1612 2689 1668 2722 has
1684 2689 1766 2733 ipsas
1779 2694 1972 2734 praesentes,

1990 287 2041 315 An.
2052 285 2081 316 C.
2101 286 2167 316 ¹02¹

2059 1794 2176 1817 lubitum

1992 1822 2072 1848 ubique
2081 1822 2176 1844 locorum

1992 1848 2150 1877 publicandum.
