<?xml version="1.0" encoding="UTF-8"?>
<!DOCTYPE html PUBLIC "-//W3C//DTD XHTML 1.0 Transitional//EN"
    "http://www.w3.org/TR/xhtml1/DTD/xhtml1-transitional.dtd">
<html xmlns="http://www.w3.org/1999/xhtml" xml:lang="en" lang="en">
 <head>
  <title>
</title>
<meta http-equiv="Content-Type" content="text/html;charset=utf-8" />
  <meta name='ocr-system' content='tesseract 3.04.00' />
  <meta name='ocr-capabilities' content='ocr_page ocr_carea ocr_par ocr_line ocrx_word'/>
</head>
<body>
  <div class='ocr_page' id='page_1' title='image "./bullarumdiplomat12cath_0803.png"; bbox 0 0 2293 3231; ppageno 0'>
   <div class='ocr_carea' id='block_1_1' title="bbox 0 0 48 3231">
    <p class='ocr_par' dir='ltr' id='par_1_1' title="bbox 0 0 48 3231">
     <span class='ocr_line' id='line_1_1' title="bbox 0 0 48 3231; baseline 0 0"><span class='ocrx_word' id='word_1_1' title='bbox 0 0 48 3231; x_wconf 95' lang='lat' dir='ltr'> </span> 
     </span>
    </p>
   </div>
   <div class='ocr_carea' id='block_1_2' title="bbox 73 343 256 373">
    <p class='ocr_par' dir='ltr' id='par_1_2' title="bbox 73 343 256 373">
     <span class='ocr_line' id='line_1_2' title="bbox 73 343 256 373; baseline -0.011 -1"><span class='ocrx_word' id='word_1_2' title='bbox 73 344 121 373; x_wconf 73' lang='lat' dir='ltr'>An.</span> <span class='ocrx_word' id='word_1_3' title='bbox 143 344 171 372; x_wconf 90' lang='lat' dir='ltr'>C.</span> <span class='ocrx_word' id='word_1_4' title='bbox 189 343 256 371; x_wconf 70' lang='lat'>1622</span> 
     </span>
    </p>
   </div>
   <div class='ocr_carea' id='block_1_3' title="bbox 105 1090 222 1112">
    <p class='ocr_par' dir='ltr' id='par_1_3' title="bbox 105 1090 222 1112">
     <span class='ocr_line' id='line_1_3' title="bbox 105 1090 222 1112; baseline -0.009 0"><span class='ocrx_word' id='word_1_5' title='bbox 105 1090 222 1112; x_wconf 82' lang='lat' dir='ltr'>Conclusio.</span> 
     </span>
    </p>
   </div>
   <div class='ocr_carea' id='block_1_4' title="bbox 93 2570 275 2618">
    <p class='ocr_par' dir='ltr' id='par_1_4' title="bbox 93 2570 275 2618">
     <span class='ocr_line' id='line_1_4' title="bbox 117 2570 275 2594; baseline -0.013 -2"><span class='ocrx_word' id='word_1_6' title='bbox 117 2570 178 2592; x_wconf 71' lang='lat' dir='ltr'>Facu</span> <span class='ocrx_word' id='word_1_7' title='bbox 193 2570 260 2591; x_wconf 79' lang='lat' dir='ltr'>series</span> <span class='ocrx_word' id='word_1_8' title='bbox 270 2586 275 2594; x_wconf 92' lang='grc'>,</span> 
     </span>
     <span class='ocr_line' id='line_1_5' title="bbox 93 2597 275 2618; baseline -0.005 0"><span class='ocrx_word' id='word_1_9' title='bbox 93 2602 130 2618; x_wconf 81' lang='lat' dir='ltr'>seu</span> <span class='ocrx_word' id='word_1_10' title='bbox 153 2603 217 2618; x_wconf 80' lang='lat' dir='ltr'>causa</span> <span class='ocrx_word' id='word_1_11' title='bbox 240 2597 275 2617; x_wconf 82' lang='lat' dir='ltr'>de-</span> 
     </span>
    </p>
   </div>
   <div class='ocr_carea' id='block_1_5' title="bbox 92 2623 152 2645">
    <p class='ocr_par' dir='ltr' id='par_1_5' title="bbox 92 2623 152 2645">
     <span class='ocr_line' id='line_1_6' title="bbox 92 2623 152 2645; baseline 0 -1"><span class='ocrx_word' id='word_1_12' title='bbox 92 2623 152 2645; x_wconf 78' lang='lat' dir='ltr'>creti.</span> 
     </span>
    </p>
   </div>
   <div class='ocr_carea' id='block_1_6' title="bbox 875 342 1189 368">
    <p class='ocr_par' dir='ltr' id='par_1_6' title="bbox 875 342 1189 368">
     <span class='ocr_line' id='line_1_7' title="bbox 875 342 1189 368; baseline -0.006 -1"><span class='ocrx_word' id='word_1_13' title='bbox 875 342 1051 368; x_wconf 78' lang='lat' dir='ltr'>GREGORIUS</span> <span class='ocrx_word' id='word_1_14' title='bbox 1075 342 1118 366; x_wconf 82' lang='lat' dir='ltr'>XV</span> <span class='ocrx_word' id='word_1_15' title='bbox 1141 342 1189 366; x_wconf 73' lang='lat' dir='ltr'>Pr.</span> 
     </span>
    </p>
   </div>
   <div class='ocr_carea' id='block_1_7' title="bbox 272 391 1029 1816">
    <p class='ocr_par' dir='ltr' id='par_1_7' title="bbox 272 391 1029 1070">
     <span class='ocr_line' id='line_1_8' title="bbox 272 391 1011 431; baseline 0 -7"><span class='ocrx_word' id='word_1_16' title='bbox 272 391 430 424; x_wconf 89' lang='lat' dir='ltr'>individua</span> <span class='ocrx_word' id='word_1_17' title='bbox 456 402 491 424; x_wconf 88' lang='lat' dir='ltr'>ae</span> <span class='ocrx_word' id='word_1_18' title='bbox 516 392 553 424; x_wconf 85' lang='lat' dir='ltr'>de</span> <span class='ocrx_word' id='word_1_19' title='bbox 586 392 682 425; x_wconf 87' lang='lat' dir='ltr'>verbo</span> <span class='ocrx_word' id='word_1_20' title='bbox 711 391 749 424; x_wconf 88' lang='lat' dir='ltr'>ad</span> <span class='ocrx_word' id='word_1_21' title='bbox 778 391 929 431; x_wconf 85' lang='lat' dir='ltr'>verbum,</span> <span class='ocrx_word' id='word_1_22' title='bbox 950 401 1011 424; x_wconf 89' lang='lat' dir='ltr'>non</span> 
     </span>
     <span class='ocr_line' id='line_1_9' title="bbox 273 444 1011 487; baseline 0 -11"><span class='ocrx_word' id='word_1_23' title='bbox 273 449 377 477; x_wconf 88' lang='lat' dir='ltr'>autem</span> <span class='ocrx_word' id='word_1_24' title='bbox 404 455 460 487; x_wconf 86' lang='lat' dir='ltr'>per</span> <span class='ocrx_word' id='word_1_25' title='bbox 485 445 640 477; x_wconf 70' lang='lat' dir='ltr'>clausulas</span> <span class='ocrx_word' id='word_1_26' title='bbox 664 445 828 487; x_wconf 74' lang='lat' dir='ltr'>generales</span> <span class='ocrx_word' id='word_1_27' title='bbox 853 444 933 476; x_wconf 91' lang='lat' dir='ltr'>idem</span> <span class='ocrx_word' id='word_1_28' title='bbox 953 444 1011 476; x_wconf 87' lang='lat' dir='ltr'>im-</span> 
     </span>
     <span class='ocr_line' id='line_1_10' title="bbox 272 497 1029 541; baseline -0.001 -11"><span class='ocrx_word' id='word_1_29' title='bbox 272 502 442 540; x_wconf 84' lang='lat' dir='ltr'>portantes,</span> <span class='ocrx_word' id='word_1_30' title='bbox 465 498 581 531; x_wconf 86' lang='lat' dir='ltr'>mentio</span> <span class='ocrx_word' id='word_1_31' title='bbox 599 509 653 530; x_wconf 87' lang='lat' dir='ltr'>seu</span> <span class='ocrx_word' id='word_1_32' title='bbox 670 498 796 541; x_wconf 82' lang='lat' dir='ltr'>quaevis</span> <span class='ocrx_word' id='word_1_33' title='bbox 814 497 873 529; x_wconf 87' lang='lat' dir='ltr'>alia</span> <span class='ocrx_word' id='word_1_34' title='bbox 890 507 1013 540; x_wconf 82' lang='lat' dir='ltr'>expres·</span> <span class='ocrx_word' id='word_1_35' title='bbox 1028 505 1029 515; x_wconf 65' lang='lat'>¹</span> 
     </span>
     <span class='ocr_line' id='line_1_11' title="bbox 274 550 1012 594; baseline -0.001 -12"><span class='ocrx_word' id='word_1_36' title='bbox 274 550 319 582; x_wconf 86' lang='lat' dir='ltr'>sio</span> <span class='ocrx_word' id='word_1_37' title='bbox 334 550 474 582; x_wconf 86' lang='lat' dir='ltr'>habenda</span> <span class='ocrx_word' id='word_1_38' title='bbox 488 556 540 583; x_wconf 88' lang='lat' dir='ltr'>aut</span> <span class='ocrx_word' id='word_1_39' title='bbox 557 551 661 594; x_wconf 83' lang='lat' dir='ltr'>aliqua</span> <span class='ocrx_word' id='word_1_40' title='bbox 674 551 732 582; x_wconf 85' lang='lat' dir='ltr'>alia</span> <span class='ocrx_word' id='word_1_41' title='bbox 744 550 896 592; x_wconf 77' lang='lat' dir='ltr'>exquisita</span> <span class='ocrx_word' id='word_1_42' title='bbox 913 550 1012 582; x_wconf 84' lang='lat' dir='ltr'>forma</span> 
     </span>
     <span class='ocr_line' id='line_1_12' title="bbox 274 603 1012 647; baseline 0 -12"><span class='ocrx_word' id='word_1_43' title='bbox 274 603 311 635; x_wconf 89' lang='lat' dir='ltr'>ad</span> <span class='ocrx_word' id='word_1_44' title='bbox 337 603 396 636; x_wconf 85' lang='lat' dir='ltr'>Iioc</span> <span class='ocrx_word' id='word_1_45' title='bbox 421 603 572 636; x_wconf 81' lang='lat' dir='ltr'>servanda</span> <span class='ocrx_word' id='word_1_46' title='bbox 598 604 701 647; x_wconf 80' lang='lat' dir='ltr'>soret),</span> <span class='ocrx_word' id='word_1_47' title='bbox 728 603 852 635; x_wconf 84' lang='lat' dir='ltr'>illarum</span> <span class='ocrx_word' id='word_1_48' title='bbox 879 608 1012 642; x_wconf 85' lang='lat' dir='ltr'>tenores,</span> 
     </span>
     <span class='ocr_line' id='line_1_13' title="bbox 274 655 1013 698; baseline 0 -11"><span class='ocrx_word' id='word_1_49' title='bbox 274 666 309 688; x_wconf 84' lang='lat' dir='ltr'>ae</span> <span class='ocrx_word' id='word_1_50' title='bbox 334 656 357 687; x_wconf 90' lang='lat' dir='ltr'>si</span> <span class='ocrx_word' id='word_1_51' title='bbox 383 655 421 687; x_wconf 89' lang='lat' dir='ltr'>de</span> <span class='ocrx_word' id='word_1_52' title='bbox 446 655 543 688; x_wconf 83' lang='lat' dir='ltr'>verbo</span> <span class='ocrx_word' id='word_1_53' title='bbox 567 656 605 688; x_wconf 85' lang='lat' dir='ltr'>ad</span> <span class='ocrx_word' id='word_1_54' title='bbox 630 656 771 695; x_wconf 82' lang='lat' dir='ltr'>verbum,</span> <span class='ocrx_word' id='word_1_55' title='bbox 792 655 868 688; x_wconf 81' lang='lat' dir='ltr'>nihil</span> <span class='ocrx_word' id='word_1_56' title='bbox 890 655 1013 698; x_wconf 88' lang='lat' dir='ltr'>penitus</span> 
     </span>
     <span class='ocr_line' id='line_1_14' title="bbox 275 708 1012 748; baseline 0 -8"><span class='ocrx_word' id='word_1_57' title='bbox 275 709 392 741; x_wconf 86' lang='lat' dir='ltr'>omisso</span> <span class='ocrx_word' id='word_1_58' title='bbox 413 713 442 741; x_wconf 91' lang='lat' dir='ltr'>et</span> <span class='ocrx_word' id='word_1_59' title='bbox 468 709 568 741; x_wconf 77' lang='lat' dir='ltr'>forma</span> <span class='ocrx_word' id='word_1_60' title='bbox 584 709 614 740; x_wconf 91' lang='lat' dir='ltr'>in</span> <span class='ocrx_word' id='word_1_61' title='bbox 632 709 691 741; x_wconf 90' lang='lat' dir='ltr'>illis</span> <span class='ocrx_word' id='word_1_62' title='bbox 709 709 821 741; x_wconf 74' lang='lat' dir='ltr'>tradita</span> <span class='ocrx_word' id='word_1_63' title='bbox 839 708 1012 748; x_wconf 76' lang='lat' dir='ltr'>observata,</span> 
     </span>
     <span class='ocr_line' id='line_1_15' title="bbox 275 760 1014 805; baseline -0.001 -12"><span class='ocrx_word' id='word_1_64' title='bbox 275 761 528 804; x_wconf 74' lang='lat' dir='ltr'>exprimerentur</span> <span class='ocrx_word' id='word_1_65' title='bbox 549 767 578 793; x_wconf 88' lang='lat' dir='ltr'>et</span> <span class='ocrx_word' id='word_1_66' title='bbox 598 762 822 802; x_wconf 72' lang='lat' dir='ltr'>insererentur,</span> <span class='ocrx_word' id='word_1_67' title='bbox 847 760 1014 805; x_wconf 81' lang='lat' dir='ltr'>praesenti-</span> 
     </span>
     <span class='ocr_line' id='line_1_16' title="bbox 274 814 1014 858; baseline 0.001 -12"><span class='ocrx_word' id='word_1_68' title='bbox 274 814 333 846; x_wconf 88' lang='lat' dir='ltr'>bus</span> <span class='ocrx_word' id='word_1_69' title='bbox 358 825 416 858; x_wconf 89' lang='lat' dir='ltr'>pro</span> <span class='ocrx_word' id='word_1_70' title='bbox 440 814 630 847; x_wconf 84' lang='lat' dir='ltr'>sufficienter</span> <span class='ocrx_word' id='word_1_71' title='bbox 655 815 812 858; x_wconf 81' lang='lat' dir='ltr'>expressis</span> <span class='ocrx_word' id='word_1_72' title='bbox 836 820 866 847; x_wconf 93' lang='lat' dir='ltr'>et</span> <span class='ocrx_word' id='word_1_73' title='bbox 890 814 1014 847; x_wconf 89' lang='lat' dir='ltr'>insertis</span> 
     </span>
     <span class='ocr_line' id='line_1_17' title="bbox 276 867 1014 911; baseline 0.001 -12"><span class='ocrx_word' id='word_1_74' title='bbox 276 867 442 909; x_wconf 78' lang='lat' dir='ltr'>habenteS,</span> <span class='ocrx_word' id='word_1_75' title='bbox 468 867 528 900; x_wconf 90' lang='lat' dir='ltr'>illis</span> <span class='ocrx_word' id='word_1_76' title='bbox 553 867 627 900; x_wconf 76' lang='lat' dir='ltr'>alias</span> <span class='ocrx_word' id='word_1_77' title='bbox 657 868 687 900; x_wconf 90' lang='lat' dir='ltr'>in</span> <span class='ocrx_word' id='word_1_78' title='bbox 719 879 775 900; x_wconf 90' lang='lat' dir='ltr'>suo</span> <span class='ocrx_word' id='word_1_79' title='bbox 800 868 915 901; x_wconf 86' lang='lat' dir='ltr'>robore</span> <span class='ocrx_word' id='word_1_80' title='bbox 943 878 1014 911; x_wconf 91' lang='lat' dir='ltr'>per-</span> 
     </span>
     <span class='ocr_line' id='line_1_18' title="bbox 276 920 1014 961; baseline 0.001 -9"><span class='ocrx_word' id='word_1_81' title='bbox 276 920 442 961; x_wconf 82' lang='lat' dir='ltr'>mansuris,</span> <span class='ocrx_word' id='word_1_82' title='bbox 467 921 526 953; x_wconf 86' lang='lat' dir='ltr'>hae</span> <span class='ocrx_word' id='word_1_83' title='bbox 542 921 608 953; x_wconf 81' lang='lat' dir='ltr'>viCe</span> <span class='ocrx_word' id='word_1_84' title='bbox 626 921 786 953; x_wconf 79' lang='lat' dir='ltr'>dumtaxat</span> <span class='ocrx_word' id='word_1_85' title='bbox 802 921 915 953; x_wconf 86' lang='lat' dir='ltr'>harum</span> <span class='ocrx_word' id='word_1_86' title='bbox 933 921 1014 953; x_wconf 85' lang='lat' dir='ltr'>serie</span> 
     </span>
     <span class='ocr_line' id='line_1_19' title="bbox 277 973 1016 1017; baseline 0.003 -13"><span class='ocrx_word' id='word_1_87' title='bbox 277 973 454 1017; x_wconf 74' lang='lat' dir='ltr'>specialiter</span> <span class='ocrx_word' id='word_1_88' title='bbox 479 979 509 1006; x_wconf 80' lang='lat' dir='ltr'>et</span> <span class='ocrx_word' id='word_1_89' title='bbox 533 984 678 1017; x_wconf 79' lang='lat' dir='ltr'>expresse</span> <span class='ocrx_word' id='word_1_90' title='bbox 703 974 910 1016; x_wconf 81' lang='lat' dir='ltr'>derogamus,</span> <span class='ocrx_word' id='word_1_91' title='bbox 938 978 1016 1006; x_wconf 86' lang='lat' dir='ltr'>cete—</span> 
     </span>
     <span class='ocr_line' id='line_1_20' title="bbox 277 1026 860 1070; baseline 0.002 -12"><span class='ocrx_word' id='word_1_92' title='bbox 277 1026 383 1070; x_wconf 84' lang='lat' dir='ltr'>risque</span> <span class='ocrx_word' id='word_1_93' title='bbox 407 1027 573 1060; x_wconf 77' lang='lat' dir='ltr'>contrariis</span> <span class='ocrx_word' id='word_1_94' title='bbox 597 1027 860 1070; x_wconf 85' lang='lat' dir='ltr'>quibuscumque.</span> 
     </span>
    </p>

    <p class='ocr_par' dir='ltr' id='par_1_8' title="bbox 277 1078 1019 1590">
     <span class='ocr_line' id='line_1_21' title="bbox 322 1078 1016 1122; baseline -0.001 -11"><span class='ocrx_word' id='word_1_95' title='bbox 322 1080 337 1122; x_wconf 62' lang='grc' dir='ltr'><strong>ξ</strong></span> <span class='ocrx_word' id='word_1_96' title='bbox 362 1079 413 1111; x_wconf 77' lang='grc'>11.</span> <span class='ocrx_word' id='word_1_97' title='bbox 439 1079 520 1112; x_wconf 82' lang='lat' dir='ltr'>Nulli</span> <span class='ocrx_word' id='word_1_98' title='bbox 545 1090 622 1122; x_wconf 80' lang='lat' dir='ltr'>ergo</span> <span class='ocrx_word' id='word_1_99' title='bbox 647 1079 775 1112; x_wconf 89' lang='lat' dir='ltr'>omnino</span> <span class='ocrx_word' id='word_1_100' title='bbox 800 1079 962 1112; x_wconf 88' lang='lat' dir='ltr'>hominum</span> <span class='ocrx_word' id='word_1_101' title='bbox 983 1078 1016 1110; x_wconf 94' lang='lat' dir='ltr'>li-</span> 
     </span>
     <span class='ocr_line' id='line_1_22' title="bbox 278 1133 1015 1176; baseline 0.001 -11"><span class='ocrx_word' id='word_1_102' title='bbox 278 1138 345 1165; x_wconf 89' lang='lat' dir='ltr'>ceat</span> <span class='ocrx_word' id='word_1_103' title='bbox 361 1133 440 1166; x_wconf 87' lang='lat' dir='ltr'>hane</span> <span class='ocrx_word' id='word_1_104' title='bbox 459 1133 605 1176; x_wconf 77' lang='lat' dir='ltr'>paginam</span> <span class='ocrx_word' id='word_1_105' title='bbox 622 1138 747 1166; x_wconf 89' lang='lat' dir='ltr'>nostrae</span> <span class='ocrx_word' id='word_1_106' title='bbox 764 1133 970 1176; x_wconf 79' lang='lat' dir='ltr'>separationis</span> <span class='ocrx_word' id='word_1_107' title='bbox 987 1136 1015 1166; x_wconf 84' lang='lat' dir='ltr'>et</span> 
     </span>
     <span class='ocr_line' id='line_1_23' title="bbox 277 1185 1016 1229; baseline 0.001 -12"><span class='ocrx_word' id='word_1_108' title='bbox 277 1185 563 1218; x_wconf 84' lang='lat' dir='ltr'>dismembrationis</span> <span class='ocrx_word' id='word_1_109' title='bbox 596 1191 625 1218; x_wconf 90' lang='lat' dir='ltr'>et</span> <span class='ocrx_word' id='word_1_110' title='bbox 655 1186 881 1229; x_wconf 76' lang='lat' dir='ltr'>exemptionis,</span> <span class='ocrx_word' id='word_1_111' title='bbox 907 1185 1016 1218; x_wconf 84' lang='lat' dir='ltr'>libera-</span> 
     </span>
     <span class='ocr_line' id='line_1_24' title="bbox 278 1238 1016 1279; baseline -0.001 -8"><span class='ocrx_word' id='word_1_112' title='bbox 278 1238 380 1279; x_wconf 80' lang='lat' dir='ltr'>tionis,</span> <span class='ocrx_word' id='word_1_113' title='bbox 391 1239 602 1279; x_wconf 75' lang='lat' dir='ltr'>subiectionis,</span> <span class='ocrx_word' id='word_1_114' title='bbox 613 1239 789 1279; x_wconf 83' lang='lat' dir='ltr'>erectionis,</span> <span class='ocrx_word' id='word_1_115' title='bbox 803 1238 1016 1277; x_wconf 86' lang='lat' dir='ltr'>institutionis,</span> 
     </span>
     <span class='ocr_line' id='line_1_25' title="bbox 278 1291 1016 1336; baseline -0.001 -12"><span class='ocrx_word' id='word_1_116' title='bbox 278 1291 499 1332; x_wconf 88' lang='lat' dir='ltr'>concessionis,</span> <span class='ocrx_word' id='word_1_117' title='bbox 524 1291 762 1335; x_wconf 80' lang='lat' dir='ltr'>assignationis,</span> <span class='ocrx_word' id='word_1_118' title='bbox 786 1291 1016 1336; x_wconf 78' lang='lat' dir='ltr'>applicationis,</span> 
     </span>
     <span class='ocr_line' id='line_1_26' title="bbox 278 1345 1018 1389; baseline 0 -12"><span class='ocrx_word' id='word_1_119' title='bbox 278 1345 563 1389; x_wconf 87' lang='lat' dir='ltr'>appropriationis,</span> <span class='ocrx_word' id='word_1_120' title='bbox 585 1346 726 1387; x_wconf 86' lang='lat' dir='ltr'>unionis,</span> <span class='ocrx_word' id='word_1_121' title='bbox 751 1345 950 1387; x_wconf 81' lang='lat' dir='ltr'>annexionis,</span> <span class='ocrx_word' id='word_1_122' title='bbox 976 1345 1018 1377; x_wconf 91' lang='lat' dir='ltr'>in-</span> 
     </span>
     <span class='ocr_line' id='line_1_27' title="bbox 279 1398 1019 1441; baseline 0.001 -11"><span class='ocrx_word' id='word_1_123' title='bbox 279 1398 519 1441; x_wconf 85' lang='lat' dir='ltr'>corporationis,</span> <span class='ocrx_word' id='word_1_124' title='bbox 533 1399 710 1439; x_wconf 87' lang='lat' dir='ltr'>oblationis,</span> <span class='ocrx_word' id='word_1_125' title='bbox 724 1399 902 1440; x_wconf 88' lang='lat' dir='ltr'>voluntatis,</span> <span class='ocrx_word' id='word_1_126' title='bbox 914 1398 1019 1431; x_wconf 86' lang='lat' dir='ltr'>deere-</span> 
     </span>
     <span class='ocr_line' id='line_1_28' title="bbox 280 1451 1019 1495; baseline 0.001 -12"><span class='ocrx_word' id='word_1_127' title='bbox 280 1456 395 1491; x_wconf 89' lang='lat' dir='ltr'>torum,</span> <span class='ocrx_word' id='word_1_128' title='bbox 421 1451 650 1493; x_wconf 77' lang='lat' dir='ltr'>declarationis,</span> <span class='ocrx_word' id='word_1_129' title='bbox 669 1452 780 1484; x_wconf 81' lang='lat' dir='ltr'>indulti</span> <span class='ocrx_word' id='word_1_130' title='bbox 799 1457 829 1484; x_wconf 91' lang='lat' dir='ltr'>et</span> <span class='ocrx_word' id='word_1_131' title='bbox 845 1452 1019 1495; x_wconf 75' lang='lat' dir='ltr'>derogatio-</span> 
     </span>
     <span class='ocr_line' id='line_1_29' title="bbox 280 1505 1019 1548; baseline 0.001 -11"><span class='ocrx_word' id='word_1_132' title='bbox 280 1505 328 1537; x_wconf 86' lang='lat' dir='ltr'>nis</span> <span class='ocrx_word' id='word_1_133' title='bbox 352 1505 526 1548; x_wconf 80' lang='lat' dir='ltr'>infringere</span> <span class='ocrx_word' id='word_1_134' title='bbox 551 1506 598 1538; x_wconf 83' lang='lat' dir='ltr'>vel</span> <span class='ocrx_word' id='word_1_135' title='bbox 616 1506 643 1538; x_wconf 88' lang='lat' dir='ltr'>ci</span> <span class='ocrx_word' id='word_1_136' title='bbox 660 1516 738 1538; x_wconf 90' lang='lat' dir='ltr'>ausu</span> <span class='ocrx_word' id='word_1_137' title='bbox 763 1506 932 1539; x_wconf 87' lang='lat' dir='ltr'>temerario</span> <span class='ocrx_word' id='word_1_138' title='bbox 949 1516 1019 1538; x_wconf 88' lang='lat' dir='ltr'>con-</span> 
     </span>
     <span class='ocr_line' id='line_1_30' title="bbox 282 1556 405 1590; baseline 0.008 -1"><span class='ocrx_word' id='word_1_139' title='bbox 282 1556 405 1590; x_wconf 86' lang='lat' dir='ltr'>traire¹.</span> 
     </span>
    </p>

    <p class='ocr_par' dir='ltr' id='par_1_9' title="bbox 282 1611 1019 1762">
     <span class='ocr_line' id='line_1_31' title="bbox 325 1611 1019 1655; baseline 0.001 -12"><span class='ocrx_word' id='word_1_140' title='bbox 325 1611 437 1643; x_wconf 87' lang='lat' dir='ltr'>Datum</span> <span class='ocrx_word' id='word_1_141' title='bbox 462 1612 589 1652; x_wconf 84' lang='lat' dir='ltr'>Romae,</span> <span class='ocrx_word' id='word_1_142' title='bbox 611 1611 693 1655; x_wconf 88' lang='lat' dir='ltr'>apud</span> <span class='ocrx_word' id='word_1_143' title='bbox 718 1612 746 1644; x_wconf 93' lang='lat' dir='ltr'>S.</span> <span class='ocrx_word' id='word_1_144' title='bbox 773 1612 913 1652; x_wconf 83' lang='lat' dir='ltr'>Petrum,</span> <span class='ocrx_word' id='word_1_145' title='bbox 938 1621 1019 1645; x_wconf 89' lang='lat' dir='ltr'>anno</span> 
     </span>
     <span class='ocr_line' id='line_1_32' title="bbox 282 1663 1019 1705; baseline 0.001 -9"><span class='ocrx_word' id='word_1_146' title='bbox 282 1663 508 1697; x_wconf 87' lang='lat' dir='ltr'>Incarnationis</span> <span class='ocrx_word' id='word_1_147' title='bbox 539 1665 719 1698; x_wconf 86' lang='lat' dir='ltr'>Dominicae</span> <span class='ocrx_word' id='word_1_148' title='bbox 755 1674 902 1705; x_wconf 82' lang='lat' dir='ltr'>Mncxxn,</span> <span class='ocrx_word' id='word_1_149' title='bbox 930 1665 1019 1698; x_wconf 90' lang='lat' dir='ltr'>nonis</span> 
     </span>
     <span class='ocr_line' id='line_1_33' title="bbox 282 1717 967 1762; baseline 0.001 -13"><span class='ocrx_word' id='word_1_150' title='bbox 282 1717 468 1758; x_wconf 79' lang='lat' dir='ltr'>decembris,</span> <span class='ocrx_word' id='word_1_151' title='bbox 493 1719 691 1762; x_wconf 82' lang='lat' dir='ltr'>pontificatus</span> <span class='ocrx_word' id='word_1_152' title='bbox 713 1719 810 1751; x_wconf 83' lang='lat' dir='ltr'>nostri</span> <span class='ocrx_word' id='word_1_153' title='bbox 835 1728 916 1751; x_wconf 88' lang='lat' dir='ltr'>anno</span> <span class='ocrx_word' id='word_1_154' title='bbox 936 1728 967 1750; x_wconf 92' lang='lat'>11.</span> 
     </span>
    </p>

    <p class='ocr_par' dir='ltr' id='par_1_10' title="bbox 319 1778 948 1816">
     <span class='ocr_line' id='line_1_34' title="bbox 319 1778 948 1816; baseline 0.002 -10"><span class='ocrx_word' id='word_1_155' title='bbox 319 1778 376 1806; x_wconf 81' lang='lat' dir='ltr'>nat.</span> <span class='ocrx_word' id='word_1_156' title='bbox 393 1779 436 1806; x_wconf 87' lang='lat' dir='ltr'>die</span> <span class='ocrx_word' id='word_1_157' title='bbox 451 1781 467 1807; x_wconf 87' lang='lat'>5</span> <span class='ocrx_word' id='word_1_158' title='bbox 482 1779 634 1807; x_wconf 87' lang='lat' dir='ltr'>decembris</span> <span class='ocrx_word' id='word_1_159' title='bbox 652 1780 733 1815; x_wconf 71' lang='lat'>1622,</span> <span class='ocrx_word' id='word_1_160' title='bbox 751 1781 842 1816; x_wconf 73' lang='lat' dir='ltr'>pontil&#39;.</span> <span class='ocrx_word' id='word_1_161' title='bbox 860 1788 903 1807; x_wconf 81' lang='lat' dir='ltr'>an.</span> <span class='ocrx_word' id='word_1_162' title='bbox 920 1787 948 1807; x_wconf 76' lang='grc' dir='ltr'>ιι,</span> 
     </span>
    </p>
   </div>
   <div class='ocr_carea' id='block_1_8' title="bbox 624 1926 681 1959">
    <p class='ocr_par' dir='ltr' id='par_1_11' title="bbox 624 1926 681 1959">
     <span class='ocr_line' id='line_1_35' title="bbox 624 1926 681 1959; baseline -0.018 0"><span class='ocrx_word' id='word_1_163' title='bbox 624 1926 681 1959; x_wconf 87' lang='lat' dir='ltr'>XC.</span> 
     </span>
    </p>
   </div>
   <div class='ocr_carea' id='block_1_9' title="bbox 287 1996 1025 2414">
    <p class='ocr_par' dir='ltr' id='par_1_12' title="bbox 287 1996 1025 2414">
     <span class='ocr_line' id='line_1_36' title="bbox 287 1996 1022 2041; baseline 0.001 -11"><span class='ocrx_word' id='word_1_164' title='bbox 287 1996 497 2038; x_wconf 76' lang='lat' dir='ltr'>Confirmatio</span> <span class='ocrx_word' id='word_1_165' title='bbox 522 1997 640 2031; x_wconf 75' lang='lat' dir='ltr'>decreti</span> <span class='ocrx_word' id='word_1_166' title='bbox 669 1998 926 2041; x_wconf 68' lang='lat' dir='ltr'>conqreqattoms</span> <span class='ocrx_word' id='word_1_167' title='bbox 950 2009 1022 2031; x_wconf 80' lang='lat' dir='ltr'>con-</span> 
     </span>
     <span class='ocr_line' id='line_1_37' title="bbox 329 2050 1018 2094; baseline 0.001 -11"><span class='ocrx_word' id='word_1_168' title='bbox 329 2050 420 2092; x_wconf 77' lang='lat' dir='ltr'>cilii,</span> <span class='ocrx_word' id='word_1_169' title='bbox 454 2062 517 2094; x_wconf 80' lang='lat' dir='ltr'>quo</span> <span class='ocrx_word' id='word_1_170' title='bbox 551 2052 710 2084; x_wconf 76' lang='lat' dir='ltr'>statuitur</span> <span class='ocrx_word' id='word_1_171' title='bbox 738 2062 846 2084; x_wconf 83' lang='lat' dir='ltr'>omnes</span> <span class='ocrx_word' id='word_1_172' title='bbox 878 2053 1018 2093; x_wconf 70' lang='lat' dir='ltr'>clericos,</span> 
     </span>
     <span class='ocr_line' id='line_1_38' title="bbox 326 2104 1022 2148; baseline 0.003 -13"><span class='ocrx_word' id='word_1_173' title='bbox 326 2104 588 2148; x_wconf 73' lang='lat' dir='ltr'>presbyterosque</span> <span class='ocrx_word' id='word_1_174' title='bbox 609 2105 778 2146; x_wconf 80' lang='lat' dir='ltr'>seculares,</span> <span class='ocrx_word' id='word_1_175' title='bbox 805 2106 936 2138; x_wconf 76' lang='lat' dir='ltr'>etiamsi</span> <span class='ocrx_word' id='word_1_176' title='bbox 958 2106 1022 2138; x_wconf 74' lang='lat' dir='ltr'>mi-</span> 
     </span>
     <span class='ocr_line' id='line_1_39' title="bbox 332 2156 1019 2201; baseline 0.004 -13"><span class='ocrx_word' id='word_1_177' title='bbox 332 2156 428 2189; x_wconf 78' lang='lat' dir='ltr'>litum</span> <span class='ocrx_word' id='word_1_178' title='bbox 463 2157 837 2201; x_wconf 68' lang='lat' dir='ltr'>Hierosolymitanorum</span> <span class='ocrx_word' id='word_1_179' title='bbox 879 2159 1019 2199; x_wconf 77' lang='lat' dir='ltr'>vicarii,</span> 
     </span>
     <span class='ocr_line' id='line_1_40' title="bbox 330 2210 1023 2256; baseline 0.003 -13"><span class='ocrx_word' id='word_1_180' title='bbox 330 2210 525 2254; x_wconf 76' lang='lat' dir='ltr'>cappellani,</span> <span class='ocrx_word' id='word_1_181' title='bbox 544 2212 692 2245; x_wconf 80' lang='lat' dir='ltr'>ministri</span> <span class='ocrx_word' id='word_1_182' title='bbox 710 2214 890 2251; x_wconf 56' lang='lat' dir='ltr'>serviente&amp;</span> <span class='ocrx_word' id='word_1_183' title='bbox 908 2223 1023 2256; x_wconf 82' lang='lat' dir='ltr'>procu-</span> 
     </span>
     <span class='ocr_line' id='line_1_41' title="bbox 329 2265 1024 2307; baseline 0.004 -12"><span class='ocrx_word' id='word_1_184' title='bbox 329 2269 461 2303; x_wconf 84' lang='lat' dir='ltr'>ratores,</span> <span class='ocrx_word' id='word_1_185' title='bbox 485 2268 543 2296; x_wconf 79' lang='lat' dir='ltr'>aut</span> <span class='ocrx_word' id='word_1_186' title='bbox 566 2265 749 2307; x_wconf 79' lang='lat' dir='ltr'>familiares</span> <span class='ocrx_word' id='word_1_187' title='bbox 765 2266 842 2303; x_wconf 73' lang='lat' dir='ltr'>sint,</span> <span class='ocrx_word' id='word_1_188' title='bbox 866 2265 905 2298; x_wconf 78' lang='lat' dir='ltr'>ab</span> <span class='ocrx_word' id='word_1_189' title='bbox 927 2265 1024 2299; x_wconf 64' lang='lat' dir='ltr'>Oreti-</span> 
     </span>
     <span class='ocr_line' id='line_1_42' title="bbox 329 2317 1025 2362; baseline 0.003 -13"><span class='ocrx_word' id='word_1_190' title='bbox 329 2317 436 2349; x_wconf 78' lang='lat' dir='ltr'>nariis</span> <span class='ocrx_word' id='word_1_191' title='bbox 462 2321 620 2361; x_wconf 72' lang='lat' dir='ltr'>tanquam</span> <span class='ocrx_word' id='word_1_192' title='bbox 640 2329 660 2350; x_wconf 82' lang='lat' dir='ltr'>a</span> <span class='ocrx_word' id='word_1_193' title='bbox 680 2318 758 2351; x_wconf 84' lang='lat' dir='ltr'>Sede</span> <span class='ocrx_word' id='word_1_194' title='bbox 772 2318 956 2362; x_wconf 69' lang='lat' dir='ltr'>Apostolica</span> <span class='ocrx_word' id='word_1_195' title='bbox 974 2318 1025 2351; x_wconf 85' lang='lat' dir='ltr'>de—</span> 
     </span>
     <span class='ocr_line' id='line_1_43' title="bbox 332 2370 737 2414; baseline 0.005 -12"><span class='ocrx_word' id='word_1_196' title='bbox 332 2370 447 2413; x_wconf 67' lang='lat' dir='ltr'>leyatis</span> <span class='ocrx_word' id='word_1_197' title='bbox 470 2371 601 2403; x_wconf 72' lang='lat' dir='ltr'>visitari</span> <span class='ocrx_word' id='word_1_198' title='bbox 621 2370 737 2414; x_wconf 70' lang='lat' dir='ltr'>posse⁵²⁴</span> 
     </span>
    </p>
   </div>
   <div class='ocr_carea' id='block_1_10' title="bbox 429 2449 885 2522">
    <p class='ocr_par' dir='ltr' id='par_1_13' title="bbox 429 2449 885 2522">
     <span class='ocr_line' id='line_1_44' title="bbox 489 2449 820 2484; baseline -0.003 -7"><span class='ocrx_word' id='word_1_199' title='bbox 489 2450 645 2484; x_wconf 70' lang='lat' dir='ltr'>Gregorius</span> <span class='ocrx_word' id='word_1_200' title='bbox 666 2450 744 2483; x_wconf 82' lang='lat' dir='ltr'>Papa</span> <span class='ocrx_word' id='word_1_201' title='bbox 763 2449 820 2483; x_wconf 84' lang='lat' dir='ltr'>XV,</span> 
     </span>
     <span class='ocr_line' id='line_1_45' title="bbox 429 2494 885 2522; baseline 0.002 -1"><span class='ocrx_word' id='word_1_202' title='bbox 429 2494 466 2521; x_wconf 86' lang='lat' dir='ltr'>ad</span> <span class='ocrx_word' id='word_1_203' title='bbox 485 2494 618 2521; x_wconf 81' lang='lat' dir='ltr'>futuram</span> <span class='ocrx_word' id='word_1_204' title='bbox 642 2495 686 2522; x_wconf 84' lang='lat' dir='ltr'>rei</span> <span class='ocrx_word' id='word_1_205' title='bbox 706 2495 885 2522; x_wconf 84' lang='lat' dir='ltr'>memoriam.</span> 
     </span>
    </p>
   </div>
   <div class='ocr_carea' id='block_1_11' title="bbox 289 2563 1027 2662">
    <p class='ocr_par' dir='ltr' id='par_1_14' title="bbox 289 2563 1027 2662">
     <span class='ocr_line' id='line_1_46' title="bbox 334 2563 1027 2608; baseline 0 -12"><span class='ocrx_word' id='word_1_206' title='bbox 334 2563 349 2606; x_wconf 68' lang='grc' dir='ltr'><strong>ἓ</strong></span> <span class='ocrx_word' id='word_1_207' title='bbox 368 2563 401 2596; x_wconf 79' lang='grc'>’1.</span> <span class='ocrx_word' id='word_1_208' title='bbox 427 2564 546 2608; x_wconf 85' lang='lat' dir='ltr'>Exponi</span> <span class='ocrx_word' id='word_1_209' title='bbox 571 2564 663 2597; x_wconf 89' lang='lat' dir='ltr'>nobis</span> <span class='ocrx_word' id='word_1_210' title='bbox 686 2574 787 2608; x_wconf 88' lang='lat' dir='ltr'>nuper</span> <span class='ocrx_word' id='word_1_211' title='bbox 811 2564 884 2598; x_wconf 85' lang='lat' dir='ltr'>feeit</span> <span class='ocrx_word' id='word_1_212' title='bbox 901 2574 1027 2597; x_wconf 83' lang='lat' dir='ltr'>venera-</span> 
     </span>
     <span class='ocr_line' id='line_1_47' title="bbox 289 2616 1026 2662; baseline 0.003 -13"><span class='ocrx_word' id='word_1_213' title='bbox 289 2616 361 2650; x_wconf 91' lang='lat' dir='ltr'>bilis</span> <span class='ocrx_word' id='word_1_214' title='bbox 390 2617 487 2653; x_wconf 85' lang='lat' dir='ltr'>frater</span> <span class='ocrx_word' id='word_1_215' title='bbox 521 2619 706 2652; x_wconf 86' lang='lat' dir='ltr'>Guillelmus</span> <span class='ocrx_word' id='word_1_216' title='bbox 743 2619 909 2662; x_wconf 90' lang='lat' dir='ltr'>episcopus</span> <span class='ocrx_word' id='word_1_217' title='bbox 940 2618 1026 2651; x_wconf 87' lang='lat' dir='ltr'>Basi-</span> 
     </span>
    </p>
   </div>
   <div class='ocr_carea' id='block_1_12' title="bbox 1027 394 1045 2680">
    <p class='ocr_par' dir='ltr' id='par_1_15' title="bbox 1027 394 1045 2680">
     <span class='ocr_line' id='line_1_48' title="bbox 1027 394 1045 2680; baseline 0 0"><span class='ocrx_word' id='word_1_218' title='bbox 1027 394 1045 2680; x_wconf 95' lang='lat' dir='ltr'> </span> 
     </span>
    </p>
   </div>
   <div class='ocr_carea' id='block_1_13' title="bbox 325 2688 1003 2770">
    <p class='ocr_par' dir='ltr' id='par_1_16' title="bbox 325 2688 1003 2770">
     <span class='ocr_line' id='line_1_49' title="bbox 325 2688 1003 2725; baseline 0.001 -10"><span class='ocrx_word' id='word_1_219' title='bbox 325 2688 339 2715; x_wconf 82' lang='lat'><strong>1</strong></span> <span class='ocrx_word' id='word_1_220' title='bbox 357 2689 424 2716; x_wconf 84' lang='lat' dir='ltr'>Heic</span> <span class='ocrx_word' id='word_1_221' title='bbox 438 2689 576 2725; x_wconf 84' lang='lat' dir='ltr'>Ughellius</span> <span class='ocrx_word' id='word_1_222' title='bbox 590 2689 681 2717; x_wconf 85' lang='lat' dir='ltr'>addit:</span> <span class='ocrx_word' id='word_1_223' title='bbox 703 2689 737 2717; x_wconf 84' lang='lat' dir='ltr'>Si</span> <span class='ocrx_word' id='word_1_224' title='bbox 752 2690 816 2725; x_wconf 68' lang='lat' dir='ltr'>quis</span> <span class='ocrx_word' id='word_1_225' title='bbox 829 2692 936 2724; x_wconf 79' lang='lat' dir='ltr'>autem,</span> <span class='ocrx_word' id='word_1_226' title='bbox 952 2692 1003 2716; x_wconf 84' lang='lat' dir='ltr'>etc.</span> 
     </span>
     <span class='ocr_line' id='line_1_50' title="bbox 325 2733 830 2770; baseline 0 -10"><span class='ocrx_word' id='word_1_227' title='bbox 325 2733 343 2760; x_wconf 77' lang='lat'><strong>2</strong></span> <span class='ocrx_word' id='word_1_228' title='bbox 357 2733 395 2761; x_wconf 86' lang='lat' dir='ltr'>Ex</span> <span class='ocrx_word' id='word_1_229' title='bbox 410 2734 518 2770; x_wconf 67' lang='lat' dir='ltr'>aegest.</span> <span class='ocrx_word' id='word_1_230' title='bbox 534 2734 567 2762; x_wconf 35' lang='lat' dir='ltr'>ii}</span> <span class='ocrx_word' id='word_1_231' title='bbox 576 2735 678 2763; x_wconf 82' lang='lat' dir='ltr'>Secret.</span> <span class='ocrx_word' id='word_1_232' title='bbox 695 2734 830 2762; x_wconf 82' lang='lat' dir='ltr'>Brevium.</span> 
     </span>
    </p>
   </div>
   <div class='ocr_carea' id='block_1_14' title="bbox 1045 328 1797 2661">
    <p class='ocr_par' dir='ltr' id='par_1_17' title="bbox 1045 328 1787 1063">
     <span class='ocr_line' id='line_1_51' title="bbox 1689 328 1752 361; baseline 0 -1"><span class='ocrx_word' id='word_1_233' title='bbox 1689 328 1752 361; x_wconf 68' lang='lat'>765</span> 
     </span>
     <span class='ocr_line' id='line_1_52' title="bbox 1045 385 1784 433; baseline -0.007 -11"><span class='ocrx_word' id='word_1_234' title='bbox 1045 390 1153 423; x_wconf 85' lang='lat' dir='ltr'>Iiensis</span> <span class='ocrx_word' id='word_1_235' title='bbox 1169 388 1253 433; x_wconf 85' lang='lat' dir='ltr'>quod</span> <span class='ocrx_word' id='word_1_236' title='bbox 1272 388 1336 432; x_wconf 86' lang='lat' dir='ltr'>ipse</span> <span class='ocrx_word' id='word_1_237' title='bbox 1356 388 1439 427; x_wconf 72' lang='lat' dir='ltr'>alias,</span> <span class='ocrx_word' id='word_1_238' title='bbox 1457 391 1565 421; x_wconf 90' lang='lat' dir='ltr'>contra</span> <span class='ocrx_word' id='word_1_239' title='bbox 1582 385 1694 419; x_wconf 84' lang='lat' dir='ltr'>fratres</span> <span class='ocrx_word' id='word_1_240' title='bbox 1708 386 1784 418; x_wconf 88' lang='lat' dir='ltr'>mili-</span> 
     </span>
     <span class='ocr_line' id='line_1_53' title="bbox 1045 438 1784 485; baseline -0.007 -10"><span class='ocrx_word' id='word_1_241' title='bbox 1045 447 1091 475; x_wconf 90' lang='lat' dir='ltr'>tes</span> <span class='ocrx_word' id='word_1_242' title='bbox 1109 442 1271 485; x_wconf 83' lang='lat' dir='ltr'>hospitalis</span> <span class='ocrx_word' id='word_1_243' title='bbox 1298 442 1327 473; x_wconf 78' lang='lat' dir='ltr'>S.</span> <span class='ocrx_word' id='word_1_244' title='bbox 1346 441 1469 473; x_wconf 84' lang='lat' dir='ltr'>Ioannis</span> <span class='ocrx_word' id='word_1_245' title='bbox 1498 438 1784 483; x_wconf 76' lang='lat' dir='ltr'>Ilierosolymitani,</span> 
     </span>
     <span class='ocr_line' id='line_1_54' title="bbox 1045 491 1784 538; baseline -0.007 -11"><span class='ocrx_word' id='word_1_246' title='bbox 1045 505 1218 538; x_wconf 86' lang='lat' dir='ltr'>eorumque</span> <span class='ocrx_word' id='word_1_247' title='bbox 1237 493 1380 533; x_wconf 80' lang='lat' dir='ltr'>vicarios,</span> <span class='ocrx_word' id='word_1_248' title='bbox 1398 493 1609 536; x_wconf 83' lang='lat' dir='ltr'>cappellanos,</span> <span class='ocrx_word' id='word_1_249' title='bbox 1624 491 1784 523; x_wconf 86' lang='lat' dir='ltr'>ministros</span> 
     </span>
     <span class='ocr_line' id='line_1_55' title="bbox 1046 544 1784 590; baseline -0.007 -10"><span class='ocrx_word' id='word_1_250' title='bbox 1046 548 1226 587; x_wconf 80' lang='lat' dir='ltr'>servientes,</span> <span class='ocrx_word' id='word_1_251' title='bbox 1252 551 1491 590; x_wconf 85' lang='lat' dir='ltr'>procuratores,</span> <span class='ocrx_word' id='word_1_252' title='bbox 1516 550 1569 577; x_wconf 85' lang='lat' dir='ltr'>aut</span> <span class='ocrx_word' id='word_1_253' title='bbox 1593 544 1784 583; x_wconf 76' lang='lat' dir='ltr'>familiares,</span> 
     </span>
     <span class='ocr_line' id='line_1_56' title="bbox 1047 596 1785 642; baseline -0.005 -10"><span class='ocrx_word' id='word_1_254' title='bbox 1047 600 1265 639; x_wconf 75' lang='lat' dir='ltr'>visitationem,</span> <span class='ocrx_word' id='word_1_255' title='bbox 1290 599 1568 642; x_wconf 82' lang='lat' dir='ltr'>omnimodamque</span> <span class='ocrx_word' id='word_1_256' title='bbox 1590 608 1696 638; x_wconf 83' lang='lat' dir='ltr'>suam,</span> <span class='ocrx_word' id='word_1_257' title='bbox 1722 596 1785 629; x_wconf 73' lang='lat' dir='ltr'>sive</span> 
     </span>
     <span class='ocr_line' id='line_1_57' title="bbox 1046 650 1785 695; baseline -0.005 -10"><span class='ocrx_word' id='word_1_258' title='bbox 1046 653 1237 686; x_wconf 84' lang='lat' dir='ltr'>ordinariam</span> <span class='ocrx_word' id='word_1_259' title='bbox 1256 653 1319 685; x_wconf 76' lang='lat' dir='ltr'>sive</span> <span class='ocrx_word' id='word_1_260' title='bbox 1336 652 1520 695; x_wconf 75' lang='lat' dir='ltr'>delegatam,</span> <span class='ocrx_word' id='word_1_261' title='bbox 1538 650 1785 683; x_wconf 88' lang='lat' dir='ltr'>iurisdictionem</span> 
     </span>
     <span class='ocr_line' id='line_1_58' title="bbox 1047 703 1785 750; baseline -0.005 -11"><span class='ocrx_word' id='word_1_262' title='bbox 1047 707 1104 739; x_wconf 90' lang='lat' dir='ltr'>sub</span> <span class='ocrx_word' id='word_1_263' title='bbox 1128 711 1290 750; x_wconf 84' lang='lat' dir='ltr'>praetextu</span> <span class='ocrx_word' id='word_1_264' title='bbox 1311 705 1548 749; x_wconf 75' lang='lat' dir='ltr'>privilegiorum</span> <span class='ocrx_word' id='word_1_265' title='bbox 1570 709 1600 737; x_wconf 89' lang='lat' dir='ltr'>et</span> <span class='ocrx_word' id='word_1_266' title='bbox 1617 703 1785 747; x_wconf 82' lang='lat' dir='ltr'>exemptio-</span> 
     </span>
     <span class='ocr_line' id='line_1_59' title="bbox 1046 757 1787 802; baseline -0.003 -11"><span class='ocrx_word' id='word_1_267' title='bbox 1046 770 1121 792; x_wconf 89' lang='lat' dir='ltr'>num</span> <span class='ocrx_word' id='word_1_268' title='bbox 1146 759 1229 792; x_wconf 89' lang='lat' dir='ltr'>dicto</span> <span class='ocrx_word' id='word_1_269' title='bbox 1253 759 1399 802; x_wconf 87' lang='lat' dir='ltr'>hospitali</span> <span class='ocrx_word' id='word_1_270' title='bbox 1425 768 1646 791; x_wconf 86' lang='lat' dir='ltr'>concessorum</span> <span class='ocrx_word' id='word_1_271' title='bbox 1669 757 1787 789; x_wconf 87' lang='lat' dir='ltr'>subter—</span> 
     </span>
     <span class='ocr_line' id='line_1_60' title="bbox 1047 810 1783 855; baseline -0.004 -11"><span class='ocrx_word' id='word_1_272' title='bbox 1047 812 1212 855; x_wconf 79' lang='lat' dir='ltr'>fugientes,</span> <span class='ocrx_word' id='word_1_273' title='bbox 1245 822 1262 843; x_wconf 92' lang='lat' dir='ltr'>a</span> <span class='ocrx_word' id='word_1_274' title='bbox 1288 811 1520 844; x_wconf 82' lang='lat' dir='ltr'>venerabilibus</span> <span class='ocrx_word' id='word_1_275' title='bbox 1548 810 1697 843; x_wconf 83' lang='lat' dir='ltr'>fratribus</span> <span class='ocrx_word' id='word_1_276' title='bbox 1724 820 1783 842; x_wconf 87' lang='lat' dir='ltr'>no-</span> 
     </span>
     <span class='ocr_line' id='line_1_61' title="bbox 1047 862 1787 898; baseline -0.004 -1"><span class='ocrx_word' id='word_1_277' title='bbox 1047 865 1119 898; x_wconf 87' lang='lat' dir='ltr'>stris</span> <span class='ocrx_word' id='word_1_278' title='bbox 1137 870 1260 898; x_wconf 86' lang='lat' dir='ltr'>sanctae</span> <span class='ocrx_word' id='word_1_279' title='bbox 1284 865 1441 898; x_wconf 87' lang='lat' dir='ltr'>Romanae</span> <span class='ocrx_word' id='word_1_280' title='bbox 1456 863 1612 897; x_wconf 83' lang='lat' dir='ltr'>Ecclesiae</span> <span class='ocrx_word' id='word_1_281' title='bbox 1626 862 1787 896; x_wconf 86' lang='lat' dir='ltr'>cardinali-</span> 
     </span>
     <span class='ocr_line' id='line_1_62' title="bbox 1047 915 1786 960; baseline -0.005 -9"><span class='ocrx_word' id='word_1_282' title='bbox 1047 918 1105 950; x_wconf 89' lang='lat' dir='ltr'>bus</span> <span class='ocrx_word' id='word_1_283' title='bbox 1122 917 1251 951; x_wconf 89' lang='lat' dir='ltr'>Concilii</span> <span class='ocrx_word' id='word_1_284' title='bbox 1276 917 1447 949; x_wconf 88' lang='lat' dir='ltr'>Tridentini</span> <span class='ocrx_word' id='word_1_285' title='bbox 1473 916 1696 960; x_wconf 85' lang='lat' dir='ltr'>interpretibus</span> <span class='ocrx_word' id='word_1_286' title='bbox 1709 915 1786 948; x_wconf 89' lang='lat' dir='ltr'>obti-</span> 
     </span>
     <span class='ocr_line' id='line_1_63' title="bbox 1047 968 1787 1013; baseline -0.003 -11"><span class='ocrx_word' id='word_1_287' title='bbox 1047 970 1115 1002; x_wconf 91' lang='lat' dir='ltr'>nuit</span> <span class='ocrx_word' id='word_1_288' title='bbox 1131 971 1292 1003; x_wconf 84' lang='lat' dir='ltr'>decretum</span> <span class='ocrx_word' id='word_1_289' title='bbox 1317 969 1435 1002; x_wconf 89' lang='lat' dir='ltr'>tenoris</span> <span class='ocrx_word' id='word_1_290' title='bbox 1455 969 1682 1013; x_wconf 86' lang='lat' dir='ltr'>subsequentis,</span> <span class='ocrx_word' id='word_1_291' title='bbox 1706 968 1787 1001; x_wconf 81' lang='lat' dir='ltr'>vide-</span> 
     </span>
     <span class='ocr_line' id='line_1_64' title="bbox 1048 1023 1135 1063; baseline 0 -8"><span class='ocrx_word' id='word_1_292' title='bbox 1048 1023 1135 1063; x_wconf 76' lang='lat' dir='ltr'>licet,</span> 
     </span>
    </p>

    <p class='ocr_par' dir='ltr' id='par_1_18' title="bbox 1049 1074 1793 2128">
     <span class='ocr_line' id='line_1_65' title="bbox 1093 1074 1787 1119; baseline -0.001 -11"><span class='ocrx_word' id='word_1_293' title='bbox 1093 1077 1107 1119; x_wconf 64' lang='grc' dir='ltr'>ξ</span> <span class='ocrx_word' id='word_1_294' title='bbox 1121 1076 1149 1108; x_wconf 64' lang='grc'>9.</span> <span class='ocrx_word' id='word_1_295' title='bbox 1168 1076 1261 1109; x_wconf 87' lang='lat' dir='ltr'>Sacra</span> <span class='ocrx_word' id='word_1_296' title='bbox 1276 1076 1479 1118; x_wconf 78' lang='lat' dir='ltr'>congregatio</span> <span class='ocrx_word' id='word_1_297' title='bbox 1494 1075 1698 1108; x_wconf 82' lang='lat' dir='ltr'>cardinalium</span> <span class='ocrx_word' id='word_1_298' title='bbox 1713 1074 1787 1107; x_wconf 87' lang='lat' dir='ltr'>Con-</span> 
     </span>
     <span class='ocr_line' id='line_1_66' title="bbox 1049 1129 1787 1172; baseline 0 -12"><span class='ocrx_word' id='word_1_299' title='bbox 1049 1129 1111 1161; x_wconf 89' lang='lat' dir='ltr'>cilii</span> <span class='ocrx_word' id='word_1_300' title='bbox 1124 1129 1295 1161; x_wconf 87' lang='lat' dir='ltr'>Tridentini</span> <span class='ocrx_word' id='word_1_301' title='bbox 1313 1129 1518 1172; x_wconf 86' lang='lat' dir='ltr'>interpretum</span> <span class='ocrx_word' id='word_1_302' title='bbox 1533 1129 1664 1168; x_wconf 84' lang='lat' dir='ltr'>censuit,</span> <span class='ocrx_word' id='word_1_303' title='bbox 1678 1138 1787 1161; x_wconf 85' lang='lat' dir='ltr'>omnes</span> 
     </span>
     <span class='ocr_line' id='line_1_67' title="bbox 1050 1181 1787 1226; baseline -0.001 -12"><span class='ocrx_word' id='word_1_304' title='bbox 1050 1181 1191 1222; x_wconf 82' lang='lat' dir='ltr'>clericos,</span> <span class='ocrx_word' id='word_1_305' title='bbox 1216 1182 1456 1226; x_wconf 65' lang='lat' dir='ltr'>presbyterosve</span> <span class='ocrx_word' id='word_1_306' title='bbox 1480 1182 1646 1221; x_wconf 85' lang='lat' dir='ltr'>seculares,</span> <span class='ocrx_word' id='word_1_307' title='bbox 1667 1181 1787 1214; x_wconf 90' lang='lat' dir='ltr'>etiamsi</span> 
     </span>
     <span class='ocr_line' id='line_1_68' title="bbox 1050 1234 1789 1279; baseline 0.001 -13"><span class='ocrx_word' id='word_1_308' title='bbox 1050 1234 1184 1267; x_wconf 90' lang='lat' dir='ltr'>militum</span> <span class='ocrx_word' id='word_1_309' title='bbox 1209 1235 1565 1279; x_wconf 63' lang='lat' dir='ltr'>Hierosolymitanorum</span> <span class='ocrx_word' id='word_1_310' title='bbox 1586 1235 1703 1275; x_wconf 79' lang='lat' dir='ltr'>vicarii,</span> <span class='ocrx_word' id='word_1_311' title='bbox 1721 1245 1789 1278; x_wconf 88' lang='lat' dir='ltr'>cap-</span> 
     </span>
     <span class='ocr_line' id='line_1_69' title="bbox 1050 1287 1787 1330; baseline 0.001 -11"><span class='ocrx_word' id='word_1_312' title='bbox 1050 1287 1173 1330; x_wconf 87' lang='lat' dir='ltr'>pellani,</span> <span class='ocrx_word' id='word_1_313' title='bbox 1192 1287 1327 1319; x_wconf 84' lang='lat' dir='ltr'>ministri</span> <span class='ocrx_word' id='word_1_314' title='bbox 1353 1287 1534 1327; x_wconf 78' lang='lat' dir='ltr'>servientes,</span> <span class='ocrx_word' id='word_1_315' title='bbox 1554 1292 1787 1330; x_wconf 84' lang='lat' dir='ltr'>procuratores,</span> 
     </span>
     <span class='ocr_line' id='line_1_70' title="bbox 1050 1340 1788 1384; baseline 0.001 -12"><span class='ocrx_word' id='word_1_316' title='bbox 1050 1345 1103 1373; x_wconf 86' lang='lat' dir='ltr'>aut</span> <span class='ocrx_word' id='word_1_317' title='bbox 1117 1340 1285 1373; x_wconf 84' lang='lat' dir='ltr'>familiares</span> <span class='ocrx_word' id='word_1_318' title='bbox 1302 1340 1373 1381; x_wconf 85' lang='lat' dir='ltr'>sint,</span> <span class='ocrx_word' id='word_1_319' title='bbox 1391 1341 1429 1372; x_wconf 88' lang='lat' dir='ltr'>ab</span> <span class='ocrx_word' id='word_1_320' title='bbox 1443 1340 1615 1373; x_wconf 88' lang='lat' dir='ltr'>Ordinariis</span> <span class='ocrx_word' id='word_1_321' title='bbox 1631 1346 1788 1384; x_wconf 86' lang='lat' dir='ltr'>tamquam</span> 
     </span>
     <span class='ocr_line' id='line_1_71' title="bbox 1050 1393 1788 1436; baseline 0.001 -11"><span class='ocrx_word' id='word_1_322' title='bbox 1050 1404 1068 1425; x_wconf 88' lang='lat' dir='ltr'>a</span> <span class='ocrx_word' id='word_1_323' title='bbox 1092 1393 1180 1426; x_wconf 84' lang='lat' dir='ltr'>Sedis</span> <span class='ocrx_word' id='word_1_324' title='bbox 1212 1393 1411 1436; x_wconf 87' lang='lat' dir='ltr'>Apostolicae</span> <span class='ocrx_word' id='word_1_325' title='bbox 1442 1393 1592 1436; x_wconf 82' lang='lat' dir='ltr'>delegatis</span> <span class='ocrx_word' id='word_1_326' title='bbox 1616 1394 1653 1426; x_wconf 83' lang='lat' dir='ltr'>de</span> <span class='ocrx_word' id='word_1_327' title='bbox 1679 1404 1788 1426; x_wconf 88' lang='lat' dir='ltr'>eorum</span> 
     </span>
     <span class='ocr_line' id='line_1_72' title="bbox 1051 1446 1788 1487; baseline -0.001 -8"><span class='ocrx_word' id='word_1_328' title='bbox 1051 1446 1252 1487; x_wconf 81' lang='lat' dir='ltr'>excessibus,</span> <span class='ocrx_word' id='word_1_329' title='bbox 1278 1446 1462 1479; x_wconf 88' lang='lat' dir='ltr'>criminibus</span> <span class='ocrx_word' id='word_1_330' title='bbox 1486 1452 1516 1479; x_wconf 86' lang='lat' dir='ltr'>et</span> <span class='ocrx_word' id='word_1_331' title='bbox 1540 1447 1671 1487; x_wconf 87' lang='lat' dir='ltr'>delictis,</span> <span class='ocrx_word' id='word_1_332' title='bbox 1696 1447 1788 1480; x_wconf 90' lang='lat' dir='ltr'>etiam</span> 
     </span>
     <span class='ocr_line' id='line_1_73' title="bbox 1051 1500 1791 1545; baseline 0.001 -13"><span class='ocrx_word' id='word_1_333' title='bbox 1051 1504 1138 1534; x_wconf 85' lang='lat' dir='ltr'>extra</span> <span class='ocrx_word' id='word_1_334' title='bbox 1169 1500 1375 1533; x_wconf 89' lang='lat' dir='ltr'>visitationem</span> <span class='ocrx_word' id='word_1_335' title='bbox 1391 1527 1398 1541; x_wconf 87' lang='lat'>,</span> <span class='ocrx_word' id='word_1_336' title='bbox 1423 1500 1476 1533; x_wconf 90' lang='lat' dir='ltr'>ubi</span> <span class='ocrx_word' id='word_1_337' title='bbox 1501 1505 1531 1533; x_wconf 85' lang='lat' dir='ltr'>et</span> <span class='ocrx_word' id='word_1_338' title='bbox 1555 1500 1679 1544; x_wconf 87' lang='lat' dir='ltr'>quando</span> <span class='ocrx_word' id='word_1_339' title='bbox 1710 1511 1791 1545; x_wconf 87' lang='lat' dir='ltr'>opus</span> 
     </span>
     <span class='ocr_line' id='line_1_74' title="bbox 1052 1552 1790 1598; baseline 0.004 -14"><span class='ocrx_word' id='word_1_340' title='bbox 1052 1552 1155 1593; x_wconf 79' lang='lat' dir='ltr'>fuerit,</span> <span class='ocrx_word' id='word_1_341' title='bbox 1176 1552 1308 1596; x_wconf 90' lang='lat' dir='ltr'>inquiri,</span> <span class='ocrx_word' id='word_1_342' title='bbox 1334 1553 1471 1593; x_wconf 86' lang='lat' dir='ltr'>visitari,</span> <span class='ocrx_word' id='word_1_343' title='bbox 1495 1553 1662 1598; x_wconf 89' lang='lat' dir='ltr'>punirique</span> <span class='ocrx_word' id='word_1_344' title='bbox 1687 1564 1790 1597; x_wconf 84' lang='lat' dir='ltr'>posse,</span> 
     </span>
     <span class='ocr_line' id='line_1_75' title="bbox 1052 1605 1789 1650; baseline 0.003 -13"><span class='ocrx_word' id='word_1_345' title='bbox 1052 1605 1257 1649; x_wconf 88' lang='lat' dir='ltr'>ipsorumque</span> <span class='ocrx_word' id='word_1_346' title='bbox 1284 1606 1492 1639; x_wconf 86' lang='lat' dir='ltr'>iurisdictioni</span> <span class='ocrx_word' id='word_1_347' title='bbox 1517 1608 1608 1650; x_wconf 84' lang='lat' dir='ltr'>plene</span> <span class='ocrx_word' id='word_1_348' title='bbox 1632 1607 1664 1639; x_wconf 93' lang='lat' dir='ltr'>in</span> <span class='ocrx_word' id='word_1_349' title='bbox 1689 1607 1789 1640; x_wconf 88' lang='lat' dir='ltr'>omni-</span> 
     </span>
     <span class='ocr_line' id='line_1_76' title="bbox 1052 1659 1791 1704; baseline 0.003 -13"><span class='ocrx_word' id='word_1_350' title='bbox 1052 1659 1110 1691; x_wconf 89' lang='lat' dir='ltr'>bus</span> <span class='ocrx_word' id='word_1_351' title='bbox 1128 1659 1315 1702; x_wconf 85' lang='lat' dir='ltr'>supradietis</span> <span class='ocrx_word' id='word_1_352' title='bbox 1329 1660 1485 1693; x_wconf 83' lang='lat' dir='ltr'>subiectos</span> <span class='ocrx_word' id='word_1_353' title='bbox 1498 1660 1640 1700; x_wconf 84' lang='lat' dir='ltr'>existere,</span> <span class='ocrx_word' id='word_1_354' title='bbox 1654 1661 1791 1704; x_wconf 80' lang='lat' dir='ltr'>exeeptis</span> 
     </span>
     <span class='ocr_line' id='line_1_77' title="bbox 1053 1712 1789 1755; baseline 0.003 -11"><span class='ocrx_word' id='word_1_355' title='bbox 1053 1712 1100 1744; x_wconf 91' lang='lat' dir='ltr'>his</span> <span class='ocrx_word' id='word_1_356' title='bbox 1124 1717 1255 1752; x_wconf 86' lang='lat' dir='ltr'>tantum,</span> <span class='ocrx_word' id='word_1_357' title='bbox 1276 1712 1328 1755; x_wconf 80' lang='lat' dir='ltr'>qui</span> <span class='ocrx_word' id='word_1_358' title='bbox 1346 1713 1494 1753; x_wconf 81' lang='lat' dir='ltr'>eeclesiis,</span> <span class='ocrx_word' id='word_1_359' title='bbox 1512 1713 1618 1745; x_wconf 70' lang='lat' dir='ltr'>aliisve</span> <span class='ocrx_word' id='word_1_360' title='bbox 1635 1713 1789 1746; x_wconf 83' lang='lat' dir='ltr'>dictorum</span> 
     </span>
     <span class='ocr_line' id='line_1_78' title="bbox 1054 1765 1791 1806; baseline 0.003 -9"><span class='ocrx_word' id='word_1_361' title='bbox 1054 1765 1188 1797; x_wconf 82' lang='lat' dir='ltr'>militurn</span> <span class='ocrx_word' id='word_1_362' title='bbox 1214 1766 1290 1798; x_wconf 84' lang='lat' dir='ltr'>loeis</span> <span class='ocrx_word' id='word_1_363' title='bbox 1314 1770 1385 1798; x_wconf 82' lang='lat' dir='ltr'>actu</span> <span class='ocrx_word' id='word_1_364' title='bbox 1410 1766 1566 1806; x_wconf 69' lang='lat' dir='ltr'>serviunt,</span> <span class='ocrx_word' id='word_1_365' title='bbox 1592 1771 1621 1798; x_wconf 89' lang='lat' dir='ltr'>et</span> <span class='ocrx_word' id='word_1_366' title='bbox 1645 1767 1726 1799; x_wconf 87' lang='lat' dir='ltr'>intra</span> <span class='ocrx_word' id='word_1_367' title='bbox 1743 1777 1791 1799; x_wconf 89' lang='lat' dir='ltr'>eo-</span> 
     </span>
     <span class='ocr_line' id='line_1_79' title="bbox 1054 1818 1790 1861; baseline 0.003 -11"><span class='ocrx_word' id='word_1_368' title='bbox 1054 1829 1124 1850; x_wconf 87' lang='lat' dir='ltr'>rum</span> <span class='ocrx_word' id='word_1_369' title='bbox 1138 1823 1226 1861; x_wconf 82' lang='lat' dir='ltr'>septa</span> <span class='ocrx_word' id='word_1_370' title='bbox 1236 1823 1267 1850; x_wconf 93' lang='lat' dir='ltr'>et</span> <span class='ocrx_word' id='word_1_371' title='bbox 1279 1818 1389 1851; x_wconf 89' lang='lat' dir='ltr'>domos</span> <span class='ocrx_word' id='word_1_372' title='bbox 1402 1818 1549 1858; x_wconf 85' lang='lat' dir='ltr'>resident,</span> <span class='ocrx_word' id='word_1_373' title='bbox 1560 1829 1595 1851; x_wconf 89' lang='lat' dir='ltr'>ac</span> <span class='ocrx_word' id='word_1_374' title='bbox 1609 1819 1666 1851; x_wconf 84' lang='lat' dir='ltr'>sub</span> <span class='ocrx_word' id='word_1_375' title='bbox 1680 1830 1790 1852; x_wconf 89' lang='lat' dir='ltr'>eorum</span> 
     </span>
     <span class='ocr_line' id='line_1_80' title="bbox 1054 1870 1789 1915; baseline 0.001 -11"><span class='ocrx_word' id='word_1_376' title='bbox 1054 1870 1231 1904; x_wconf 72' lang='lat' dir='ltr'>obedientia</span> <span class='ocrx_word' id='word_1_377' title='bbox 1257 1872 1378 1911; x_wconf 79' lang='lat' dir='ltr'>vivunt;</span> <span class='ocrx_word' id='word_1_378' title='bbox 1397 1882 1476 1915; x_wconf 88' lang='lat' dir='ltr'>quae</span> <span class='ocrx_word' id='word_1_379' title='bbox 1493 1872 1598 1905; x_wconf 90' lang='lat' dir='ltr'>omnia</span> <span class='ocrx_word' id='word_1_380' title='bbox 1615 1872 1674 1905; x_wconf 90' lang='lat' dir='ltr'>nisi</span> <span class='ocrx_word' id='word_1_381' title='bbox 1698 1873 1789 1905; x_wconf 90' lang='lat' dir='ltr'>simul</span> 
     </span>
     <span class='ocr_line' id='line_1_81' title="bbox 1054 1924 1790 1965; baseline 0.001 -8"><span class='ocrx_word' id='word_1_382' title='bbox 1054 1930 1253 1965; x_wconf 79' lang='lat' dir='ltr'>concurrant,</span> <span class='ocrx_word' id='word_1_383' title='bbox 1278 1924 1516 1958; x_wconf 89' lang='lat' dir='ltr'>Ordinariorum</span> <span class='ocrx_word' id='word_1_384' title='bbox 1543 1925 1790 1959; x_wconf 85' lang='lat' dir='ltr'>iurisdietionem</span> 
     </span>
     <span class='ocr_line' id='line_1_82' title="bbox 1055 1978 1791 2021; baseline 0.001 -11"><span class='ocrx_word' id='word_1_385' title='bbox 1055 1978 1153 2010; x_wconf 86' lang='lat' dir='ltr'>vitare</span> <span class='ocrx_word' id='word_1_386' title='bbox 1175 1988 1239 2010; x_wconf 93' lang='lat' dir='ltr'>non</span> <span class='ocrx_word' id='word_1_387' title='bbox 1263 1988 1365 2021; x_wconf 88' lang='lat' dir='ltr'>posse,</span> <span class='ocrx_word' id='word_1_388' title='bbox 1383 1982 1416 2010; x_wconf 91' lang='lat' dir='ltr'>ut</span> <span class='ocrx_word' id='word_1_389' title='bbox 1440 1978 1565 2011; x_wconf 88' lang='lat' dir='ltr'>disertis</span> <span class='ocrx_word' id='word_1_390' title='bbox 1582 1978 1685 2011; x_wconf 79' lang='lat' dir='ltr'>verbis</span> <span class='ocrx_word' id='word_1_391' title='bbox 1703 1989 1791 2011; x_wconf 85' lang='lat' dir='ltr'>cave-</span> 
     </span>
     <span class='ocr_line' id='line_1_83' title="bbox 1055 2031 1793 2065; baseline 0.003 -2"><span class='ocrx_word' id='word_1_392' title='bbox 1055 2036 1106 2064; x_wconf 87' lang='lat' dir='ltr'>tur</span> <span class='ocrx_word' id='word_1_393' title='bbox 1130 2031 1351 2064; x_wconf 87' lang='lat' dir='ltr'>constitutione</span> <span class='ocrx_word' id='word_1_394' title='bbox 1375 2037 1498 2064; x_wconf 85' lang='lat' dir='ltr'>sanetae</span> <span class='ocrx_word' id='word_1_395' title='bbox 1523 2032 1693 2065; x_wconf 87' lang='lat' dir='ltr'>memoriae</span> <span class='ocrx_word' id='word_1_396' title='bbox 1721 2032 1793 2065; x_wconf 90' lang='lat' dir='ltr'>Gre—</span> 
     </span>
     <span class='ocr_line' id='line_1_84' title="bbox 1055 2085 1545 2128; baseline -0.002 -9"><span class='ocrx_word' id='word_1_397' title='bbox 1055 2085 1135 2128; x_wconf 81' lang='lat' dir='ltr'>gorii</span> <span class='ocrx_word' id='word_1_398' title='bbox 1160 2085 1226 2118; x_wconf 84' lang='lat' dir='ltr'>XIII</span> <span class='ocrx_word' id='word_1_399' title='bbox 1251 2085 1309 2118; x_wconf 88' lang='lat' dir='ltr'>hac</span> <span class='ocrx_word' id='word_1_400' title='bbox 1334 2085 1371 2118; x_wconf 91' lang='lat' dir='ltr'>de</span> <span class='ocrx_word' id='word_1_401' title='bbox 1396 2096 1429 2118; x_wconf 87' lang='lat' dir='ltr'>re</span> <span class='ocrx_word' id='word_1_402' title='bbox 1453 2086 1545 2119; x_wconf 77' lang='lat' dir='ltr'>edita.</span> 
     </span>
    </p>

    <p class='ocr_par' dir='ltr' id='par_1_19' title="bbox 1334 2139 1746 2173">
     <span class='ocr_line' id='line_1_85' title="bbox 1334 2139 1746 2173; baseline 0.005 -2"><span class='ocrx_word' id='word_1_403' title='bbox 1334 2139 1369 2171; x_wconf 88' lang='lat' dir='ltr'>H.</span> <span class='ocrx_word' id='word_1_404' title='bbox 1389 2139 1472 2172; x_wconf 85' lang='lat' dir='ltr'>card.</span> <span class='ocrx_word' id='word_1_405' title='bbox 1491 2140 1746 2173; x_wconf 57' lang='lat' dir='ltr'>Liscmomvs.</span> 
     </span>
    </p>

    <p class='ocr_par' dir='ltr' id='par_1_20' title="bbox 1056 2192 1797 2661">
     <span class='ocr_line' id='line_1_86' title="bbox 1100 2192 1792 2236; baseline 0 -11"><span class='ocrx_word' id='word_1_406' title='bbox 1100 2193 1114 2236; x_wconf 60' lang='grc' dir='ltr'><strong>ξ</strong></span> <span class='ocrx_word' id='word_1_407' title='bbox 1133 2192 1163 2225; x_wconf 71' lang='grc'>3.</span> <span class='ocrx_word' id='word_1_408' title='bbox 1184 2192 1261 2226; x_wconf 90' lang='lat' dir='ltr'>Cum</span> <span class='ocrx_word' id='word_1_409' title='bbox 1285 2197 1400 2233; x_wconf 89' lang='lat' dir='ltr'>autem,</span> <span class='ocrx_word' id='word_1_410' title='bbox 1417 2193 1496 2225; x_wconf 86' lang='lat' dir='ltr'>sicut</span> <span class='ocrx_word' id='word_1_411' title='bbox 1512 2193 1620 2225; x_wconf 88' lang='lat' dir='ltr'>eadem</span> <span class='ocrx_word' id='word_1_412' title='bbox 1639 2193 1792 2236; x_wconf 83' lang='lat' dir='ltr'>expositio</span> 
     </span>
     <span class='ocr_line' id='line_1_87' title="bbox 1056 2246 1791 2289; baseline 0 -10"><span class='ocrx_word' id='word_1_413' title='bbox 1056 2246 1287 2289; x_wconf 80' lang='lat' dir='ltr'>subiungebat,</span> <span class='ocrx_word' id='word_1_414' title='bbox 1312 2247 1424 2279; x_wconf 80' lang='lat' dir='ltr'>fratres</span> <span class='ocrx_word' id='word_1_415' title='bbox 1455 2247 1587 2288; x_wconf 87' lang='lat' dir='ltr'>milites,</span> <span class='ocrx_word' id='word_1_416' title='bbox 1619 2257 1654 2279; x_wconf 87' lang='lat' dir='ltr'>ac</span> <span class='ocrx_word' id='word_1_417' title='bbox 1685 2247 1791 2279; x_wconf 75' lang='lat' dir='ltr'>vicarii</span> 
     </span>
     <span class='ocr_line' id='line_1_88' title="bbox 1057 2299 1793 2343; baseline 0 -11"><span class='ocrx_word' id='word_1_418' title='bbox 1057 2300 1229 2343; x_wconf 83' lang='lat' dir='ltr'>cappellani</span> <span class='ocrx_word' id='word_1_419' title='bbox 1255 2304 1286 2332; x_wconf 86' lang='lat' dir='ltr'>et</span> <span class='ocrx_word' id='word_1_420' title='bbox 1309 2299 1455 2339; x_wconf 87' lang='lat' dir='ltr'>ministri,</span> <span class='ocrx_word' id='word_1_421' title='bbox 1481 2299 1595 2342; x_wconf 86' lang='lat' dir='ltr'>aliique</span> <span class='ocrx_word' id='word_1_422' title='bbox 1612 2300 1793 2343; x_wconf 81' lang='lat' dir='ltr'>supradicti,</span> 
     </span>
     <span class='ocr_line' id='line_1_89' title="bbox 1057 2353 1794 2396; baseline 0 -11"><span class='ocrx_word' id='word_1_423' title='bbox 1057 2363 1192 2396; x_wconf 88' lang='lat' dir='ltr'>quorum</span> <span class='ocrx_word' id='word_1_424' title='bbox 1217 2353 1375 2386; x_wconf 85' lang='lat' dir='ltr'>nonnullis</span> <span class='ocrx_word' id='word_1_425' title='bbox 1392 2353 1568 2385; x_wconf 83' lang='lat' dir='ltr'>animarum</span> <span class='ocrx_word' id='word_1_426' title='bbox 1586 2363 1661 2386; x_wconf 89' lang='lat' dir='ltr'>cura</span> <span class='ocrx_word' id='word_1_427' title='bbox 1678 2353 1794 2386; x_wconf 82' lang='lat' dir='ltr'>incum-</span> 
     </span>
     <span class='ocr_line' id='line_1_90' title="bbox 1058 2406 1793 2449; baseline 0.001 -11"><span class='ocrx_word' id='word_1_428' title='bbox 1058 2406 1113 2446; x_wconf 84' lang='lat' dir='ltr'>bit,</span> <span class='ocrx_word' id='word_1_429' title='bbox 1137 2406 1288 2439; x_wconf 86' lang='lat' dir='ltr'>hactenus</span> <span class='ocrx_word' id='word_1_430' title='bbox 1307 2406 1434 2439; x_wconf 87' lang='lat' dir='ltr'>decreto</span> <span class='ocrx_word' id='word_1_431' title='bbox 1458 2406 1630 2449; x_wconf 82' lang='lat' dir='ltr'>praedicto,</span> <span class='ocrx_word' id='word_1_432' title='bbox 1655 2406 1746 2439; x_wconf 89' lang='lat' dir='ltr'>etiam</span> <span class='ocrx_word' id='word_1_433' title='bbox 1763 2407 1793 2439; x_wconf 92' lang='lat' dir='ltr'>in</span> 
     </span>
     <span class='ocr_line' id='line_1_91' title="bbox 1058 2458 1795 2501; baseline 0.003 -11"><span class='ocrx_word' id='word_1_434' title='bbox 1058 2458 1107 2491; x_wconf 90' lang='lat' dir='ltr'>his</span> <span class='ocrx_word' id='word_1_435' title='bbox 1146 2469 1226 2501; x_wconf 87' lang='lat' dir='ltr'>quae</span> <span class='ocrx_word' id='word_1_436' title='bbox 1258 2469 1367 2491; x_wconf 86' lang='lat' dir='ltr'>curam</span> <span class='ocrx_word' id='word_1_437' title='bbox 1403 2459 1580 2491; x_wconf 89' lang='lat' dir='ltr'>animarum</span> <span class='ocrx_word' id='word_1_438' title='bbox 1616 2459 1795 2492; x_wconf 85' lang='lat' dir='ltr'>huiusmodi</span> 
     </span>
     <span class='ocr_line' id='line_1_92' title="bbox 1059 2511 1796 2545; baseline 0.001 -2"><span class='ocrx_word' id='word_1_439' title='bbox 1059 2517 1089 2544; x_wconf 86' lang='lat' dir='ltr'>et</span> <span class='ocrx_word' id='word_1_440' title='bbox 1112 2511 1413 2544; x_wconf 87' lang='lat' dir='ltr'>administrationem</span> <span class='ocrx_word' id='word_1_441' title='bbox 1438 2517 1706 2544; x_wconf 80' lang='lat' dir='ltr'>sacramentorum</span> <span class='ocrx_word' id='word_1_442' title='bbox 1726 2522 1796 2545; x_wconf 91' lang='lat' dir='ltr'>con-</span> 
     </span>
     <span class='ocr_line' id='line_1_93' title="bbox 1059 2564 1797 2607; baseline 0.001 -11"><span class='ocrx_word' id='word_1_443' title='bbox 1059 2569 1201 2604; x_wconf 87' lang='lat' dir='ltr'>cernunt,</span> <span class='ocrx_word' id='word_1_444' title='bbox 1226 2574 1338 2607; x_wconf 88' lang='lat' dir='ltr'>parere</span> <span class='ocrx_word' id='word_1_445' title='bbox 1364 2564 1620 2605; x_wconf 71' lang='lat' dir='ltr'>decrectaverint,</span> <span class='ocrx_word' id='word_1_446' title='bbox 1634 2575 1669 2597; x_wconf 88' lang='lat' dir='ltr'>ac</span> <span class='ocrx_word' id='word_1_447' title='bbox 1685 2564 1797 2598; x_wconf 88' lang='lat' dir='ltr'>consti—</span> 
     </span>
     <span class='ocr_line' id='line_1_94' title="bbox 1062 2616 1795 2661; baseline -0.001 -10"><span class='ocrx_word' id='word_1_448' title='bbox 1062 2616 1192 2651; x_wconf 86' lang='lat' dir='ltr'>tutione¹</span> <span class='ocrx_word' id='word_1_449' title='bbox 1216 2617 1368 2661; x_wconf 88' lang='lat' dir='ltr'>praedicti</span> <span class='ocrx_word' id='word_1_450' title='bbox 1400 2617 1544 2661; x_wconf 82' lang='lat' dir='ltr'>Gregorii</span> <span class='ocrx_word' id='word_1_451' title='bbox 1574 2618 1674 2661; x_wconf 85' lang='lat' dir='ltr'>Papae</span> <span class='ocrx_word' id='word_1_452' title='bbox 1705 2628 1795 2661; x_wconf 88' lang='lat' dir='ltr'>prae-</span> 
     </span>
    </p>
   </div>
   <div class='ocr_carea' id='block_1_15' title="bbox 1799 336 1982 363">
    <p class='ocr_par' dir='ltr' id='par_1_21' title="bbox 1799 336 1982 363">
     <span class='ocr_line' id='line_1_95' title="bbox 1799 336 1982 363; baseline 0 0"><span class='ocrx_word' id='word_1_453' title='bbox 1799 337 1847 363; x_wconf 78' lang='lat' dir='ltr'>An.</span> <span class='ocrx_word' id='word_1_454' title='bbox 1868 336 1896 363; x_wconf 76' lang='lat' dir='ltr'>C.</span> <span class='ocrx_word' id='word_1_455' title='bbox 1914 336 1982 363; x_wconf 75' lang='lat'>1622</span> 
     </span>
    </p>
   </div>
   <div class='ocr_carea' id='block_1_16' title="bbox 1802 1087 1987 1187">
    <p class='ocr_par' dir='ltr' id='par_1_22' title="bbox 1802 1087 1987 1187">
     <span class='ocr_line' id='line_1_96' title="bbox 1877 1087 1987 1107; baseline -0.009 0"><span class='ocrx_word' id='word_1_456' title='bbox 1877 1087 1987 1107; x_wconf 80' lang='lat' dir='ltr'>Decretum</span> 
     </span>
     <span class='ocr_line' id='line_1_97' title="bbox 1802 1118 1985 1142; baseline -0.005 -9"><span class='ocrx_word' id='word_1_457' title='bbox 1802 1118 1880 1142; x_wconf 20' lang='lat' dir='ltr'>sacrae*</span> <span class='ocrx_word' id='word_1_458' title='bbox 1899 1119 1985 1142; x_wconf 63' lang='lat' dir='ltr'>congre⁴</span> 
     </span>
     <span class='ocr_line' id='line_1_98' title="bbox 1803 1142 1985 1163; baseline 0 -4"><span class='ocrx_word' id='word_1_459' title='bbox 1803 1142 1892 1163; x_wconf 57' lang='lat' dir='ltr'>salionis</span> <span class='ocrx_word' id='word_1_460' title='bbox 1916 1145 1985 1159; x_wconf 69' lang='lat' dir='ltr'>conci·</span> 
     </span>
     <span class='ocr_line' id='line_1_99' title="bbox 1803 1168 1832 1187; baseline -0.034 0"><span class='ocrx_word' id='word_1_461' title='bbox 1803 1168 1832 1187; x_wconf 86' lang='grc' dir='ltr'>Ιιι.</span> 
     </span>
    </p>
   </div>
   <div class='ocr_carea' id='block_1_17' title="bbox 1813 2202 1992 2275">
    <p class='ocr_par' dir='ltr' id='par_1_23' title="bbox 1813 2202 1992 2275">
     <span class='ocr_line' id='line_1_100' title="bbox 1841 2202 1992 2222; baseline 0 0"><span class='ocrx_word' id='word_1_462' title='bbox 1841 2202 1921 2222; x_wconf 76' lang='lat' dir='ltr'>Causae</span> <span class='ocrx_word' id='word_1_463' title='bbox 1936 2202 1992 2222; x_wconf 76' lang='lat' dir='ltr'>itlius</span> 
     </span>
     <span class='ocr_line' id='line_1_101' title="bbox 1813 2229 1992 2249; baseline 0 -1"><span class='ocrx_word' id='word_1_464' title='bbox 1813 2229 1992 2249; x_wconf 54' lang='lat' dir='ltr'>confirmationem</span> 
     </span>
     <span class='ocr_line' id='line_1_102' title="bbox 1815 2256 1944 2275; baseline -0.008 0"><span class='ocrx_word' id='word_1_465' title='bbox 1815 2256 1944 2275; x_wconf 65' lang='lat' dir='ltr'>inducentes⁴</span> 
     </span>
    </p>
   </div>
   <div class='ocr_carea' id='block_1_18' title="bbox 1097 2675 1826 2724">
    <p class='ocr_par' dir='ltr' id='par_1_24' title="bbox 1097 2675 1826 2724">
     <span class='ocr_line' id='line_1_103' title="bbox 1097 2675 1826 2724; baseline 0 -9"><span class='ocrx_word' id='word_1_466' title='bbox 1097 2689 1107 2715; x_wconf 83' lang='lat'><strong>1</strong></span> <span class='ocrx_word' id='word_1_467' title='bbox 1131 2689 1250 2717; x_wconf 84' lang='lat' dir='ltr'>Erronee</span> <span class='ocrx_word' id='word_1_468' title='bbox 1276 2689 1339 2716; x_wconf 84' lang='lat' dir='ltr'>edit.</span> <span class='ocrx_word' id='word_1_469' title='bbox 1368 2688 1447 2717; x_wconf 84' lang='lat' dir='ltr'>Main.</span> <span class='ocrx_word' id='word_1_470' title='bbox 1475 2689 1537 2724; x_wconf 78' lang='lat' dir='ltr'>legit</span> <span class='ocrx_word' id='word_1_471' title='bbox 1566 2689 1794 2717; x_wconf 75' lang='lat' dir='ltr'>constitutionem</span> <span class='ocrx_word' id='word_1_472' title='bbox 1823 2675 1826 2677; x_wconf 93' lang='lat'>.</span> 
     </span>
    </p>
   </div>
   <div class='ocr_carea' id='block_1_19' title="bbox 1061 2733 1166 2768">
    <p class='ocr_par' dir='ltr' id='par_1_25' title="bbox 1061 2733 1166 2768">
     <span class='ocr_line' id='line_1_104' title="bbox 1061 2733 1166 2768; baseline 0.01 -9"><span class='ocrx_word' id='word_1_473' title='bbox 1061 2734 1098 2768; x_wconf 80' lang='lat' dir='ltr'>(n.</span> <span class='ocrx_word' id='word_1_474' title='bbox 1118 2733 1166 2768; x_wconf 79' lang='grc' dir='ltr'><strong>τ.).</strong></span> 
     </span>
    </p>
   </div>
  </div>
 </body>
</html>
