2293 3231
10 277 38 322 ἶ
62 276 83 326 γ’
107 284 199 314 ime.
223 283 290 312 ¹612

50 1770 73 1798 ’,Ξῖ
116 1771 156 1792 Pro
165 1770 220 1792 bello
228 1776 278 1792 con-

36 1795 38 1820 ζ
50 1804 69 1828 -4
93 1798 127 1818 tra
138 1797 235 1827 Mnschos
244 1803 278 1819 ec-

65 1839 68 1846 .
93 1823 207 1845 ctesiasuci
218 1825 277 1850 regni

48 1851 69 1877 τά
93 1849 195 1871 Potoniaa
239 1851 276 1871 ati-

35 1875 76 1907 [ἐν.
93 1876 149 1906 quod
159 1877 277 1898 subsidium

35 1919 38 1928 ι
58 1911 81 1931 ›'⁴
93 1908 139 1929 ¹⁰8*

34 1929 38 1959 ’ς
53 1944 74 1971 ἲ
92 1929 224 1956 ρτοωίῑῑιιιιι,

172 1906 276 1928 praestari

59 2507 79 2545 stj
115 2509 164 2540 ⁴Hoc
177 2511 275 2541 sintper-

65 2552 72 2590 ‘3
91 2538 274 2589 {iifflnuiiffrasxi'
289 2554 482 2595 Concilium,
505 2565 563 2588 nec
587 2565 650 2588 non
673 2555 812 2588 diversas
836 2555 911 2588 alias
936 2567 1029 2589 cano-

930 279 1049 306 mvws
1073 279 1094 302 v
1117 279 1164 304 rr*

307 330 411 370 eretis,
427 330 459 363 in
475 327 669 364 contrarium
687 328 792 363 forsan
809 328 1046 373 quomodolibet
1062 339 1064 344 ’

306 383 473 423 concessis,
491 381 684 416 confirmatis
708 386 738 414 et
761 380 954 426 approbatis.
972 380 1044 419 Qui-

303 436 362 469 bus
387 435 548 475 omnibus,
577 435 696 467 etiamsi
723 434 761 466 de
785 433 846 466 illis
870 443 1043 477 eorumque

304 489 378 522 totis
402 489 565 522 tenoribus
589 487 743 531 specialis,
769 486 913 530 specifica
937 491 967 517 et.
991 496 1044 517 ox-

302 596 404 628 forma
428 593 466 626 ad
491 594 551 626 hoc
569 593 720 626 servanda
738 594 827 631 soret,
845 596 969 623 tenores
989 591 1044 623 hu-

302 646 438 680 iusmodi
462 645 681 690 praesentibus
704 655 762 688 pro
787 645 879 687 plene
903 648 933 675 et
957 643 1042 675 suili-

301 700 420 733 cienter
443 698 600 742 expressis
626 698 786 737 habentes,
811 695 989 740 specialiter
1013 700 1040 727 et

301 762 447 796 expresse
471 751 673 794 derogamus,
686 749 861 792 ceterisque
875 748 1041 782 contrariis

300 804 563 848 quibuscumque.

343 857 456 890 Datum
480 857 597 890 Romae
622 855 707 899 apud
724 860 865 888 sanctum
890 854 1039 893 Marcum,

299 910 358 944 sub
372 910 488 943 annulo
504 909 681 948 Piscatori&
699 908 749 941 die
765 917 810 940 xu
828 907 901 939 maii
918 917 1039 947 iincxii,

299 963 500 1008 pontificatus
516 962 617 995 nostri
634 971 715 994 anno
731 971 784 994 vn.

351 1025 412 1052 Dat.
432 1025 476 1052 die
498 1024 529 1051 12
548 1023 614 1050 maii
637 1023 716 1056 1612,
738 1022 831 1058 pontif,
845 1031 888 1049 an.
902 1028 946 1049 vn

615 1147 707 1182 CCIV.

296 1227 510 1272 Siyismundo
539 1227 599 1260 III
620 1227 780 1260 Polom'ae
808 1225 875 1268 rcyi
897 1219 1055 1268 facultas}

340 1281 527 1314 conceditur
543 1280 723 1324 recipiendi
738 1279 923 1312 subsidium
940 1277 978 1310 ab
991 1288 1036 1310 ec-

338 1334 526 1367 clesiasticis
554 1333 649 1376 reym'
674 1336 784 1376 sponte
807 1332 954 1364 oblatum
977 1342 1036 1374 pro

339 1387 420 1420 bello
437 1391 551 1420 contra
566 1385 737 1420 Moschos¹.

296 1477 475 1506 Charissimo
485 1477 516 1505 in
528 1478 644 1506 Christo
655 1478 716 1506 filio
731 1481 834 1506 nostro
850 1478 1035 1513 sigismundo
1051 1474 1053 1487 ³

391 1523 530 1551 Polom'ae
551 1526 582 1550 et
601 1522 722 1550 Suetiae
741 1523 806 1558 regi
826 1523 941 1551 illustri

534 1579 643 1605 Paulus
664 1579 743 1612 Papa
762 1578 795 1604 V.

388 1640 566 1669 Chai-issima
581 1641 613 1668 in
629 1641 746 1669 Christo
760 1641 804 1668 fili
819 1644 933 1673 noster,

329 1687 459 1714 salutem
482 1690 513 1714 et
533 1686 728 1720 apostolicam
747 1686 997 1719 benedictionem,

337 1758 352 1801 ἓ
377 1757 406 1790 1.
431 1757 476 1790 Ex
500 1757 671 1790 maiestatis
701 1761 772 1791 tuae
797 1757 908 1790 litteris
931 1768 1034 1801 nuper

293 1810 520 1854 cognovimus,
545 1810 631 1855 quod
666 1811 752 1854 (cum
784 1811 922 1854 suscepti
956 1822 973 1843 a
1005 1817 1050 1852 tet

291 1863 366 1896 belli
393 1863 426 1896 in
449 1863 606 1897 Moscovia
635 1863 773 1897 rationes
797 1865 974 1908 postulent,
999 1853 1050 1897 11ῐῖ

291 1926 365 1949 cum
380 1916 469 1950 novis
483 1916 647 1960 copiarum
661 1916 887 1960 supplementis
904 1927 941 1949 eo
956 1927 1032 1961 pro-

290 1969 453 2010 ficiscaris,
469 1970 651 2003 nutantibus
679 1980 714 2002 ac
738 1970 852 2014 partim
877 1970 970 2002 etiam
987 1981 1033 2003 re-

289 2023 479 2056 bellantibus
494 2023 639 2064 Moschis,
658 2023 827 2068 felicesque
844 2034 1031 2067 progressus

290 2081 361 2110 tuos
370 2076 543 2109 catholicae
552 2077 716 2119 religionis
725 2077 868 2110 hostibus
878 2077 1030 2121 impedire

291 2129 519 2171 adnitentibus,
551 2130 720 2173 regiaeque
750 2131 832 2163 vires
862 2132 1030 2164 exhaustae

291 2188 322 2216 et
345 2193 422 2227 opes
446 2183 567 2215 accisae
599 2183 673 2227 sint)
705 2183 810 2216 dilecti
841 2184 899 2216 filii
926 2185 1029 2217 clerus

265 2232 270 2236 ”
290 2236 381 2279 regni
406 2236 564 2276 Poloniae,
582 2236 714 2268 subsidii
737 2237 873 2277 nominc,
891 2237 1028 2280 aliquam

289 2290 444 2334 pecuniae
468 2300 624 2322 summam
643 2289 745 2322 eidem
770 2290 923 2323 maiestati
947 2296 1028 2332 tuae,

289 2347 399 2376 nostro
430 2343 575 2375 videlicet
607 2343 645 2375 ad
678 2343 738 2376 hoc
771 2348 801 2375 et
831 2345 1028 2387 Apostolicae

290 2395 378 2429 Sedis
393 2396 560 2429 accedente
578 2406 742 2436 consensu,
758 2396 900 2429 conferre
918 2403 1029 2440 sponte

290 2449 408 2482 volunt.

334 2502 349 2546 ἓ
372 2502 402 2536 2.
427 2502 503 2536 Cum
526 2507 630 2535 autem
654 2501 804 2546 propter²
822 2503 1029 2536 Lateranense

325 2628 336 2654 1
359 2626 397 2653 Ex
416 2626 521 2661 Regest.
539 2626 568 2653 in
586 2626 688 2653 Secret.
710 2626 787 2653 Brev.

324 2670 341 2697 2
359 2669 502 2697 videretur
520 2669 610 2706 potius
628 2669 774 2706 legendum
792 2678 843 2706 per
861 2671 901 2706 (n.
925 2672 972 2705 T.).

373 2725 452 2754 Bull.
468 2725 549 2754 Rom.
568 2726 627 2754 Vol.
644 2726 709 2754 XII.
852 2726 886 2753 22

1079 326 1165 360 nicas
1186 331 1212 359 et
1232 324 1419 369 apostolicas
1437 322 1684 362 constitutiones,
1702 322 1758 354 suls<
1776 321 1818 354 di-

1079 378 1176 411 versis
1189 377 1330 411 censuris
1343 381 1369 410 et
1381 375 1490 420 poenis
1504 380 1650 408 careatur
1659 385 1817 418 expresse,

1061 436 1117 463 'ne
1142 441 1243 473 reges,
1270 429 1428 473 principes
1453 434 1483 461 et
1506 427 1557 460 alii
1583 432 1762 471 potentatus
1779 427 1817 459 ab

1078 482 1341 526 archiepiscopis,
1374 481 1549 525 episcopis,
1579 480 1763 519 abbatibus,
1788 485 1817 512 et

303 551 413 586 pressa
437 540 571 580 mentio,
596 545 649 572 aut
673 540 778 584 aliqua
807 539 866 571 alia
891 537 1044 581 exquisita
1060 545 1061 563 1
1077 535 1146 567 aliis
1171 535 1316 578 personis
1341 533 1570 571 ecclesiasticis,
1595 533 1687 565 ctiam
1709 538 1818 576 sponte

1077 587 1297 626 offerentibus,
1327 586 1462 629 aliquam
1495 585 1699 629 pecuniarum
1732 595 1816 616 surn-

1077 650 1159 671 mam
1185 639 1248 671 six-e
1274 638 1510 671 sul.›vcntioucin
1532 637 1700 681 recipiant,
1725 637 1816 669 nobis

1075 697 1245 736 propterea
1268 691 1429 723 humiliter
1454 691 1646 734 suffi‘ilicastL
1672 696 1705 722 ut
1729 699 1816 733 prae-

1076 744 1180 777 missis
1211 749 1350 776 nostram
1383 749 1409 775 ct
1443 743 1537 775 liuius
1569 748 1692 775 sanctae
1727 742 1815 776 Sedis

1075 797 1291 830 auctoritatem
1308 796 1510 839 interponere
1534 796 1745 838 dignaremur.

1119 849 1176 893 §3
1194 851 1266 889 Nos,
1281 848 1460 881 huiusmodi
1476 849 1756 892 supplicationibus
1770 849 1813 880 in-

1074 903 1190 942 clinati,
1215 901 1354 934 subsidio
1373 901 1562 941 huiusmodi,
1584 907 1692 944 sponte
1711 906 1812 934 tamen

1073 966 1129 999 per
1146 955 1412 998 archiepiscopos,
1431 954 1606 997 episcopos,
1629 954 1759 985 abbates
1783 958 1813 986 et

1073 1008 1150 1041 alias
1170 1007 1395 1041 ecclesiasticas
1411 1017 1570 1050 personas,
1587 1017 1645 1049 pro
1662 1008 1724 1038 una
1744 1006 1811 1039 rice

1073 1066 1103 1094 et
1119 1063 1243 1094 summa
1260 1071 1339 1104 quae
1361 1060 1405 1093 eis
1427 1060 1584 1092 videbitur
1607 1063 1735 1098 tantum,
1759 1058 1812 1091 tri-

1054 1114 1208 1155 buendo,
1231 1119 1371 1147 nostram
1396 1118 1426 1146 et
1449 1113 1549 1146 dictae
1573 1112 1655 1145 sedis
1679 1111 1813 1145 auctori-

1054 1170 1166 1201 itatem
1191 1167 1419 1211 interponimus
1444 1177 1500 1210 per
1523 1171 1712 1210 praesentes

1116 1221 1173 1264 §Aa
1188 1221 1224 1254 Et
1241 1221 1444 1253 nihilominus
1458 1220 1713 1264 archiepiscopis,
1734 1220 1811 1263 epis-

1071 1274 1168 1318 copis,
1195 1274 1361 1306 abbatibus
1375 1278 1401 1305 ct
1418 1274 1485 1305 aliis
1502 1273 1719 1306 ecclesiasticis
1744 1284 1811 1316 pcr-

1070 1328 1155 1360 sonis
1175 1327 1351 1371 praedictis,
1366 1332 1396 1359 111
1412 1327 1547 1371 aliquam
1564 1327 1714 1370 pecuniae
1729 1338 1811 1360 suin-

1069 1392 1153 1414 mam
1174 1382 1354 1414 huiusmodi
1375 1383 1471 1414 seincl
1491 1386 1623 1422 tantum,
1648 1387 1679 1414 ut
1706 1393 1809 1426 supra,

1069 1435 1290 1469 conserendam
1313 1436 1504 1479 persolvere,
1523 1446 1558 1468 ac
1578 1436 1723 1469 maiestas
1748 1441 1809 1475 tua,

1070 1492 1177 1535 tuique
1201 1491 1335 1524 ministri
1360 1491 1511 1535 praedicti
1538 1496 1643 1534 petere
1670 1494 1698 1523 et
1722 1491 1806 1523 reci·

1068 1555 1165 1589 pere,
1196 1545 1316 1588 absque
1347 1544 1555 1577 conscientiae
1579 1544 1745 1587 scrupulo,
1775 1554 1809 1576 ac

1069 1608 1275 1631 censurarum
1289 1603 1319 1630 et
1331 1608 1506 1641 poenarum
1520 1597 1753 1641 praedictarum
1766 1597 1811 1630 in—

1068 1662 1163 1684 cursu
1181 1651 1280 1684 libere
1305 1656 1335 1684 et
1358 1651 1441 1684 licite
1457 1651 1588 1694 possint,
1606 1651 1808 1684 concedimus

1049 1711 1098 1738 ¹et
1122 1705 1339 1748 indulgemus3
1364 1706 1511 1749 ipsosque
1536 1705 1807 1748 arclflepiscopos,

1067 1759 1250 1803 episcopos,
1274 1760 1404 1792 abbates
1428 1765 1455 1792 et
1481 1759 1558 1791 alias
1582 1769 1733 1803 personas
1757 1770 1808 1791 ec-

1068 1812 1265 1853 clesiasticas,
1291 1818 1321 1845 et
1345 1823 1454 1845 earum
1480 1812 1627 1855 singulas,
1653 1818 1806 1855 quatenus

1066 1865 1125 1909 ipsi
1150 1866 1265 1899 dictam
1288 1866 1439 1910 pecuniae
1463 1876 1619 1898 summam
1651 1865 1806 1909 promise-

1066 1919 1139 1959 rint,
1164 1924 1217 1952 aut
1241 1919 1400 1959 solverint,
1425 1929 1482 1951 nec
1499 1929 1562 1952 non
1579 1918 1722 1951 eamdem
1740 1929 1806 1950 ma—

1066 1972 1209 2005 iestatem
1233 1977 1318 2005 tuam
1343 1978 1373 2005 et
1397 1978 1467 2005 tuos
1491 1972 1652 2004 ministros
1681 1971 1805 2015 praedi-

1065 2024 1153 2065 ctos,
1167 2026 1192 2058 si
1217 2025 1302 2058 illam
1319 2026 1380 2058 iam
1398 2025 1585 2069 receperint,
1603 2025 1640 2057 ab
1658 2025 1806 2058 omnibus

1065 2082 1094 2112 et
1118 2078 1249 2120 singulis
1280 2078 1421 2111 censuris
1445 2084 1475 2111 et
1498 2078 1608 2122 poenis
1636 2083 1805 2121 propterea

1064 2131 1301 2175 quomodolibet
1327 2132 1460 2165 incursis
1485 2131 1595 2164 eadem
1621 2131 1804 2164 auctoritate

1063 2185 1265 2225 absolvimus,
1282 2192 1311 2218 et
1327 2186 1488 2218 absolutos
1513 2186 1577 2217 sore
1595 2195 1758 2217 censemus
1776 2188 1802 2217 et

1063 2239 1270 2271 declaramus.

1089 2292 1122 2335 ,ἓ
1139 2291 1168 2324 5.
1182 2292 1251 2324 Non
1267 2292 1465 2324 obstantibus
1480 2291 1668 2334 praemissis,
1682 2301 1716 2323 ac
1737 2290 1805 2333 qui·
1819 2304 1929 2325 Contraria
1940 2305 2001 2326 tona.

1062 2343 1170 2376 busvis
1193 2344 1470 2377 constitutionibus
1493 2349 1521 2376 et
1553 2343 1803 2376 ordinationibus

1062 2398 1250 2440 apostolicis,
1267 2408 1323 2430 nec
1341 2408 1403 2430 non
1419 2397 1632 2437 ecclesiarum,
1651 2400 1803 2430 monaste-

1063 2450 1184 2483 riorum
1202 2457 1231 2483 et
1247 2451 1475 2483 beneficiorum
1493 2450 1673 2483 huiusmodi
1695 2451 1801 2493 tetiam

1063 2503 1251 2544 iuramento,
1276 2504 1515 2536 confirmatione
1540 2504 1729 2547 apostolica,
1754 2505 1801 2536 rel

1063 2557 1173 2600 quavis
1196 2557 1342 2590 firmitate
1366 2557 1424 2589 alia
1447 2557 1617 2600 roboratis)
1635 2557 1755 2589 statutis
1772 2563 1802 2590 et

1062 2610 1357 2650 consuetudinibus,
1381 2610 1556 2653 privilegiis
1580 2621 1721 2654 quoque,
1746 2610 1797 2642 in-

1062 2664 1156 2698 dultis
1180 2667 1210 2697 et
1233 2663 1344 2697 litteris
1369 2663 1559 2708 apostolicis,
1576 2673 1611 2696 ac
1632 2663 1800 2708 exemptio·
1845 2681 1850 2684 ·

1722 263 1785 299 169
1831 272 1879 299 An.
1897 271 1924 299 c.
1947 271 2013 299 1612

1842 867 1947 888 Permittit
1958 867 2012 888 Pon-

1829 893 1885 914 tifex.

1854 1235 2010 1256 Ecclesiasticis

1827 1261 1876 1281 iliud
1886 1263 2010 1288 elargiendi,

1826 1289 1931 1314 regiisque
1949 1289 2009 1309 mini·

1826 1317 1873 1334 stris
1886 1316 2010 1340 recipiendi,

1825 1347 1869 1361 sine
1910 1348 2009 1361 censura-

1831 1375 1869 1388 'uni
1882 1369 1964 1389 incursu
1975 1370 2010 1389 tri-

1826 1395 1870 1415 buu
1879 1396 2006 1417 laenitatem.
