2293 3231
304 292 354 319 An.
371 291 399 318 e.
417 291 484 319 ¹523
531 281 593 316 798

502 392 659 425 absolutos
684 391 749 423 t'ore
773 394 944 428 censentes,
970 387 1149 420 huiusmodi
1170 398 1240 430 sup-

503 444 719 489 plicationibus
737 442 885 481 inclinati,
905 441 1126 485 primodictam
1144 440 1240 473 ccele-

502 498 599 536 siam,
625 497 688 529 sive
712 495 907 540 praemisso,
939 495 1003 527 sive
1036 494 1097 527 alio
1128 493 1239 537 quovis

502 550 608 589 modo,
633 554 685 582 aut
709 560 744 582 ex
770 548 898 581 alterius
921 548 1147 592 cuiuscumque
1172 557 1240 590 per-

501 605 587 642 sona,
605 613 659 635 seu
678 613 735 646 per
751 602 885 634 similem
903 600 1147 644 resignationem
1165 599 1238 632 dicti

501 657 658 701 Pompilii,
683 657 730 689 vel
755 656 891 689 cuiusvis
915 655 1054 695 alterius,
1071 655 1108 687 dc
1131 654 1182 687 itta
1208 654 1238 686 in

502 712 638 744 Romana
661 710 764 750 Curia,
789 710 835 742 vel
862 713 948 743 extra
973 719 1053 749 eam,
1077 708 1170 741 etiam
1191 718 1240 741 co-

501 774 567 797 ram
598 763 719 797 notario
751 762 879 807 publico
910 767 940 795 et
968 761 1099 795 testibus
1128 766 1239 805 sponte

500 817 633 856 factam,
657 822 708 849 aut
733 815 987 849 constitutionem
1014 815 1112 848 felicis
1137 825 1241 848 recor-

501 870 633 903 dationis
647 870 769 903 loannis
783 870 884 913 Papae
895 870 974 902 XXII
987 868 1240 912 praedecessoris

501 924 616 963 nostri,
640 933 719 967 quae
745 923 851 967 incipit
879 922 1097 963 Execrabilis,
1123 922 1170 955 vel
1195 932 1241 954 as-

500 977 694 1020 sequtionem
719 976 848 1009 alterius
870 975 1013 1008 beneficii
1038 975 1240 1008 ecclesiastici

501 1030 608 1073 quavis
631 1029 814 1063 auctoritate
837 1028 959 1068 collati,
985 1034 1092 1069 vacet,
1118 1028 1240 1061 etiamsi

500 1089 586 1117 tanto
600 1089 741 1128 tempore
754 1083 918 1123 vacaverit,
932 1083 1017 1127 quod
1034 1083 1101 1116 eius
1116 1083 1241 1116 collatio

501 1137 584 1170 iuxta
609 1137 825 1171 Lateranensis
849 1142 963 1169 statuta
988 1137 1113 1170 concilii
1135 1137 1173 1170 ad
1192 1137 1242 1170 Se-

501 1191 569 1223 dem
590 1191 782 1235 praedictam
800 1190 939 1233 legitime
957 1190 1112 1231 devoluta,
1129 1200 1164 1223 ac
1181 1190 1243 1235 pri—

502 1244 636 1279 modicta
660 1244 790 1278 eeclesia
823 1243 1020 1288 dispositioni
1052 1244 1242 1288 apostolicae

502 1298 676 1341 specialiter
699 1299 746 1331 vel
772 1298 847 1331 alias
871 1298 1061 1341 generaliter
1084 1304 1242 1331 reservata

502 1351 622 1393 existat,
647 1357 677 1385 et
692 1362 786 1396 super
800 1354 836 1384 ea
850 1352 931 1385 inter
944 1351 1066 1395 aliquos
1083 1352 1121 1384 lis
1139 1352 1243 1395 (cuius

503 1410 616 1438 statum
641 1405 859 1449 praesentibus
883 1405 994 1438 haberi
1014 1406 1161 1438 volumus
1185 1416 1243 1449 pro

503 1466 663 1503 expresso)
680 1459 813 1502 pendeat
825 1458 973 1500 indecisa,
987 1459 1160 1492 dummodo
1177 1459 1243 1492 eius

503 1511 666 1556 dispositio
682 1512 720 1544 ad
735 1522 792 1545 nos
805 1512 863 1545 hac
876 1512 941 1545 vice
956 1512 1123 1556 pertineat,
1141 1513 1243 1546 omni-

504 1566 627 1599 modam
646 1566 728 1599 illius
746 1567 1012 1610 parochianorum
1032 1577 1152 1608 curam,
1170 1566 1244 1599 alia-

503 1630 563 1663 que
580 1619 658 1661 iura,
675 1621 776 1654 officia
793 1626 823 1654 et
839 1631 936 1654 onera
959 1621 1154 1665 parochialia
1177 1621 1245 1654 uni-

505 1673 779 1714 versa,etillorum
797 1675 991 1716 exercitium,
1009 1685 1131 1708 necnon
1141 1675 1245 1708 omnia

504 1731 534 1761 et
550 1727 672 1771 singula
696 1728 778 1762 illius
795 1729 1016 1773 proprietates,
1030 1729 1161 1770 fructus,
1179 1729 1246 1762 red-

505 1781 597 1821 dituS,
610 1787 788 1825 proventus,
801 1782 880 1823 iura,
898 1782 1101 1816 obventiones
1117 1788 1148 1815 et
1164 1793 1247 1816 emo-

505 1835 643 1868 lumenta
667 1845 893 1879 quaecumque,
919 1836 949 1869 in
970 1836 1133 1879 quibusvis
1150 1836 1246 1869 rebus

507 1888 715 1929 consistentia,
735 1890 906 1932 apostoliea
923 1890 1119 1931 auctoritate,
1137 1893 1246 1924 tenore

508 1942 734 1985 praesentium,
758 1948 910 1987 perpetuo
934 1943 1133 1984 abdicamus,
1158 1954 1248 1988 sepa-

509 2005 615 2028 ramus
638 2006 673 2029 ac
697 1995 978 2030 dismembramus:

314 2055 495 2103 fflffill‘ssffl?
554 2049 569 2092 ξ,
593 2047 621 2081 8.
639 2049 766 2082 Necnon
791 2060 899 2083 curam
920 2051 1030 2094 ipsam,
1048 2051 1126 2092 iura,
1145 2052 1248 2085 officia

314 2109 366 2128 mn.
381 2110 447 2129 sanas
462 2109 496 2129 m-
511 2105 541 2133 et
565 2111 681 2141 onera,
707 2102 895 2147 illorumque
927 2103 1111 2137 exercitium
1143 2104 1250 2137 huius—

315 2135 369 2155 rotat
388 2135 413 2155 de
429 2135 495 2155 Funa-

314 2167 357 2185 τω.
369 2162 385 2180 ε’·
401 2165 496 2187 accenta—
512 2154 595 2188 modi
621 2155 658 2187 ad
683 2155 844 2189 ecclesiam
866 2156 894 2189 S.
916 2157 1034 2190 Nicolai
1051 2158 1089 2190 de
1106 2158 1250 2191 Funariis

315 2193 336 2207 re
352 2193 396 2208 eam
411 2189 496 2208 veluerit
545 2207 550 2213 ,

316 2214 380 2239 mou·
414 2217 481 2234 recwr
493 2231 497 2237 .
511 2212 604 2240 etiam
613 2215 821 2252 nuncupatam
836 2209 1041 2253 primodictae
1053 2211 1249 2252 viciniorem,

316 2240 366 2260 :it-A<
375 2240 401 2260 ad
411 2241 498 2261 vir-lnio-

316 2266 664 2314 {me-effimssfflflnatenus
692 2272 764 2295 vero
800 2263 930 2296 dilectus
962 2263 1044 2297 fitius
1080 2264 1250 2298 modernus

316 2308 355 2364 {332
372 2319 498 2367 ''ffssfflfflg
513 2320 616 2348 rector
639 2315 738 2348 dictae
764 2316 912 2350 ecclesiae
944 2316 972 2349 S.
999 2317 1117 2351 Nicolai
1141 2329 1249 2352 curam

318 2371 420 2392 nan-tort·
514 2367 689 2401 huiusmodi
710 2375 873 2413 acceptare
893 2370 980 2410 nolit,
998 2370 1036 2403 ad
1054 2371 1145 2404 aliam
1167 2371 1251 2404 simi-

514 2420 583 2453 liter
607 2421 782 2464 praedictae
807 2423 956 2456 ecclesiae
968 2424 996 2457 S.
1011 2424 1153 2457 Andreae
1179 2425 1249 2458 vici-

514 2473 655 2514 niorem,
679 2475 767 2508 cuius
799 2482 903 2509 rector
935 2488 1043 2510 euram
1068 2478 1248 2511 huiusmodi

515 2530 675 2570 acceptare
699 2534 862 2562 contentus
886 2530 941 2570 sit,
967 2530 1007 2562 ita
1037 2530 1120 2574 quod
1156 2542 1248 2574 paro-

515 2579 615 2611 cliiani
642 2581 845 2624 primodietae
865 2583 1014 2616 ecclesiae
1038 2594 1120 2617 nunc
1145 2589 1174 2617 et
1191 2596 1249 2628 pro

516 2637 654 2675 tempore
668 2634 833 2668 existentes
843 2636 1058 2679 adpraefatam
1072 2637 1101 2670 S.
1119 2638 1248 2679 Nieolai,
1282 2639 1384 2672 natori
1402 2642 1432 2672 et
1455 2637 1668 2672 confratribus
1686 2636 1856 2681 praedictis
1874 2647 1932 2681 pro
1949 2641 2024 2670 tem-

516 2695 571 2717 seu
593 2685 684 2718 aliam
709 2688 892 2729 ecclesiam,
917 2689 957 2722 ad
979 2700 1072 2733 quarn
1099 2701 1175 2724 cura
1194 2692 1250 2725 hu-

1078 286 1256 310 nrttanmu
1280 284 1435 309 nomnen

502 338 684 383 quendum,
717 338 826 370 harum
860 335 939 368 serie
967 334 1184 375 absolventes,
1210 340 1237 367 et
1273 332 1411 366 jusmodi
1439 332 1602 366 transferri
1635 333 1824 376 contigerit,
1855 339 2015 378 tamquam

2030 285 2080 314 An.
2096 285 2126 314 C.
2144 286 2214 316 tm

1273 385 1434 430 propriam
1467 395 1578 418 eorum
1611 386 1826 430 parochialem
1849 387 2014 420 eeclesiam

1273 450 1331 483 pro
1357 439 1461 472 missis
1480 443 1510 473 et
1526 439 1595 472 aliis
1619 439 1733 473 divinis
1756 439 1868 474 officiis
1891 440 2016 475 audien-

1272 493 1320 526 dis
1337 504 1373 526 ac
1387 493 1592 527 sacramentis
1609 493 1830 527 ecclesiasticis
1841 494 2016 538 percipien-

1272 546 1320 579 dis
1334 573 1341 587 ,
1366 551 1527 590 tamquam
1558 546 1645 590 veri,
1680 546 1758 580 certi
1787 552 1818 580 et
1848 547 2016 582 indubitati

1272 599 1356 633 illius
1372 599 1557 644 parochiani
1574 600 1735 642 accedere,
1755 611 1791 634 ac
1810 600 1893 634 illius
1913 606 2016 635 recto-

1273 664 1340 687 rem
1364 655 1408 687 uti
1427 665 1536 688 verum
1554 660 1584 688 et
1600 655 1767 700 proprium
1784 655 1971 700 pai-ochum,
1987 658 2018 690 et

1272 707 1449 741 animarum
1466 718 1595 742 suarum
1611 714 1770 752 pastorem
1787 719 2017 752 recognoscere

1273 766 1303 794 et
1319 761 1499 804 observare,
1523 761 1632 806 illique
1651 761 1788 796 debitam
1806 761 2016 796 obedientiam

1273 820 1302 849 et
1327 816 1537 849 reverentiam
1555 816 1716 858 exhibere,
1733 827 1857 850 necnon
1883 816 1952 850 iura
1967 827 2018 861 pa-

1274 869 1426 902 rochialia
1446 870 1536 904 solita
1561 875 1592 902 et
1616 874 1767 903 consueta
1789 874 1953 914 praestare
1968 869 2019 904 de-

1275 922 1367 956 beant
1383 928 1414 956 et
1431 927 1595 958 teneantur
1607 923 1795 967 (dummodo
1808 923 1908 968 ipsius
1923 924 2019 958 eecle-

1275 976 1339 1009 siae
1355 977 1384 1011 S.
1406 977 1525 1010 Nicolai
1551 988 1605 1010 seu
1630 977 1759 1011 alterius
1778 977 1810 1010 in
1829 977 1897 1011 eius
1920 987 2020 1011 reser-

1275 1030 1432 1063 vationem
1456 1030 1618 1064 vicinioris
1636 1030 1844 1075 primodictae
1868 1030 2018 1064 ecclesiae

1275 1083 1417 1127 parochi,
1434 1089 1465 1117 et
1483 1083 1672 1118 dilectorum
1689 1084 1829 1118 filiorum
1853 1084 2020 1118 moderno-

1276 1147 1345 1170 rum
1359 1137 1566 1181 primodictae
1583 1137 1734 1171 ecelesiae
1751 1131 2019 1182 parochianorum

1276 1190 1314 1223 ad
1339 1190 1369 1223 id
1393 1191 1521 1224 accedat
1544 1192 1703 1235 assensus)
1721 1191 1803 1226 dicta
1823 1192 2019 1234 auctoritate,

1276 1244 1459 1277 earumdem
1484 1249 1594 1278 tenore
1619 1245 1844 1289 praesentium,
1864 1250 2019 1290 perpetuo

1277 1298 1508 1339 transferiinus;
1533 1297 1625 1332 eum¹
1650 1298 1719 1343 ipsa
1744 1299 1878 1332 ecelesia
1901 1299 1930 1332 S.
1951 1300 2016 1332 An-

1277 1352 1371 1385 dreae
1386 1362 1513 1393 nomen,
1530 1352 1654 1385 titulum
1672 1357 1703 1385 et
1721 1352 2020 1394 denominationem,

1276 1416 1312 1439 ac
1337 1406 1505 1440 essentiam
1526 1406 1717 1450 parochialis
1742 1407 1893 1440 ecclesiae
1910 1406 1939 1440 S.
1957 1407 2020 1441 An-

1277 1460 1381 1501 dreae,
1398 1460 1545 1504 illiusque
1562 1460 1695 1494 rectoris
1708 1460 1852 1494 similiter
1867 1465 2021 1506 perpetuo

1277 1514 1508 1559 supprimimus
1525 1520 1555 1548 et
1572 1515 1794 1558 extinguimus.

1323 1568 1338 1612 ἓ
1362 1567 1391 1601 9.
1411 1568 1448 1601 Et
1464 1567 1595 1612 insuper
1611 1568 1712 1612 ipsam
1730 1568 1895 1602 ecclesiam
1912 1567 1942 1602 S.
1958 1568 2022 1602 An·
2077 1575 2221 1624 Fra-‹iliatam-

1278 1620 1383 1662 dreae,
1401 1621 1446 1654 sic
1466 1621 1506 1654 ab
1529 1621 1712 1655 huiusmodi
1735 1622 1813 1654 cura
1837 1626 1869 1654 et
1892 1620 2022 1662 officiis,
2036 1608 2222 1679 ἔὲῗξΐὲξξξ

1280 1675 1402 1708 iuribus
1418 1680 1448 1708 et
1465 1675 1622 1708 exercitiis
1639 1675 1874 1720 parochialibus
1888 1675 2021 1708 liberam
2036 1683 2126 1732 2⁵⁰2?
2173 1689 2222 1706 eum
2240 1696 2242 1710 ;

1280 1733 1310 1762 et
1333 1734 1521 1773 exemptam,
1545 1739 1581 1762 ac
1605 1729 1672 1762 sine
1695 1728 1787 1763 bonis
1815 1733 1846 1762 et
1868 1729 2022 1762 fructibus
2037 1715 2162 1784 Ιῡέῗιῗίεἷὲῗ
2175 1716 2239 1759 υἷ’

1280 1787 1506 1823 remanentem,
1531 1793 1603 1816 cum
1627 1783 1816 1816 Sanctorum
1841 1787 1872 1816 et
1892 1769 2242 1844 qnibus'{{:'s}1{³12⁸ffl}3'ii?'

1281 1846 1416 1880 eumque
1441 1836 1509 1869 aliis
1533 1835 1686 1880 reliquiis,
1703 1846 1740 1869 ac
1754 1835 1902 1870 omnibus
1917 1840 1948 1869 et
1963 1845 2023 1868 sin·
2037 1842 2239 1891 ιιοοιιιίςιςιοιιιοω-Ἴ

1280 1889 1363 1933 gulis
1379 1890 1573 1934 paramentis
1592 1895 1623 1923 et
1638 1889 1843 1931 ornamentis,
1861 1888 2022 1931 calicibus,
2036 1873 2222 1945 ἓζὲἷὶῖἰιῗὲυὲῗξ

1281 1944 1445 1985 crucibus,
1470 1944 1683 1985 candelabris,
1707 1944 1885 1988 campanis,
1914 1943 2022 1985 libris,
2037 1928 2222 1998 &genuitat-

1281 1997 1491 2041 universaque
1515 2007 1604 2030 sacra
1620 2001 1651 2031 et
1670 1997 1802 2041 profana
1826 1996 2022 2041 supellectili,
2070 1993 2076 1999 '

1282 2061 1319 2084 ex
1335 2061 1424 2092 auro,
1442 2055 1472 2084 et
1492 2055 1634 2094 argento,
1651 2055 1681 2083 et
1699 2050 1767 2083 aliis
1784 2050 1880 2084 rebus
1896 2050 2025 2094 quihus-

1282 2114 1416 2148 eumque
1430 2103 1462 2136 in
1472 2103 1661 2148 primodicta
1674 2103 1808 2136 ecclesia
1820 2103 1858 2136 ad
1874 2113 2025 2148 praesens

1283 2158 1498 2198 existentibus,
1516 2168 1553 2191 ex
1569 2167 1663 2199 nunc,
1679 2162 1784 2201 prout,
1798 2161 1966 2202 postquam
1982 2156 2025 2191 di-

1283 2215 1350 2245 ctus
1374 2211 1548 2255 Pompilius
1574 2211 1669 2244 fuerit
1688 2211 1751 2244 vita
1767 2211 1902 2251 functus,
1918 2209 2024 2252 domo,

1284 2264 1418 2297 cameris
1442 2263 1661 2304 metm-atibus,
1679 2268 1709 2296 et
1725 2264 1829 2305 horto,
1849 2267 1880 2296 et
1902 2264 1977 2297 arca
1993 2263 2025 2296 in

1283 2320 1320 2352 ea
1337 2318 1499 2359 existente,
1513 2329 1550 2351 ex
1563 2318 1690 2362 quibus,
1704 2317 1730 2351 si
1745 2317 1937 2359 locarentur,
1953 2322 2024 2351 octo

1283 2372 1387 2406 ducati
1411 2382 1514 2416 pares,
1531 2372 1579 2404 vel
1596 2371 1692 2412 circa,
1711 2377 1746 2404 ut
1768 2371 1958 2414 accepimus,
1974 2381 2026 2404 an-

1283 2426 1402 2459 nuatim
1427 2425 1678 2470 perciperentur,
1702 2424 1881 2468 praedictae
1905 2423 2026 2457 confra-

1283 2479 1419 2513 ternitati
1436 2489 1495 2522 pro
1519 2478 1603 2511 illius
1627 2477 1759 2511 ecclesia
1775 2477 1814 2510 ad
1833 2477 1932 2510 instar
1955 2477 2026 2510 alia-

1282 2543 1354 2564 rum
1368 2532 1469 2565 dietae
1479 2531 1572 2565 Urbis
1582 2530 1875 2565 confraternitatum
1885 2530 2025 2574 regenda

1283 2591 1313 2619 et
1335 2584 1584 2618 administranda
1609 2584 1665 2628 (ita
1688 2583 1772 2628 quod
1796 2583 1888 2618 liceat
1910 2583 2025 2627 guber-

1320 2703 1329 2728 1
1348 2700 1449 2728 Forsan
1465 2700 1524 2728 loco
1539 2708 1603 2729 cum
1617 2699 1764 2736 legendum
1778 2702 1805 2728 el
1818 2699 1851 2728 in
1863 2699 1903 2735 (Β.
1920 2700 1969 2733 τ.).
