2293 3231
73 267 122 296 An.
137 266 167 295 G.
186 265 254 296 1628

269 324 348 359 pore
377 315 581 349 existentibus
610 315 825 360 promodictae
859 317 1007 350 ccclesiae

270 367 394 401 aedium
419 373 449 401 et
473 369 675 413 supellectilis
696 369 875 402 huiusmodi
901 381 1009 414 corpo-

270 421 378 463 ralem,
397 421 514 455 realem
539 427 569 454 et
594 423 746 455 actualem
767 422 1007 466 possessionem,

269 484 325 517 per
345 485 387 517 se,
413 476 459 508 vel
484 486 540 519 per
566 476 678 516 alium,
703 486 758 508 seu
782 476 873 517 alios,
898 487 1008 510 eorum

271 532 300 560 et
323 528 424 562 dietae
441 529 707 563 confraternitatis
724 529 861 569 nomine,
880 530 1008 574 propria

271 580 454 615 auctoritate
471 582 718 625 apprehendere,
735 587 765 615 et
780 583 1008 626 apprehensam

272 639 426 678 perpetuo
443 634 595 674 retinere,

317 687 332 730 ἓ
356 687 407 720 10.
425 689 468 721 Ac
486 688 515 720 in
534 688 658 731 signum
676 688 844 722 demolitae
861 689 1010 722 ecclesiae

73 731 257 781 Xssi‘e'ureouarm
273 739 301 772 S.
324 740 477 774 Leonardi
502 741 693 782 huiusmodi,
718 753 754 774 ac
778 742 809 774 in
833 742 1011 776 satisfactio-

73 778 345 829 isslfffft¹fssss¹333nem
375 792 574 836 obligationis
604 793 696 826 aliam
728 794 786 826 sub
816 794 1010 828 invocatione

73 831 145 852 attaris
173 831 258 852 maioris
293 845 299 850 .

73 858 257 888 ecetesiaesancti
273 846 412 879 eiusdem
434 847 463 880 S.
485 847 637 881 Leonardi
662 847 826 880 ecclesiam
850 858 886 881 ex
910 848 1010 891 pretio

72 884 257 965 fflgffiaaffi}
273 898 371 943 ipsius
402 900 552 933 ecclesiae
580 900 746 934 demolitae
774 901 980 944 recuperandi
991 901 1009 941 ¹,

73 966 156 986 uantur.

139 699 162 721 ln
176 699 257 725 signum

154 726 257 747 aeclesiae

273 951 312 985 ad
328 952 450 986 iconem
468 953 575 986 altaris
592 953 720 986 maioris
741 953 891 986 ecclesiae
907 954 935 986 S.
953 955 1010 986 An-

273 1006 386 1047 dreae,
411 1006 564 1050 imagines
589 1007 617 1040 S.
643 1007 784 1040 Andreae
816 1012 846 1040 et
873 1007 901 1040 S.
927 1008 1006 1040 Leo-

272 1059 363 1093 nardi
386 1065 591 1103 patronorum
616 1060 781 1100 collocare,
794 1060 902 1093 vicarii
919 1060 1010 1093 Urbis

273 1113 321 1145 vel
345 1113 481 1145 cuiusvis
500 1113 629 1146 alterius
652 1113 776 1146 licentia
801 1113 937 1157 desuper
954 1113 1011 1146 mi-

272 1166 356 1199 nime
373 1166 539 1210 requisita3

105 1227 148 1249 Nee
161 1233 202 1249 non
217 1228 256 1249 soi—
316 1219 331 1263 ἓ
356 1219 406 1251 Μ.
433 1219 556 1263 lpsique
573 1219 766 1262 gubernator
783 1224 813 1252 et
836 1220 1010 1253 confratres

73 1256 256 1311 ἷέιῗέιιωῖἷᾚῗὲῖῗ
271 1282 398 1305 censum
417 1282 554 1305 annuum
572 1277 601 1306 et
614 1273 823 1306 redimibilem
841 1273 1009 1307 ducentum

72 1307 135 1329 ”uem
149 1309 172 1330 ω
187 1308 229 1330 hm'
271 1329 432 1360 scutorum
458 1326 489 1358 in
513 1328 637 1359 summa
661 1326 844 1370 principali,
869 1327 1010 1360 redditus

270 1382 374 1412 autem
398 1378 493 1411 annui
517 1379 662 1412 undecim
683 1384 844 1413 scutorum
867 1385 1010 1414 monetae

270 1432 438 1472 Romanae,
456 1443 551 1476 super
570 1433 662 1466 honis
682 1433 889 1477 primodie-tae
913 1435 1010 1467 eccle-

272 1484 335 1518 siae
359 1484 470 1518 eadem
495 1485 680 1519 auctoritate
699 1491 839 1519 creatum
865 1491 895 1519 et
911 1487 1010 1531 impo-

271 1538 364 1572 situm
382 1549 418 1571 ex
442 1539 585 1582 pecuniis
605 1539 739 1573 redactis
755 1551 809 1573 seu
830 1540 1009 1583 redigendis

272 1602 308 1625 ex
331 1592 434 1636 pretio
459 1593 625 1626 demolitae
655 1593 805 1627 ecclesiae
829 1594 1008 1628 huiusmodi

272 1645 427 1678 redimere
451 1651 481 1678 et
505 1645 699 1689 extinguere,
717 1657 752 1679 ac
771 1647 892 1680 fructus
908 1647 1009 1680 hacte-

270 1708 330 1732 nus
353 1699 502 1732 decursos
526 1705 555 1732 et
575 1710 638 1733 non
663 1701 781 1733 solutos
798 1700 836 1733 ad
853 1711 1007 1733 summam

271 1752 398 1796 triginta
415 1756 574 1787 scutorum
588 1753 721 1797 parium,
738 1754 786 1787 vel
799 1754 892 1795 circa,
906 1765 1010 1787 ascen-

271 1805 379 1839 dentes
403 1807 525 1840 solvere
549 1807 683 1840 debeant
705 1812 736 1840 et
760 1808 935 1851 teneantur)
959 1808 1009 1841 iti-

271 1858 342 1892 dem
359 1864 513 1904 perpetuo
530 1860 730 1894 concedimus
755 1865 784 1893 et
803 1861 1007 1904 assignamus.

74 1919 258 1967 smtffodohgggffl
317 1913 332 1956 ἓ
356 1913 407 1947 12.
432 1914 577 1948 Ceterum
602 1914 633 1947 in
661 1914 848 1959 primodicta
878 1915 1008 1948 ecclesia

74 1951 175 1993 ciussein
200 1972 258 2002 maa
273 1976 370 1999 unum
394 1972 582 2011 perpetuum
602 1968 734 2012 simplex
757 1973 788 2001 et
811 1969 1008 2011 personalem

75 1998 167 2019 ecclesia
190 2001 258 2019 sancti

73 2022 170 2073 &2233
180 2024 258 2072 ⁸⁰3ss
273 2019 473 2052 residentiam
497 2031 560 2054 non
576 2021 741 2064 requirens
758 2021 946 2054 beneficium
964 2032 1010 2054 ec-

74 2078 258 2131 ῗίξῃθᾱίῗξὲιῑοὲἱ
273 2072 482 2106 clesiastieum
499 2074 555 2106 sub
572 2074 767 2108 invocatione
784 2074 924 2107 eiusdem
945 2085 1011 2107 san-

72 2131 170 2153 instituit.
272 2125 313 2159 cti
337 2125 478 2159 Andreae
502 2138 561 2171 pro
585 2138 648 2161 uno
672 2128 787 2161 clerico
806 2139 861 2161 seu
884 2129 1010 2172 presby-

272 2183 339 2213 tero
353 2180 496 2221 seculari,
510 2181 615 2215 futuro
628 2181 658 2214 in
673 2181 862 2226 primodieta
878 2182 1009 2214 ecclesia

307 2270 317 2295 1
340 2269 389 2296 Vel
409 2270 606 2304 recuperando
625 2271 806 2305 acquirendi.
834 2270 903 2297 Edit.
930 2271 1007 2299 Μαίη.

270 2312 335 2348 legit
349 2313 417 2340 mala
436 2313 516 2340 etiam
536 2313 768 2349 interpunctione:
790 2323 823 2341 ac
842 2315 874 2342 in
894 2315 1009 2350 satisfa-

270 2361 391 2386 ettonem
419 2358 621 2392 obliqationis,
642 2359 733 2385 aliam
755 2359 805 2386 sub
829 2359 1009 2387 invocatione

270 2402 399 2430 eiusdem
428 2402 457 2429 S.
488 2403 636 2430 Leonardi
669 2403 816 2430 ecclesiam
849 2412 884 2430 ex
913 2404 1008 2438 pretio

269 2446 363 2482 ipsius
374 2446 507 2474 ecclesiae
518 2446 680 2481 demolitae,
692 2447 887 2481 recuperando
898 2448 1007 2475 iconem

269 2491 373 2518 altaris
391 2491 512 2518 maioris
531 2492 663 2518 ecclesiae
678 2492 707 2519 S.
724 2492 857 2519 Andreae
872 2492 1009 2527 imaqines

270 2534 299 2562 S.
316 2534 461 2568 Andreae,
478 2538 505 2562 et
524 2535 553 2562 S.
570 2536 718 2562 Leonardi
738 2539 932 2570 patronorum
951 2539 1007 2564 col-

271 2578 385 2612 locare;
405 2579 452 2606 ubi
467 2579 540 2606 nulla
554 2580 747 2614 intelligentiae
762 2581 805 2607 lux
820 2581 943 2616 refulget:
961 2590 1010 2609 nos

271 2622 363 2658 itaque
382 2625 482 2652 mutata
501 2624 716 2660 interpunctione
740 2625 854 2660 legimus
877 2630 905 2653 ut
929 2634 1008 2662 supra

271 2669 472 2705 recuperandi,
487 2670 526 2697 ad
544 2670 665 2703 iconem,
681 2673 733 2698 etc.
750 2673 786 2705 (a.
803 2670 851 2706 iz).

871 268 1048 295 aumonius
1072 270 1114 295 XV
1138 270 1184 294 Pr,

1683 262 1746 298 799
1792 272 1840 300 An.
1857 271 1884 300 c.
1907 272 1976 301 1⁶23

1040 321 1193 361 perpetuo
1210 317 1405 359 beneficiato,
1418 316 1534 351 eisdem
1552 319 1735 352 auctoritate
1749 326 1779 352 et

1040 375 1160 410 tenore,
1178 370 1243 403 sine
1261 370 1391 403 alicuius
1408 370 1611 414 praeiudicio,
1624 376 1778 415 perpetuo

1042 425 1193 468 erigimus
1210 430 1236 457 et
1255 425 1461 464 instituimus;

1087 480 1101 520 ᾗ
1130 477 1175 510 13.
1192 477 1301 521 Illique
1319 478 1361 511 sic
1379 483 1484 511 erecto
1502 483 1532 511 et
1548 479 1698 519 instituto,
1719 490 1778 523 pro

1042 533 1183 573 congrua
1207 536 1237 563 et
1261 531 1448 574 competenti
1469 531 1536 564 eius
1559 532 1640 573 dote,
1657 537 1687 565 et
1703 532 1778 566 illud

1042 594 1100 626 pro
1117 589 1259 626 tempore
1276 584 1443 618 obtinentis
1461 585 1694 625 sustentatione,
1710 596 1778 619 om-

1043 636 1093 669 nia
1114 642 1143 668 et
1167 637 1289 679 singula
1312 637 1519 681 primodictae
1544 638 1693 672 ecclesiae
1717 639 1780 672 fru-

1044 694 1121 728 ctus,
1151 689 1310 730 redditus,
1335 694 1522 734 proventus,
1547 690 1645 733 bona,
1670 696 1701 724 et
1721 691 1780 724 alia

1044 742 1255 775 emolumenta
1279 754 1495 786 quaecumque
1523 744 1599 787 (non
1623 749 1727 777 tamen
1743 755 1779 778 ex

1044 795 1193 828 exercitio
1218 806 1312 829 curae
1329 796 1515 837 animarum,
1532 807 1611 840 quae
1629 808 1688 841 pro
1705 802 1781 830 tem-

1044 858 1122 892 pore
1138 848 1320 882 existentem
1339 850 1488 882 ecclesiae
1505 850 1713 894 primodietae
1729 862 1779 885 ec-

1044 902 1156 935 clesiae
1190 902 1371 943 vicinioris,
1404 904 1442 936 ad
1476 915 1571 948 quam
1604 905 1780 939 animarum

1044 965 1151 988 curam
1183 956 1374 1000 praedictam
1405 957 1567 990 transferri
1598 958 1780 1002 contigerit,

1043 1014 1197 1042 rectorem
1224 1020 1277 1043 seu
1308 1010 1523 1054 superiorem,
1556 1021 1614 1055 pro
1638 1014 1714 1045 cura
1738 1012 1782 1046 sic

1043 1062 1270 1103 transferenda,
1284 1069 1426 1106 spectare
1443 1063 1586 1103 debeant,
1600 1064 1782 1107 provenien-

1044 1114 1095 1154 tia,
1120 1120 1150 1147 et
1174 1116 1313 1159 exceptis
1337 1116 1442 1157 domo,
1468 1122 1498 1149 et
1522 1117 1655 1150 cameris
1679 1123 1782 1152 recto-

1044 1168 1161 1201 ralibus
1191 1169 1379 1212 praedictis,
1403 1181 1483 1214 quae
1515 1171 1572 1204 sub
1601 1171 1782 1205 huiusmodi

1043 1221 1253 1265 applicatione
1278 1224 1504 1267 comprehendi
1528 1234 1592 1257 non
1619 1224 1782 1268 debeant),

1043 1275 1170 1318 praevia
1206 1275 1333 1308 illorum
1363 1286 1380 1308 a
1409 1277 1598 1320 primodicta
1629 1278 1782 1318 ecclesia,

1043 1332 1196 1371 quatenus
1212 1339 1292 1372 opus
1311 1329 1359 1369 sit,
1377 1329 1663 1371 dismembratione,
1681 1336 1783 1365 aucto-

1043 1381 1132 1414 ritate
1157 1387 1186 1415 et
1210 1387 1319 1416 tenore
1343 1384 1534 1427 praemissis,
1556 1390 1709 1428 perpetuo
1733 1396 1783 1430 ap-

1042 1435 1195 1479 plicamus
1211 1441 1241 1469 et
1254 1437 1508 1480 appropriamus.

1087 1488 1101 1531 g
1125 1488 1176 1521 114.
1209 1489 1418 1523 Decernentes
1450 1495 1632 1534 praesentes
1663 1491 1782 1525 litteras
1842 1504 1885 1524 aas
1899 1504 1980 1525 nui-m.

1041 1552 1168 1585 semper
1197 1547 1227 1575 et
1258 1548 1410 1586 perpetuo
1436 1543 1552 1577 validas
1581 1549 1611 1577 et
1641 1545 1782 1579 efficaces
1796 1532 1980 1578 {iiiviiussffiefflss}

1041 1605 1108 1628 esse
1128 1600 1158 1628 et
1174 1595 1250 1636 fore,
1267 1606 1402 1639 suosque
1420 1597 1578 1640 plenarios
1595 1602 1625 1630 et
1642 1597 1782 1641 integros
1796 1589 1843 1605 ⁶⁵¹⁰
1859 1584 1960 1604 ‘'mm''

1041 1648 1170 1682 effectus
1184 1649 1289 1682 sortiri
1307 1653 1337 1684 et
1353 1650 1512 1690 obtinere3
1529 1661 1630 1695 neque
1647 1651 1704 1685 sub
1717 1653 1782 1696 qui-

1040 1702 1147 1735 busvis
1164 1703 1313 1736 similium
1331 1704 1379 1736 vel
1393 1704 1592 1738 dissimilium
1608 1706 1779 1749 gratiarum

1041 1757 1304 1798 revocationibus,
1329 1759 1600 1803 suspensionibus,
1625 1760 1781 1794 limitatio—

1040 1809 1153 1850 nibus,
1183 1810 1460 1853 derogationibus,
1493 1818 1546 1845 ant
1577 1814 1781 1847 cancellariae

1041 1863 1230 1906 apostolicae
1265 1865 1382 1907 regulis
1401 1892 1409 1906 ,
1447 1865 1598 1899 unionum
1634 1866 1780 1900 effectum

1042 1926 1131 1949 suum
1144 1926 1207 1949 non
1222 1918 1403 1950 sortitarum
1422 1919 1635 1960 revocatoriis,
1648 1926 1700 1953 aut
1712 1921 1781 1954 aliis

1042 1970 1206 2003 contrariis
1230 1970 1488 2014 dispositionibus
1511 1983 1567 2016 per
1584 1983 1650 2013 nos,
1668 1979 1698 2006 et
1714 1984 1781 2008 suc-

1042 2032 1183 2055 cessores
1207 2029 1331 2057 nostros
1356 2024 1513 2058 Romanos
1533 2025 1699 2059 Pontifices
1723 2037 1779 2071 pro

1042 2080 1183 2119 tempore
1200 2077 1376 2118 existentes,
1397 2078 1637 2121 quomodolibet
1656 2090 1780 2114 conces-

1042 2129 1093 2168 sis,
1111 2139 1146 2162 ac
1171 2129 1378 2173 imposterum
1403 2132 1621 2173 concedendis,
1639 2143 1781 2177 eompre—

1043 2182 1147 2221 hendi,
1173 2183 1227 2215 sed
1252 2193 1376 2227 semper
1401 2184 1438 2216 ab
1459 2185 1519 2217 illis
1535 2186 1645 2229 excipi,
1660 2191 1689 2219 et
1706 2197 1781 2230 quo-

1042 2235 1099 2268 ties
1123 2235 1193 2268 illae
1218 2236 1416 2278 emanabunt,
1434 2238 1525 2270 toties
1546 2238 1577 2270 in
1601 2239 1779 2283 pristinum,

1042 2294 1071 2321 et
1095 2299 1177 2329 eum,
1195 2289 1226 2321 in
1246 2300 1308 2333 quo
1325 2295 1414 2323 antea
1439 2292 1676 2334 quomodolibet
1692 2299 1780 2326 erant

1041 2347 1176 2383 statum,
1201 2343 1380 2384 restitutas,
1405 2344 1558 2388 repositas
1587 2351 1617 2378 et
1640 2346 1779 2389 plenarie

1042 2394 1256 2437 reintegratas,
1277 2406 1311 2428 ac
1332 2396 1370 2429 de
1395 2406 1476 2430 novo
1500 2397 1557 2430 sub
1581 2409 1780 2443 quacumque

1042 2448 1210 2491 posteriori
1235 2448 1305 2481 data
1320 2460 1378 2492 per
1401 2450 1646 2493 gubernatorem
1664 2458 1694 2485 et
1709 2463 1780 2487 con-

1042 2501 1152 2535 fratres
1175 2502 1330 2545 praefatos
1355 2514 1414 2546 pro
1442 2509 1586 2548 tempore
1614 2506 1780 2540 existentes

1041 2555 1304 2598 quandocumque
1321 2556 1463 2599 eligenda
1483 2568 1648 2591 concessas
1665 2569 1732 2592 esse
1749 2565 1778 2593 et

1042 2609 1118 2648 fore,
1131 2619 1266 2652 suosque
1278 2610 1436 2653 plenarios
1453 2616 1483 2644 et
1499 2612 1638 2655 integros
1651 2612 1778 2650 effeetus
1811 2620 1815 2622 ’

1041 2662 1147 2696 sortiri
1165 2667 1194 2695 et
1211 2663 1367 2703 obtinere3

1860 493 1975 519 Dotcmqno

1793 525 1905 545 congruam
1924 526 1975 540 am-

1793 549 1848 574 unat.
