2293 3231
94 316 145 346 An.
167 316 195 345 C.
214 316 280 345 1617

930 315 1048 340 PAULUS

295 374 331 397 ex
350 363 476 407 speciali
490 364 692 398 concessione
710 363 913 401 Sanctissimi,
931 365 1036 407 appel·
1052 396 1053 402 ,

297 416 428 449 lationes
460 416 490 448 in
522 416 613 450 dietis
638 414 739 449 causis
766 416 1036 460 patrimonialil‘ius

295 479 357 502 non
376 470 613 503 committantur
627 475 713 502 extra
727 469 845 502 Statum
861 469 1036 508 Mediolani,

295 521 356 555 nisi
376 532 499 555 summa
516 522 612 566 petita
629 522 757 556 excedat
774 523 911 555 valorem
930 531 1037 554 aureo-
1052 549 1054 553 .

296 586 367 609 rum
385 576 520 609 duorum
546 576 648 615 1nille;
667 579 696 609 et
713 575 796 618 quod
814 575 951 607 actiones
969 574 1037 607 red-

296 628 424 662 ditionis
450 629 588 669 rationis,
614 628 826 669 mercimonii,
853 627 1036 668 institoriae,

297 683 430 722 tutelae,
456 687 485 715 et
511 681 628 715 similes
652 682 789 714 incertae
821 686 851 713 ct
874 682 1037 723 generales

297 735 461 769 occasione
484 735 753 779 patrimonialium
779 745 833 768 seu
859 734 1036 771 laicalium,

297 787 492 822 deducantur
513 788 543 820 in
568 788 638 821 soro
655 787 787 820 seculari
806 792 914 820 contra
930 787 1035 820 laicos.

574 859 678 892 CAPUT
704 859 725 889 V
731 857 764 890 11.

344 928 400 962 Ubi
426 939 500 962 vero
525 929 676 969 clericus,
705 939 758 961 seu
783 937 918 972 persona
944 928 1039 961 eccle-

297 982 430 1022 siastica,
443 981 508 1025 agit
520 986 629 1015 contra
645 982 759 1015 laicum
770 981 807 1014 ad
818 981 955 1024 aliquam
970 991 1038 1013 rem

298 1034 439 1068 laicalem
465 1035 511 1067 vel
542 1034 795 1078 patrimonialem
829 1044 864 1067 ex
897 1033 933 1066 iis
959 1043 1038 1077 quae

296 1098 355 1132 pro
368 1087 581 1121 immobilibus
599 1092 794 1132 reputantur,
808 1092 882 1131 puta
898 1087 1037 1127 domum,

297 1141 439 1181 fundum,
457 1141 527 1174 iura
548 1152 712 1185 aquarum,
731 1141 923 1180 servitutem,
940 1140 1039 1173 domi-

297 1195 394 1236 nium,
419 1196 643 1240 proprietatem
669 1205 790 1235 census,
816 1195 863 1227 rel
894 1195 1037 1238 proprie-

297 1252 391 1283 tatem
411 1248 562 1289 redditus,
580 1254 610 1281 et
630 1249 678 1281 his
703 1248 825 1289 similia,
839 1258 1037 1292 quacumque

297 1303 419 1336 actione
443 1306 523 1346 agat,
541 1303 706 1336 conveniat
726 1302 822 1335 laicos
847 1302 877 1335 in
902 1303 969 1335 soro
995 1313 1038 1334 se-

297 1357 395 1390 culari
425 1362 487 1391 tam
515 1358 546 1390 in
566 1357 715 1402 petitorio
739 1368 833 1401 quam
863 1357 893 1389 in
918 1367 1038 1401 posscs-

298 1411 399 1444 sorio:
417 1411 500 1444 idem
518 1412 542 1444 si
563 1422 599 1445 ex
618 1414 709 1444 causa
737 1411 948 1455 patrimoniali
967 1416 1037 1454 agat

297 1465 446 1508 petitione
475 1465 676 1498 haereditatis
704 1465 742 1498 ad
763 1465 940 1497 universam
969 1464 1038 1497 liae-

297 1517 461 1552 reditatem
486 1530 540 1552 seu
565 1519 631 1552 eius
654 1524 784 1563 partem,
802 1523 863 1551 tam
883 1530 919 1551 ex
946 1523 1037 1551 testa-

299 1579 414 1615 mento,
432 1583 525 1618 quam
544 1573 582 1605 ab
601 1573 756 1605 intestato.

568 1646 671 1679 CAPUT
697 1644 771 1677 Vlll.

341 1717 376 1750 In
400 1716 546 1750 omnibus
579 1715 799 1759 suprascriptis
832 1715 932 1747 causis
962 1714 1037 1747 illud

297 1769 527 1804 observandum
552 1774 608 1809 est,
626 1772 660 1802 ut
683 1779 806 1812 semper
831 1768 981 1801 iudicium
1007 1768 1037 1800 in

297 1836 334 1858 eo
358 1825 428 1858 soro
455 1824 550 1857 finem
575 1823 718 1867 accipiat,
739 1823 771 1855 in
797 1833 859 1866 quo
891 1826 1035 1865 coeptum

296 1879 400 1912 suerit.
426 1878 596 1922 Propterea
620 1877 645 1909 si
666 1876 810 1912 clericus.
828 1876 874 1908 vel
896 1876 1037 1915 ecclesia,

297 1933 345 1965 vel
359 1931 569 1965 ecclesiastica
582 1941 832 1975 persona‚age1·c
850 1931 982 1963 voluerit
1001 1941 1036 1962 ex

297 1986 366 2018 iure
391 1995 478 2019 cesso
503 1995 519 2017 a
543 1985 633 2021 laico,
650 1984 675 2017 si
692 1984 800 2017 titulus
825 1983 975 2016 cessionis
1000 1983 1035 2015 sit

298 2038 490 2082 principalis,
516 2043 546 2070 et
572 2048 635 2071 non
663 2036 856 2070 accessorius
882 2036 975 2069 alicui
1001 2036 1038 2068 ti-

298 2092 374 2133 tulo,
385 2092 432 2124 vel
447 2091 632 2131 contractui,
642 2096 716 2134 puta
730 2090 927 2129 venditionis,
944 2095 1039 2121 trans-

298 2145 440 2185 actionis,
464 2144 650 2181 donadonis,
675 2144 722 2175 vel
747 2143 892 2183 aliorum,
918 2143 947 2175 in
975 2143 1041 2186 qui-

297 2199 356 2232 hus
392 2198 499 2231 titulus
529 2197 680 2231 cessionis
716 2197 889 2230 accessorie
921 2196 1039 2235 veniat,

299 2252 456 2296 agendum
473 2252 533 2285 erit
548 2252 579 2284 in
604 2252 672 2284 foro
697 2251 842 2287 seculari.
865 2256 893 2283 et
919 2251 977 2283 hoc
1002 2261 1039 2283 ne

299 2308 331 2340 in
356 2306 498 2340 fraudem
524 2305 583 2338 fori
604 2305 753 2337 secularis
782 2304 855 2336 liant
884 2304 1040 2338 cessiones

299 2361 337 2394 ad
366 2361 503 2393 favorem
530 2357 679 2392 ecclesiae
703 2363 733 2390 et
758 2357 1038 2391 ecclesiasticarum

299 2423 517 2458 personarum.

581 2484 684 2517 CAPUT
709 2483 756 2515 lx.

346 2557 383 2590 Et
398 2556 482 2600 quod
507 2566 565 2599 per
580 2555 660 2588 hanc
677 2554 878 2588 concordiam
896 2559 1040 2598 respectu

302 2610 361 2644 sori
378 2620 441 2644 non
457 2609 650 2652 intelligatur
671 2608 856 2651 derogatum
875 2607 1040 2651 privilegio

302 2663 379 2703 fisci,
398 2663 438 2696 ita
455 2668 489 2696 ut
514 2672 622 2696 omnes
646 2672 756 2694 causac
781 2662 902 2694 tiscales
927 2672 1040 2704 cogno-

303 2721 439 2757 scantur,
454 2720 483 2749 et
497 2715 527 2748 in
541 2716 585 2748 eis
600 2715 755 2749 bonorum
774 2715 1040 2759 apprehensiones

404 2777 482 2808 Bull.
502 2778 583 2808 Rom.
599 2792 633 2799 -
653 2778 711 2807 Vol.
732 2777 799 2806 XII.
961 2777 995 2806 52

1073 316 1093 339 V
1116 315 1163 340 1²1³.

1069 375 1104 396 ac
1130 362 1350 406 liquidationes
1375 363 1448 395 siam
1480 372 1535 405 per
1561 360 1635 393 illud
1662 360 1808 395 tribunal,

1069 417 1106 449 ad
1124 417 1206 459 qnod
1233 421 1384 460 spectant,
1399 416 1528 449 seriatis
1545 414 1716 459 privilegiis
1733 414 1808 447 fisco

1070 470 1328 513 competentibus.

1358 550 1460 583 [ΖΛΜ-«Τ
1487 551 1519 582 X.

1114 628 1201 661 (lii-ca
1227 629 1391 661 brachium
1411 630 1551 661 seculare
1571 629 1674 672 quoad
1692 634 1811 662 senten-

1070 681 1127 714 tias
1151 692 1208 725 per
1234 681 1351 714 iudices
1376 682 1603 714 ecclesiasticos
1624 682 1653 714 in
1678 681 1764 715 Statu
1781 687 1806 714 et

1070 734 1231 778 provincia
1257 734 1420 767 Mediolani
1446 735 1522 767 latas
1546 735 1577 767 in
1601 735 1691 768 bonis
1716 736 1811 767 eccle-

1071 787 1213 827 siasticis,
1228 798 1282 820 seu
1299 787 1336 820 ad
1355 787 1529 828 ecclesiam,
1544 787 1685 827 clericos,
1702 797 1810 831 perso-

1071 851 1163 874 nasve
1182 841 1408 874 ecclesiasticas
1422 841 1466 873 uti
1480 842 1556 873 tales
1570 841 1810 884 pertinentibus,

1072 895 1119 927 vel
1132 894 1201 927 aliis
1218 894 1378 932 ecclesiae,
1397 893 1443 926 vel
1458 899 1488 926 ut
1505 904 1599 937 supra
1616 893 1810 934 adiudicatis,

1072 946 1251 987 mobilibus,
1265 946 1490 986 immobilibus,
1508 951 1537 979 et
1553 946 1622 979 aliis
1639 946 1677 979 de
1697 947 1811 990 quibus

1072 1000 1103 1033 in
1135 1001 1238 1044 primo
1263 1000 1384 1044 capite,
1414 1000 1581 1044 exequutio
1614 999 1683 1032 fieri
1715 1000 1812 1043 possit

1072 1053 1138 1086 sine
1163 1053 1359 1086 invocatione
1376 1052 1498 1086 brachii
1516 1052 1666 1085 secularis
1683 1062 1756 1084 cum
1772 1053 1814 1084 sa-

1072 1107 1157 1140 milia
1177 1109 1296 1140 armata
1321 1107 1410 1140 solita
1437 1106 1668 1150 archiepiscopi
1677 1117 1684 1145 3
1703 1116 1811 1138 verum

1072 1161 1251 1204 exequutio,
1270 1161 1307 1193 de
1333 1172 1393 1204 qua
1416 1160 1446 1192 in
1473 1161 1532 1192 boc
1556 1160 1667 1203 capite,
1685 1160 1813 1192 restrin-

1072 1220 1164 1257 gatur
1181 1214 1218 1246 ad
1244 1214 1362 1247 iudices
1387 1213 1615 1246 ecclesiasticos
1632 1212 1811 1246 Mediolani:

1071 1268 1114 1300 ita
1139 1273 1253 1307 tamen,
1272 1273 1301 1300 ut
1321 1268 1345 1300 si
1364 1278 1475 1300 causac
1497 1266 1535 1299 ad
1551 1268 1653 1299 l'orum
1672 1266 1810 1298 ciusdem

1071 1321 1222 1354 ccclesiae
1239 1321 1476 1354 Mediolanensis
1491 1320 1731 1364 quomodolibet
1747 1331 1812 1363 spc-

1071 1380 1189 1408 ctantcs
1214 1386 1269 1418 per
1294 1374 1545 1418 appellationem,
1562 1379 1614 1406 aut
1632 1384 1688 1417 per
1705 1384 1813 1407 avoca-

1072 1429 1198 1468 tionem,
1217 1429 1263 1461 vcl
1281 1428 1349 1461 aliis
1375 1427 1476 1460 modis
1500 1427 1616 1460 suerint
1636 1427 1811 1463 devolutae„

1070 1488 1123 1515 aut
1140 1482 1334 1515 introductae
1360 1492 1465 1514 coram
1490 1480 1645 1513 iudicibus
1669 1480 1813 1513 ecclesia-

1071 1536 1155 1569 sticis
1180 1535 1311 1568 aliarum
1342 1535 1502 1568 civitatum
1528 1534 1630 1568 Status
1654 1539 1706 1567 aut
1731 1545 1811 1578 pro-

1071 1590 1190 1622 vinciae
1215 1589 1389 1629 Mediolani,
1415 1589 1581 1632 exequutio
1606 1587 1811 1621 nihilominus

1072 1643 1139 1676 lieri
1164 1642 1259 1687 possit
1280 1643 1346 1675 sine
1371 1641 1568 1675 invocatione
1586 1641 1709 1674 brachii
1726 1651 1811 1674 secu-

1072 1697 1145 1730 laris
1170 1697 1256 1730 iuxta
1281 1696 1373 1729 huius
1399 1695 1508 1739 capitis
1533 1696 1677 1728 sormam.

1353 1777 1456 1810 CAPUT
1482 1776 1529 1809 xi.

1116 1859 1148 1890 ln
1169 1857 1345 1890 actionibus
1363 1855 1581 1899 personalibus
1596 1861 1704 1889 contra
1717 1856 1813 1889 laicos

1072 1912 1231 1944 debitores
1255 1910 1415 1947 eeclesiae,
1437 1909 1554 1949 clerici,
1585 1920 1639 1941 seu
1668 1919 1813 1952 persona-

1072 1976 1141 1997 rum
1164 1964 1445 1997 ecclesiasticarum
1472 1963 1514 1995 uti
1533 1963 1652 2002 talium,
1672 1968 1763 2006 prout
1783 1963 1813 1995 in

1072 2021 1171 2064 eapite
1190 2031 1217 2060 v,
1235 2020 1330 2063 possit
1356 2019 1425 2052 lieri
1450 2019 1577 2062 quaevis
1595 2018 1761 2062 exequutio
1782 2019 1813 2050 in

1071 2074 1163 2106 bonis
1175 2073 1347 2106 inclinibus
1363 2072 1516 2105 laicorum
1534 2071 1600 2104 sine
1617 2071 1813 2105 invocatione
1846 2087 1857 2089 ff

1072 2126 1192 2160 brachii
1218 2126 1389 2167 secularis,
1414 2130 1444 2158 at
1467 2125 1498 2157 in
1523 2124 1739 2157 immobilibus
1763 2124 1815 2157 lai—

1073 2180 1192 2213 calibus
1213 2190 1275 2213 non
1300 2179 1354 2212 fiat
1378 2179 1445 2211 sinc
1472 2178 1668 2211 invocatione
1691 2177 1813 2210 brachii

1074 2234 1244 2269 secularis,
1274 2233 1358 2276 quod
1389 2231 1518 2264 concedi
1545 2231 1666 2266 debeat,
1692 2233 1813 2263 servata

1073 2287 1277 2330 dispositione
1293 2286 1370 2319 iuris
1388 2285 1572 2318 communis.
1592 2285 1625 2316 ln
1641 2284 1814 2317 actionibus

1075 2351 1148 2373 vero
1172 2340 1390 2383 personalibus
1414 2350 1449 2371 ex
1475 2340 1568 2372 causa
1592 2338 1814 2381 patrimoniali,

1073 2393 1112 2426 de
1137 2394 1252 2437 quibus
1276 2393 1308 2425 in
1333 2392 1433 2436 capite
1459 2402 1500 2432 vi,
1533 2392 1630 2435 possit
1654 2391 1723 2424 fieri
1748 2402 1815 2424 exe-

1074 2447 1183 2490 quutio
1209 2446 1240 2479 in
1263 2446 1354 2479 bonis
1375 2445 1544 2478 mobilibus
1568 2444 1731 2477 laicalibus
1747 2445 1813 2477 sine

1075 2501 1271 2533 invocatione.
1288 2499 1409 2532 brachii
1423 2499 1573 2543 usquead
1592 2509 1748 2531 summam
1763 2510 1816 2532 au-

1074 2563 1202 2586 reorum
1229 2553 1447 2586 ducentorum.
1466 2558 1494 2584 et
1521 2562 1582 2585 non
1602 2553 1694 2584 ultra.
1712 2551 1744 2584 ln
1761 2552 1814 2584 im-

1074 2606 1243 2638 mobilibus
1261 2612 1364 2638 :nutem
1382 2616 1444 2638 non
1461 2606 1515 2638 liat
1532 2605 1597 2637 sine
1618 2604 1813 2637 invocatione

1075 2660 1206 2695 brachii,
1227 2664 1254 2692 ut
1272 2671 1376 2703 supra.
1392 2660 1423 2691 ln
1443 2658 1650 2702 exequutione
1665 2669 1739 2691 vero
1755 2669 1814 2702 per

1075 2717 1236 2757 capturam
1262 2723 1415 2757 personae
1440 2711 1629 2753 debitorum,
1648 2711 1813 2746 brachium

1713 302 1778 337 409
1825 313 1877 340 Au.
1895 311 1923 339 c.
1944 311 2008 339 1617
