2293 3231
88 279 136 306 An.
153 278 182 306 C.
201 278 266 306 1621

153 1509 274 1536 Eorumque

89 1536 206 1563 prlvilegiis
215 1538 236 1557 et
244 1536 275 1557 in<

91 1562 154 1584 fluitis
164 1563 274 1586 donantur,

90 1589 274 1637 ⁶tt’222222'l'0at

91 1621 124 1663 gis
155 1642 275 1663 nominibus

91 1669 217 1695 impetratae
227 1669 274 1689 sub·

93 1695 196 1722 ruptionis
224 1696 275 1716 vitio

93 1725 187 1746 careant,

887 277 1064 305 candentes
1089 280 1106 304 X
1113 279 1130 303 V
1156 280 1202 303 ΙΨ.

285 326 424 370 petierit,
450 337 542 360 veros
574 327 656 360 cives
681 328 717 360 ad
749 328 861 367 instar,
888 334 913 359 et
941 329 1026 361 nulla

286 389 416 424 prorsus
440 379 616 413 differentia
643 381 722 413 inter
746 391 799 413 eos
830 386 855 413 et
889 382 1028 423 singulos·

286 432 364 466 alios
390 443 479 466 veros
505 432 693 475 originarios
718 439 745 466 et
772 434 1027 478 antiquissimos,

287 485 381 518 ctiam
405 486 526 520 nobiles
551 491 577 519 et
605 487 842 530 participantes,
867 487 950 520 cives
983 488 1028 531 ip-

287 538 352 572 sius
377 539 470 572 Urbis
494 540 541 573 vel
567 540 710 581 civitatis,
736 540 777 573 ita
801 545 834 573 ut
853 540 954 584 ipsum
983 540 1029 573 ius

288 592 422 627 civitatis
438 592 477 625 ad
494 602 710 637 quoscumque
736 593 860 627 illorum
878 593 1029 626 haeredes

288 645 399 678 eodem
423 645 517 679 modo
542 651 676 679 transeat
693 673 700 684 ,
726 656 887 687 creamus,
913 646 1028 680 consti-

290 698 406 731 luimus
423 703 450 732 et
470 699 675 742 assignamus,
690 705 717 733 et
743 699 914 733 nobilitatis
940 704 966 730 et
990 699 1030 732 ci-

289 751 414 785 vilitatis
432 752 530 792 titulo‚
552 753 672 786 bonore
689 757 717 786 et
743 753 917 795 insignibus
942 752 1031 785 (leco-

289 815 405 845 ramus,
423 805 621 850 aliorumque
648 806 849 846 familiarum,
871 806 1031 839 continuo-

289 869 360 892 rum
378 860 647 900 commensalium,
666 860 755 894 nohis
771 864 842 893 actu
860 859 891 892 in
916 859 1030 902 palatio

289 917 398 946 nostro
422 913 595 957 apostolico
620 913 867 951 inservientium,
888 923 921 944 ac
947 912 1030 944 illius

291 966 398 1000 tinello
416 966 647 999 comedentium
666 971 695 998 et
720 965 907 1005 bibentium,
924 975 958 997 ae
979 975 1031 997 no-

290 1023 427 1052 strorum
452 1025 478 1051 et
505 1019 593 1052 Sedis
617 1018 795 1062 praedictae
823 1018 1029 1057 notariorum,

289 1072 458 1117 palatiique
489 1078 519 1105 et
549 1073 638 1105 aulae
667 1072 900 1116 praedictorum
937 1072 1031 1105 comi-

292 1131 369 1166 tum,
387 1125 532 1163 militum,
550 1131 580 1158 et
600 1125 765 1165 nobilium,
783 1136 818 1158 ac
844 1125 958 1158 civium
976 1125 1032 1157 hu-

291 1179 429 1213 iusmodi
455 1179 699 1222 originarioruni
729 1189 862 1212 numero
894 1184 921 1211 et
955 1189 1029 1211 con-

291 1233 389 1267 sortio
414 1233 626 1266 favorabiliter
651 1243 880 1276 aggregamus,
905 1244 939 1265 ac
973 1243 1030 1275 pro

289 1285 383 1326 veris,
409 1286 604 1325 indubitatis,
630 1290 659 1319 et
683 1296 744 1319 non
768 1285 848 1319 fictis
873 1286 1031 1318 familiari-

289 1338 358 1380 bus,
376 1339 531 1372 continuis
555 1339 828 1378 commensalibus,
849 1350 884 1371 ac
901 1338 1030 1372 notariis

290 1392 415 1432 nostris,
434 1392 609 1435 comitibus,
631 1392 792 1432 militibus,
816 1392 974 1425 nobilibus
1003 1396 1030 1425 et

291 1445 411 1478 civibus
438 1445 585 1489 deinceps
611 1445 717 1478 baberi
737 1451 763 1477 et
791 1446 928 1488 reputari
947 1445 1030 1477 vulu-

291 1510 360 1532 mus
377 1510 412 1532 ac
431 1500 614 1532 mandamus
630 1511 635 1531 :

334 1555 349 1598 ἓ
373 1554 401 1587 4.
427 1555 549 1598 Eisque,
567 1560 598 1587 ut
618 1555 647 1587 in
664 1555 918 1598 quibuscumque
937 1555 1030 1598 impe-

289 1607 487 1648 trationibus,
501 1607 766 1647 concessionibus,
782 1612 808 1639 et
828 1607 948 1647 litteris,
966 1612 1029 1640 tam

290 1661 424 1703 gratiam
448 1671 542 1704 quam
569 1661 717 1694 iustitiam
751 1660 1028 1700 concernentibus,

291 1724 324 1747 se
344 1714 524 1755 familiares,
543 1714 708 1747 continuos
728 1714 955 1747 commensales
978 1724 1030 1747 no-

291 1772 382 1808 stros,
407 1768 551 1810 comites,
577 1768 705 1808 milites,
729 1768 867 1805 nobiles,
893 1772 920 1800 et
947 1767 1030 1800 cives

291 1821 384 1854 etiam
396 1821 584 1865 originarios
600 1821 774 1861 nominare,
788 1831 845 1854 nec
863 1826 1029 1865 propterea

293 1874 539 1919 impetrationes,
558 1874 787 1915 concessiones,
804 1880 833 1908 et
850 1875 970 1907 litterae
988 1874 1031 1918 ip-

292 1937 344 1960 sae
368 1927 581 1971 subreptionis
599 1927 674 1960 vitio
691 1928 889 1968 subiaceant,
907 1928 961 1960 sed
978 1938 1029 1960 va-

292 1979 373 2013 lidae
403 1985 434 2014 et
461 1981 603 2014 efficaces
632 1981 781 2021 existant;
811 1991 845 2014 ac
878 1991 916 2014 ex
947 1992 1029 2014 nunc

293 2032 440 2077 deinceps
463 2033 496 2065 in
518 2039 708 2077 perpetuum
736 2034 883 2067 omnibus
913 2039 941 2068 et
966 2035 1031 2078 qui-

293 2085 488 2130 buscumque
517 2096 552 2119 ac
586 2097 716 2130 prorsus
740 2087 894 2120 similibus
918 2088 1032 2120 antela-

295 2139 415 2172 tionum
427 2140 446 2180 ¹,
471 2139 762 2183 anticipationibus,
787 2141 1031 2184 praerogativis,

293 2192 486 2236 privilegiis,
514 2192 732 2230 libertatibus,
761 2193 1030 2233 immunitatibus,

293 2244 560 2288 exemptionibus,
584 2245 735 2286 decretis,
759 2245 1031 2289 declarationibus,

293 2297 561 2341 derogationibus,
579 2297 742 2338 mandatis,
763 2298 1032 2341 suspensionibus,

293 2350 463 2392 favoribus,
489 2350 607 2394 gratiis,
632 2350 816 2394 privilegiis,
834 2351 971 2392 indultis,
997 2362 1033 2384 ac

294 2404 426 2445 iuribus,
444 2403 559 2448 quibus
579 2403 631 2436 alii
648 2403 747 2436 nostri
772 2403 940 2437 familiares
960 2409 1035 2437 tem-

293 2468 371 2501 pore
380 2458 480 2491 dictae
494 2457 716 2501 assumptionis
728 2461 853 2491 nostrae
867 2457 904 2490 ad
919 2458 1033 2490 summi

295 2511 487 2554 apostolatus
504 2512 635 2556 apicem,
649 2521 684 2544 ac
698 2511 811 2555 quibus
828 2510 880 2544 alii
894 2511 1034 2544 eiusdem

295 2563 383 2598 Sedis
406 2565 541 2606 notarii,
566 2565 659 2598 etiam
684 2565 722 2598 de
746 2575 878 2598 numero
907 2564 1034 2608 partiei-

297 2618 437 2660 pantium
461 2619 645 2660 existentes,
670 2619 763 2652 etiam
791 2618 816 2651 si
841 2617 980 2651 habitum
1006 2622 1033 2651 et

334 2679 346 2705 1
363 2679 506 2708 Videt-etur
520 2681 662 2717 legendum
677 2680 902 2710 mactationibus
917 2683 953 2717 ga.
972 2680 1019 2715 r).

1705 269 1768 303 4953

1061 328 1236 361 rochettum
1264 327 1458 359 notariorum
1490 327 1586 369 ipsius
1619 326 1707 360 sedis
1739 337 1799 359 non

1062 382 1210 419 deferant,
1234 381 1401 423 palatiique
1426 385 1452 411 et
1480 381 1568 412 aulae
1589 381 1798 423 praelatorum

1062 434 1206 472 conates,
1233 434 1367 471 milites,
1393 438 1419 465 et
1447 433 1567 466 nobiles
1592 433 1684 465 etiam
1709 433 1802 475 origi-

1062 486 1140 519 narii
1173 498 1207 519 ue
1233 486 1439 529 antiquissimi
1476 486 1557 518 cives
1582 486 1721 518 ciusdem
1750 486 1802 519 Ur-

1064 539 1111 571 bis
1145 540 1189 571 vel
1224 539 1374 579 civitatis,
1404 550 1516 583 quani,
1543 545 1571 571 ut
1607 540 1801 583 praefertur,

1063 592 1225 633 elegerint,
1243 593 1359 637 quique
1377 604 1413 624 ex
1431 598 1565 636 utroquo
1585 598 1712 636 parente
1730 603 1801 625 vere

1064 645 1158 678 nobili
1185 650 1211 677 et
1239 645 1304 677 rive
1329 646 1500 687 originario
1531 651 1556 677 et
1584 645 1802 689 antiquissimo

1064 700 1231 744 procreati.
1250 700 1287 732 de
1312 700 1390 736 iure,
1417 703 1540 736 statuto.
1567 699 1801 739 consuetudine,

1065 754 1111 786 vel
1136 754 1211 787 alias
1229 764 1263 786 ev
1285 755 1390 796 aliquo
1409 754 1535 796 speciali
1554 753 1729 796 privilegio,
1748 764 1802 785 seu

1063 807 1138 839 alifis
1162 807 1408 850 quonmdolilwt,
1427 807 1519 839 ctiam
1538 806 1640 850 quoad
1658 817 1803 850 assequu-

1065 859 1180 892 tionem
1205 870 1479 903 qiutrumcumque
1504 859 1749 899 beneficiorum,
1774 872 1803 892 e-

1065 913 1137 945 tiam
1152 913 1445 951 ecclesiasticorum,
1460 914 1551 946 etiam
1566 923 1623 956 per
1639 924 1804 956 quascum-

1064 976 1123 1009 que
1144 966 1261 998 litteras
1291 976 1344 998 seu
1362 966 1600 999 constitutiones
1617 966 1803 1009 apostolicas

1064 1029 1121 1061 pro
1141 1024 1281 1062 tempore
1302 1019 1408 1055 editas,
1430 1024 1570 1056 utuntur,
1588 1020 1736 1052 fruuntur
1752 1030 1804 1063 po-

1064 1073 1183 1105 tiuntur
1208 1077 1235 1106 et
1261 1073 1407 1115 gaudent,
1426 1084 1460 1105 ac
1486 1073 1540 1111 uti,
1565 1073 1637 1112 frui,
1663 1073 1757 1116 potiri
1774 1078 1801 1105 et

1064 1126 1203 1168 gaudere
1228 1131 1372 1170 potet-mu
1406 1126 1642 1170 quomodolibet
1666 1127 1697 1158 in
1721 1127 1804 1159 futu—

1064 1190 1145 1216 rum,
1163 1179 1279 1223 ubique
1306 1180 1458 1219 locorum,
1477 1180 1506 1212 in
1528 1180 1643 1212 iudicio
1660 1185 1686 1212 et
1706 1185 1803 1218 extra,

1064 1233 1129 1265 sine
1155 1238 1256 1265 tamen
1275 1233 1460 1265 eorumdem
1478 1233 1674 1266 notariorum
1692 1233 1729 1265 de
1747 1243 1803 1265 nu-

1064 1297 1152 1319 mero
1169 1286 1425 1330 participantium
1444 1286 1649 1330 praeiudicio,
1663 1286 1718 1326 uti,
1732 1286 1803 1326 frui,

1064 1340 1158 1383 potiri
1184 1344 1211 1373 el
1237 1339 1374 1379 gaudere
1396 1340 1493 1372 libere
1519 1345 1549 1372 et
1573 1339 1655 1372 licite
1685 1340 1801 1372 valeant

1065 1393 1189 1425 realiter
1207 1398 1231 1425 et
1262 1393 1393 1433 inte-gre.
1412 1393 1441 1425 in
1459 1393 1605 1425 ominibus
1622 1398 1648 1425 et
1669 1403 1725 1436 per
1741 1404 1804 1426 oni-

1064 1446 1112 1478 nia
1134 1447 1239 1482 (etiam
1266 1447 1289 1478 si
1316 1447 1345 1479 in
1373 1447 1454 1478 lii-lie
1480 1452 1509 1478 et
1540 1446 1662 1480 civitate
1693 1446 1803 1479 liuius-

1065 1499 1147 1532 modi
1173 1510 1234 1532 non
1261 1499 1480 1543 habitaverint)
1505 1499 1634 1542 perinde
1658 1510 1694 1532 ac
1719 1499 1743 1531 si
1766 1499 1803 1531 de

1065 1563 1136 1585 vere
1165 1553 1263 1586 nobili
1293 1564 1408 1595 genere
1444 1564 1480 1585 cx
1513 1558 1645 1596 utroque
1675 1559 1803 1597 parente

1064 1606 1160 1639 nobili
1192 1606 1387 1649 originario.
1412 1612 1438 1638 et
1470 1606 1712 1650 antiquissimo¹
1738 1607 1804 1640 eius·

1064 1660 1220 1702 procreati
1246 1660 1357 1700 forent,
1383 1666 1410 1692 et
1436 1660 1616 1693 huiusmodi
1634 1670 1804 1704 praeroga-

1066 1713 1154 1753 tivae,
1173 1713 1348 1756 privilegia,
1365 1713 1591 1756 exemptiones,
1616 1713 1746 1756 gratiae,
1767 1714 1804 1746 fa-

1066 1777 1165 1807 vores,
1191 1767 1421 1808 concessiones,
1439 1766 1558 1799 indulta
1575 1772 1604 1799 et
1628 1766 1708 1807 iura,
1725 1777 1804 1810 quae

1064 1832 1122 1865 pro
1147 1821 1216 1854 aliis
1240 1821 1400 1854 nobilibus
1426 1826 1453 1853 et
1479 1821 1598 1854 civibus
1624 1821 1805 1864 originariis

1065 1880 1260 1911 emanarunt,
1285 1880 1314 1907 et
1339 1885 1417 1918 quae
1442 1875 1562 1908 ratione
1582 1875 1752 1909 nobilitatis
1776 1881 1806 1908 et

1065 1927 1220 1960 civilitatis
1232 1927 1383 1960 naturalis
1400 1933 1427 1960 et
1441 1927 1631 1970 originariae
1643 1927 1711 1961 aliis
1724 1938 1806 1961 com-

1065 1986 1184 2025 petunt,
1202 1991 1260 2024 pro
1281 1981 1399 2014 eisdem
1425 1981 1622 2014 conclavistis
1646 1981 1677 2013 in
1702 1981 1804 2025 specie

1065 2040 1271 2075 emanassent,
1289 2044 1344 2067 seu
1360 2035 1572 2075 emanarent’,
1598 2040 1627 2067 et
1651 2035 1696 2067 eis
1720 2040 1806 2067 natu-

1066 2088 1173 2121 raliter
1203 2088 1241 2121 de
1273 2088 1360 2128 iure,
1394 2093 1527 2129 statuto,
1559 2088 1804 2125 consuetudine,

1066 2140 1257 2181 fundatione,
1284 2142 1330 2174 vel
1348 2141 1432 2181 alias,
1453 2146 1678 2185 competerent,
1703 2147 1805 2174 aucto-

1066 2194 1157 2227 ritate
1174 2199 1203 2226 et
1220 2198 1329 2227 tenore
1346 2194 1501 2227 similibus
1518 2194 1731 2237 indulgemus:

1111 2248 1125 2290 ἕ
1155 2247 1184 2280 5.
1210 2247 1418 2290 Singulosque
1450 2248 1653 2281 conclavistas
1685 2247 1805 2290 praedi-

1067 2353 1351 2386 ecclesiasticarum
1381 2354 1498 2396 ubique
1529 2354 1671 2386 locorum
1703 2359 1732 2386 et
1768 2365 1805 2386 ex

1067 2417 1264 2449 quacumque
1295 2406 1496 2449 quantumvis
1524 2406 1746 2449 urgentissima
1777 2412 1803 2439 et

1068 2459 1299 2502 inexcogitabili
1324 2461 1417 2492 causa
1446 2465 1473 2491 et
1500 2460 1685 2500 occasione,
1712 2461 1805 2493 etiam

1068 2512 1106 2544 ad
1130 2512 1307 2546 instantiam
1333 2512 1545 2555 imperatoris,
1563 2523 1684 2556 regum,
1702 2518 1732 2546 et
1755 2524 1805 2547 re-

1068 2566 1720 2609 rmnpubbcarum,ctiamVenetiai·1iin,ac
1734 2578 1807 2610 quo-

1105 2638 1114 2663 t
1135 2635 1233 2664 Forsan
1249 2636 1325 2664 deest
1340 2645 1388 2664 vox
1403 2637 1463 2664 cive
1476 2639 1512 2671 (a.
1530 2638 1576 2673 T.).

1103 2679 1118 2706 ⁹2
1134 2679 1205 2707 Edit.
1222 2679 1300 2708 Maia.
1318 2680 1382 2715 legit.
1396 2684 1569 2710 evianarun!
1586 2688 1621 2718 Ji.
1639 2682 1685 2717 12).

1816 280 1863 305 An.
1881 280 1907 306 (ἶ,
1932 281 1994 307 1621

1870 2255 1883 2274 ,ἱ
1899 2254 2003 2274 solutione

1820 2281 1958 2306 deeimarum:
1971 2287 2003 2301 rx-

1067 2305 1134 2333 etos
1158 2311 1176 2332 a
1200 2300 1354 2333 solutione
1372 2306 1402 2332 et
1426 2301 1585 2334 exactione
1610 2300 1803 2333 decimarum
1830 2314 1872 2326 ιιι»
