2293 3231
203 295 238 318 An
273 295 302 319 ιτ,
324 294 386 320 mit
434 284 496 318 -268

470 343 640 370 venerabili
660 343 747 371 tratri
766 343 918 371 Leonardo
935 344 1073 378 optscopo

691 387 850 415 cenetensi

640 441 748 467 Paulus
771 441 847 474 Papa
868 441 899 468 V.

415 503 598 529 Venerabilis
614 503 718 535 frater,
737 504 867 531 salntem
883 506 914 532 et.
930 504 1127 539 apostolicam

642 547 889 576 benedictionem.

227 621 321 642 clamem
340 622 383 642 im
444 611 458 653 ἓ
488 610 510 642 l.
531 610 624 647 Alitis,
641 621 712 643 cum
731 610 839 644 civitas
852 611 1032 646 Cenetensis
1045 614 1138 646 etiam

200 650 384 700 OEYJ'Vlffssfi-ffiffillk'
401 664 430 695 in
457 664 684 707 temporalibus
709 664 763 697 tibi
783 671 812 698 ct
828 677 886 709 pro
904 671 1047 710 tempore
1064 667 1140 701 exis-

199 706 270 749 ἷιέἷ“ὲ
294 708 384 761 §fllffissffi
400 716 473 748 tenti
497 716 647 760 episcopo
677 717 838 751 emonensi
856 719 950 762 pleno
974 719 1041 752 iure
1067 721 1135 753 sub-

199 756 476 806 {553?5'²51.{‡‡1liliecta
514 776 615 810 essct,
642 777 733 814 prout
764 772 801 804 ad
835 783 982 816 praesens
1011 780 1079 814 est,
1110 780 1138 808 et

197 808 383 860 ‘e'tiriissussdi‘l‘iffli
400 821 468 853 idco
482 823 709 866 appellationes
722 835 739 856 a
753 825 914 857 sententiis
925 837 982 869 pro
996 832 1139 871 tempore

208 863 382 912 Ῐιιέἓῖιῖιπῖῗιηῗ
399 874 429 906 in
455 874 602 907 tribunali
619 877 724 908 curiae
749 877 938 922 episcopalis
961 879 1139 913 Cenetensis

399 927 479 967 latis,
496 928 590 960 ctiam
617 929 646 961 in
671 931 774 962 causis
799 942 883 964 mere
908 933 1057 975 profaniS,
1077 939 1138 966 tam

399 980 543 1013 civilibus
562 993 655 1025 quam
677 983 903 1024 criminalibus,
922 985 991 1030 ipso
1016 987 1084 1020 iure
1101 987 1138 1020 ad

398 1034 579 1077 superiores
604 1046 676 1068 suos
694 1037 923 1071 ecclesiasticos
939 1038 1140 1073 devolveren-
1155 1043 1156 1048 ’

397 1092 458 1127 tur,
483 1093 511 1120 et
538 1088 569 1120 in
594 1089 695 1121 causis
721 1090 899 1124 huiusmodi
929 1092 1060 1126 ecclesia
1083 1094 1138 1127 Ce-

396 1141 534 1173 netensis
566 1142 596 1174 in
627 1143 714 1186 quasi
749 1144 947 1187 possessione
971 1146 1156 1187 existeret‚¹

396 1199 488 1236 prout
511 1194 550 1226 ad
575 1206 724 1238 praesens
741 1197 854 1237 existit,
874 1198 971 1231 felicis
996 1200 1157 1233 recorda-³

397 1246 491 1279 tionis
499 1247 642 1281 Clemens
655 1249 739 1293 Papa
750 1250 825 1290 Ylll,
844 1251 1070 1294 praedecessor
1087 1263 1140 1287 no-

396 1305 480 1339 ster,
505 1301 672 1344 providere
706 1303 812 1336 volens
843 1314 880 1336 ne
912 1305 1138 1349 appellationes

397 1351 576 1386 huiusmodi
602 1354 640 1386 ad
657 1354 734 1388 alios
752 1366 980 1400 quoscumque,
997 1364 1137 1402 praetcr-

396 1416 489 1449 quam
511 1407 548 1439 ad
574 1418 647 1440 suos
665 1409 844 1452 superiores
861 1412 1103 1453 ecclesiasticos,
1121 1424 1137 1445 a

395 1468 553 1502 quoquam
571 1466 689 1493 temere
708 1463 994 1506 interponerentur,
1011 1466 1137 1498 unirer-

396 1522 447 1545 sos
472 1517 501 1546 et
526 1513 666 1556 singulos
690 1515 789 1555 cives,
816 1517 933 1550 incolas
957 1523 986 1550 et
1016 1519 1137 1551 habita-

395 1618 536 1662 episcopi
561 1620 738 1653 Cenetensis
764 1633 822 1665 pro
848 1628 991 1667 tempore
1008 1625 1137 1658 existen—

396 1672 434 1704 tis
458 1683 519 1705 non
544 1674 646 1706 solum
673 1675 826 1719 spirituali
853 1678 906 1710 scd
931 1678 1025 1711 etiam
1051 1685 1133 1711 tem-

395 1726 495 1768 porali
523 1727 731 1761 iurisdictioni
749 1730 917 1771 subiectos,
935 1742 992 1774 per
1017 1742 1089 1765 suas
1105 1733 1135 1765 in

394 1777 576 1812 huiusmodi
601 1781 702 1813 fiirmii
729 1782 836 1815 Brevis
868 1784 1028 1827 expeditas
1053 1785 1135 1818 litte-

394 1842 445 1864 ras
470 1833 527 1865 sub
552 1834 605 1866 Dei
635 1835 875 1879 omnipotentis,
905 1848 941 1870 ac
971 1838 1135 1872 beatorum

394 1885 476 1918 Petri
501 1892 530 1919 et
556 1888 641 1920 Pauli
667 1890 884 1932 apostolorum
911 1892 988 1933 cius,
1005 1903 1041 1925 ac
1061 1904 1135 1926 suae

394 1938 630 1982 indignationis,
656 1953 777 1975 necnon
802 1946 1136 1980 excommunicationis

395 1992 474 2026 latae
499 1995 669 2028 smtendae
694 1998 813 2040 poenis,
839 2008 856 2030 a
881 1999 995 2042 quibus
1012 2000 1134 2033 nonnisi

395 2056 412 2078 a
437 2057 469 2078 se
494 2053 522 2080 ct
548 2048 626 2081 Sede
652 2051 832 2093 praedicta,
857 2058 1079 2097 praeterquam
1105 2053 1135 2086 in

395 2100 507 2132 mortis
532 2101 674 2142 articulo,
692 2103 858 2147 quisquam
884 2105 1003 2138 absolvi
1019 2111 1135 2150 posset,

395 2153 533 2193 monuit,
559 2154 740 2199 eisdemque
773 2158 927 2191 uriivcrsis
951 2164 981 2191 ct
1005 2159 1136 2202 singulis

394 2206 534 2239 districte
560 2209 783 2252 praecipiendo
809 2212 976 2253 mandavit,
993 2223 1031 2245 ne
1056 2213 1138 2257 quis-

395 2270 489 2302 quam
518 2272 628 2293 corum
668 2274 684 2294 a
717 2263 879 2306 quibusvis
914 2266 1076 2299 sententiis
1107 2267 1136 2299 in

394 2312 541 2345 tribunali
568 2314 668 2347 dictae
694 2317 800 2349 curiae
831 2318 1019 2362 episcopalis
1043 2330 1138 2364 super

395 2365 556 2408 quibusvis
570 2368 683 2408 causis,
701 2369 794 2402 etiam
809 2381 895 2403 mere
909 2372 1058 2415 profanis,
1077 2378 1137 2406 tam

395 2419 539 2452 civilibus
563 2432 657 2464 quam
683 2422 910 2464 criminalibus,
928 2435 965 2458 eo
982 2436 1081 2469 usque
1098 2427 1139 2459 la-

396 2471 445 2512 tis,
471 2478 523 2505 aut
547 2473 696 2519 deinces—ps
720 2486 757 2508 ex
783 2481 856 2509 tune
888 2477 917 2509 in
947 2484 1136 2522 perpetuum

395 2525 658 2570 quandocumque
685 2529 831 2569 serendis,
849 2530 1075 2573 appellationes
1099 2532 1136 2565 ad

395 2588 612 2623 quoscumque
631 2581 749 2614 iudices
761 2583 928 2623 seculares,
945 2584 1037 2616 etiam
1054 2584 1137 2628 prin-

396 2631 481 2674 cipes
494 2637 687 2674 etse-natum,
701 2636 944 2679 rempublicam,
970 2648 1024 2670 seu
1046 2649 1137 2681 quos-

397 2695 530 2728 cumque
554 2687 652 2725 alios,
678 2689 902 2733 cuiuscumque
932 2690 976 2723 illi
1001 2691 1135 2735 gradus,

980 295 1160 320 BL'LLARIUM
1184 296 1339 322 Romnum

1930 302 1978 328 An.
2000 301 2028 328 C.
2046 302 2114 330 16ss

1158 359 1160 382 3
1176 343 1338 387 dignitatis
1362 351 1391 377 ct
1417 346 1605 381 conditionis
1622 348 1734 390 forent,
1751 350 1845 383 etiam
1862 349 1916 383 du-

1158 386 1245 446 Jcali,
1271 398 1380 441 regali,
1405 399 1451 431 vel
1478 399 1634 444 imperiali
1658 401 1809 445 dignitate
1826 413 1916 447 prae-

1157 456 1160 524 'l
1175 450 1342 494 fulgentes,
1368 451 1569 496 interponere
1587 453 1739 488 auderent
1754 465 1810 489 seu
1825 466 1915 501 prae·

1157 525 1159 542 1
1175 509 1345 544 sumerent;
1360 504 1414 538 sed
1427 505 1550 539 ad‘suos
1562 507 1744 551 superiores
1756 509 1916 543 ecclesias-

1156 552 1159 591 τ’
1175 557 1262 598 ticos,
1275 558 1313 591 ad
1327 569 1406 603 quos
1423 560 1562 602 cognitio
1578 570 1744 595 causarum
1760 561 1915 597 dictarum

1156 602 1422 655 {appellationum
1446 613 1593 657 pertinet,
1618 613 1686 647 illas
1710 615 1913 660 interponere

1156 659 1158 691 ἶ»
1173 665 1303 698 omnino
1327 665 1488 707 deberent,
1506 667 1671 701 annullans
1687 668 1780 702 etiam
1797 669 1836 702 de
1852 669 1916 714 ple-

1156 718 1313 763 gnitudine
1345 720 1525 763 potestatis,
1549 731 1585 754 ac
1611 721 1699 754 irrita
1730 721 1913 762 declarans,

1156 782 1392 816 quaecumque
1417 772 1552 813 decreta,
1581 774 1668 818 leges
1692 781 1722 808 et
1746 774 1916 809 ordinatio-

1174 834 1228 857 nes
1245 825 1275 857 in
1292 826 1487 858 contrarium
1502 827 1740 870 quomodolibet
1756 827 1845 867 sacta,
1859 838 1915 861 seu

1156 911 1157 917 ,
1174 878 1380 922 imposterum
1395 879 1545 920 faciendae
1559 890 1680 914 necnon
1688 881 1915 925 appellationes

1155 927 1157 970 ἶ
1173 931 1210 963 ad
1228 932 1406 975 praedictos
1422 938 1450 965 et
1467 933 1544 966 alios
1560 944 1776 978 quoscumque
1795 934 1915 968 iudices

1155 987 1329 1035 ,seculares
1355 987 1575 1031 interpositas,
1601 999 1655 1021 seu
1680 994 1755 1022 tunc
1779 989 1916 1033 interpo-

1173 1039 1312 1080 nendas,
1337 1050 1408 1073 cum
1442 1040 1589 1074 omnibus
1621 1041 1693 1075 inde
1719 1042 1860 1085 sequutis
1883 1048 1915 1075 et

1154 1089 1364 1137 isequuturis,
1384 1093 1521 1126 nullius¹
1547 1094 1672 1128 roboris
1696 1099 1726 1127 et
1751 1094 1914 1134 momenti,

1173 1155 1208 1177 ac
1233 1145 1362 1179 minime
1379 1147 1604 1180 attendendas³
1620 1158 1700 1188 esse,
1725 1147 1832 1192 sicque
1856 1158 1915 1192 per

1172 1208 1389 1242 quoscumque
1407 1199 1527 1232 iudices
1550 1199 1729 1234 ordinarios
1745 1205 1776 1233 et
1790 1199 1916 1244 delega-

1173 1256 1230 1291 tOS,
1256 1252 1350 1284 etiam
1375 1262 1542 1286 causarum
1560 1253 1665 1297 palatii
1683 1253 1848 1297 apostolici
1864 1263 1915 1287 au-

1172 1303 1301 1344 ditores,
1315 1315 1351 1338 ac
1365 1305 1394 1337 S.
1416 1306 1450 1338 R.
1466 1306 1498 1338 E.
1513 1306 1689 1340 cardinales
1705 1307 1840 1349 (sublata
1858 1307 1913 1346 eis,

1172 1363 1201 1390 et
1227 1368 1337 1391 eorum
1362 1358 1487 1391 cuilibet
1515 1359 1624 1403 quavis
1640 1359 1731 1393 aliter
1755 1359 1914 1392 iudicandi

1154 1414 1202 1445 ,et
1225 1410 1452 1454 interpretandi
1477 1411 1622 1445 facultate
1655 1416 1684 1446 et
1715 1412 1914 1455 auctoritate)

1171 1462 1287 1506 ubique
1313 1463 1444 1496 iudicari
1469 1470 1496 1497 et
1519 1465 1642 1497 definiri
1668 1465 1786 1498 debere
1809 1465 1915 1499 decer-

1152 1523 1155 1563 ᾗ
1171 1526 1256 1556 nens,
1275 1522 1305 1549 et
1321 1517 1380 1550 alia
1397 1517 1569 1562 disponens
1588 1523 1619 1552 et
1634 1518 1793 1552 ordinans.

396 1569 480 1598 tores
509 1566 640 1599 civitatis
670 1568 850 1601 Ceuetcnsis
864 1597 871 1610 ,
901 1575 971 1604 tuae
1002 1577 1031 1604 et
1062 1572 1136 1605 dicti
1152 1582 1154 1587 ·

1215 1570 1230 1613 g
1253 1570 1282 1602 2.
1310 1570 1346 1602 Et
1362 1570 1504 1612 subinde,
1521 1583 1580 1616 per
1607 1583 1664 1605 nos
1679 1577 1810 1617 accepto
1829 1573 1913 1616 quod
1928 1582 2114 1636 q00¹³²¹ir¹¹¹⁸ffi21

1170 1623 1310 1656 nonnulli
1334 1624 1451 1657 nedum
1477 1630 1585 1658 contra
1613 1625 1769 1659 dictarum
1794 1626 1913 1660 littera·
1927 1637 2112 1684 trigaffiiggntggejg:

1170 1687 1240 1708 rum
1266 1681 1406 1710 tenorem
1431 1683 1460 1711 et
1486 1678 1751 1722 prohibitionem,
1776 1679 1829 1712 scd
1853 1679 1914 1712 alia
1927 1689 1972 1736 siae
2005 1689 2112 1735 “attentari

1170 1729 1262 1761 etiam
1282 1735 1434 1762 attentare
1454 1731 1639 1768 tractabant.
1656 1742 1711 1764 seu
1729 1732 1790 1764 iam
1807 1732 1912 1765 forsan
1927 1721 1953 1763 ἓξ
1967 1720 2112 1768 ρῖἷὴῗὶῗιῇῗ”

1170 1788 1405 1824 attentaverant,
1424 1784 1454 1817 in
1471 1785 1666 1818 auctoritatis
1683 1785 1912 1819 ecclesiasticae

1169 1842 1197 1869 ot
1223 1837 1311 1870 Sedis
1335 1838 1533 1882 Apostolieae
1565 1849 1601 1871 ac
1625 1838 1726 1872 dictae
1761 1839 1912 1873 ecclesiae

1168 1889 1347 1924 Genetensis
1383 1891 1571 1936 illarumque
1608 1892 1723 1925 iurium
1749 1892 1910 1937 praeiudi-

1169 1943 1251 1976 cium
1262 1955 1268 1984 ;
1279 1954 1346 1985 nos,
1356 1945 1465 1978 iisdem
1477 1945 1646 1979 Clementis
1658 1945 1913 1990 praedecessoris

1169 1998 1307 2041 vestigiis
1332 1998 1540 2039 inhaerentes,
1565 1999 1712 2033 omnibus
1736 2005 1766 2033 et
1783 1999 1914 2043 singulis

1169 2052 1313 2096 personis
1343 2052 1374 2085 in
1406 2052 1497 2085 dictis
1521 2053 1634 2085 litteris
1657 2053 1836 2097 expressis,
1861 2056 1914 2088 aut

1169 2105 1409 2149 quomodolibet
1433 2106 1689 2150 comprehensis,
1713 2106 1770 2139 sub
1793 2106 1912 2140 eisdem

1170 2158 1224 2192 Dei
1248 2159 1485 2202 omnipotentis,
1510 2170 1544 2191 ac
1570 2159 1734 2193 beatorum
1759 2159 1915 2203 apostolo-

1172 2223 1241 2245 rum
1268 2212 1349 2246 Petri
1374 2216 1404 2247 et
1429 2212 1533 2253 Pauli,
1561 2218 1593 2245 et
1619 2218 1744 2246 nostrae
1773 2212 1913 2255 indigna-

1171 2265 1284 2305 tionis,
1317 2275 1438 2298 necnon
1474 2265 1807 2299 excommunicationis
1842 2265 1912 2309 ipso

1171 2319 1252 2351 sacto
1277 2318 1474 2352 incurrendis
1498 2319 1628 2363 poenis,
1652 2330 1669 2352 a
1693 2318 1807 2363 quibus
1833 2327 1912 2352 non-

1171 2371 1229 2404 nisi
1255 2382 1273 2404 a
1296 2372 1397 2412 nobis,
1422 2377 1453 2407 et
1475 2372 1553 2407 Sede
1578 2371 1750 2416 praedicta,
1770 2375 1912 2415 praeter-

1171 2435 1264 2468 quam
1284 2425 1313 2458 in
1332 2426 1442 2459 mortis
1459 2426 1592 2459 articulo
1609 2425 1813 2465 constitutuS,
1831 2424 1913 2469 quis-

1171 2488 1264 2521 quam
1295 2478 1413 2512 absolvi
1448 2484 1575 2523 posset,
1607 2477 1844 2518 mandavimus,
1872 2488 1911 2512 ne

1170 2542 1280 2565 eorum
1304 2532 1470 2576 quisquam
1495 2543 1552 2576 per
1575 2542 1618 2572 se,
1642 2532 1691 2565 vel
1715 2531 1832 2572 alium,
1856 2541 1912 2565 seu

1169 2584 1258 2625 alios,
1283 2585 1400 2618 directe
1420 2585 1468 2618 vel
1488 2585 1649 2625 indirecte,
1667 2596 1721 2619 seu
1741 2585 1817 2618 alias
1833 2595 1912 2629 quo-

1206 2659 1215 2684 t
1240 2656 1309 2684 Edit.
1327 2656 1407 2684 Μαίη.
1425 2656 1489 2691 tegit
1504 2657 1669 2692 nulliusque
1685 2658 1721 2693 (n.
1736 2657 1787 2692 τ.).

1204 2701 1220 2727 2
1235 2700 1306 2728 Ibid.
1323 2700 1422 2736 legitur
1438 2700 1614 2729 attendenda
1628 2702 1666 2735 (n.
1684 2702 1732 2734 τ.).
