2293 3231
214 287 266 314 Au.
287 286 318 313 c.
334 284 403 312 iou
448 273 512 310 -282

408 331 513 376 quoad
535 331 655 364 fructus
680 331 752 363 anni
776 339 885 363 uncxn
907 330 937 362 in
957 329 1080 362 duabus
1104 340 1151 363 so-

410 383 581 419 lutionibus
612 382 814 426 aequalibus,
843 392 901 425 pro
935 384 996 414 una
1029 382 1059 414 in
1089 382 1150 415 fine

411 437 526 471 mensis
557 435 648 475 iunii,
680 440 710 467 et
741 435 839 467 altera
871 434 1090 468 medietatibus
1121 435 1151 468 in

411 490 472 524 fine
497 489 611 522 mensis
635 487 815 521 novembris
839 487 1055 531 subsequentis
1079 488 1150 520 anni

412 553 549 582 uncxnu
575 552 638 586 quo
663 552 736 574 vero
760 540 799 573 ad
822 542 942 574 fruetus
974 541 1047 574 dicti
1079 542 1151 574 anni

414 605 534 630 ›mcxin
547 594 578 628 in
592 593 710 627 eisdem
726 593 847 626 duabus
864 593 1072 627 solutionibus
1085 594 1154 626 sub-

413 648 570 694 sequentis
594 647 666 680 anni
691 656 828 688 nncxw,
853 651 882 680 et
905 647 950 679 sic
980 647 1153 679 successive

414 703 444 735 in
469 702 569 736 tribus
599 700 688 733 annis
715 699 968 740 remanentibus,
994 710 1093 743 usque
1116 700 1154 732 ad

414 755 678 799 complementum
714 752 788 785 dieti
825 752 1031 796 quinquennii
1063 763 1154 796 prae-

413 809 514 842 dictae
537 807 787 851 prorogationis;
812 816 891 850 quos
915 805 1032 839 dabunt
1051 811 1081 838 et
1097 807 1157 839 sol-

414 866 485 896 vent
498 861 562 895 suis
575 860 752 904 sumptibus
765 860 795 892 in
806 859 951 904 capitulis
962 859 1156 901 singularum

415 916 606 955 dioecesum,
630 914 714 947 iuxta
731 919 762 947 et
781 912 952 946 secundum
977 911 1157 956 repartitio-

415 980 487 1003 nem
512 967 743 1011 infrascriptam
762 967 842 999 intcr
859 976 891 999 se
908 968 1019 999 factam
1038 976 1055 997 a
1072 975 1159 1009 prae-

415 1022 500 1056 dicto
531 1025 611 1055 statu
640 1019 853 1053 ecclcsiastico
868 1047 875 1059 ,
900 1019 976 1051 duas
1000 1024 1104 1062 partes
1128 1018 1158 1050 in

417 1077 543 1109 moneta
567 1076 674 1114 aurea,
699 1073 763 1105 sive
787 1074 946 1115 argentea,
967 1071 1059 1104 aliam
1086 1082 1159 1104 vero

417 1128 541 1162 tertiam
565 1133 687 1171 partem
708 1126 739 1158 in
759 1127 883 1158 moneta
901 1125 939 1157 dc
959 1125 1066 1157 l‘ellon
1085 1134 1162 1156 nun-

417 1184 542 1226 cupata,
553 1181 670 1224 absque
681 1179 811 1223 eoquod
825 1179 856 1211 in
870 1179 1009 1211 futurum
1020 1178 1161 1210 trabatur

419 1237 450 1270 in
463 1235 730 1279 consequentiam:
745 1234 781 1266 Et
797 1233 898 1277 quod¹
918 1233 947 1265 iil
961 1232 1160 1276 repartiatur,

419 1292 449 1320 et
465 1286 696 1332 particulariter
715 1285 859 1327 exigatur
876 1284 906 1316 in
923 1284 1058 1327 qualibet
1076 1283 1161 1315 dioc-

420 1342 482 1376 cesi
500 1352 538 1374 ex
555 1339 729 1374 redditibus
744 1337 947 1370 decimalibus
961 1342 989 1369 et
1005 1336 1161 1380 primitiis,

421 1396 494 1440 quia
525 1406 620 1438 super
656 1394 716 1426 illis
748 1397 776 1427 ct
807 1402 869 1425 non
896 1393 964 1424 aliis
991 1392 1163 1425 redditibus

421 1448 639 1483 ecclesiasticis
658 1453 728 1480 sunt
749 1446 956 1479 distribuendi
973 1451 1003 1478 ct
1019 1445 1162 1487 exigendi
1179 1445 1180 1451 ¹

422 1503 454 1536 in
471 1511 662 1546 unoquoque
681 1500 837 1534 dictorum
855 1500 992 1543 quinque
1009 1509 1163 1531 annorum

422 1555 573 1601 praedicti
604 1554 730 1587 ducenti
759 1558 788 1587 et
818 1552 1045 1596 quinquaginta
1080 1552 1164 1584 mill(-

422 1609 548 1643 ducati:
573 1615 603 1641 et
627 1619 664 1641 ex
689 1613 761 1640 tunc
787 1606 987 1639 remanebant
1015 1605 1142 1647 obligati
1158 1632 1165 1645 ,

423 1668 519 1707 prout
536 1662 717 1703 obligabant
733 1671 787 1693 sua
804 1660 939 1703 capitula
959 1659 1165 1702 generalium,

425 1723 455 1751 et
479 1728 511 1750 se
535 1716 711 1759 obligarent
743 1721 770 1747 et
808 1712 989 1757 obbligari²
1017 1713 1166 1746 deberent

425 1770 613 1814 specialiter,
628 1780 687 1813 pro
702 1772 765 1802 toto
782 1768 865 1801 dieto
883 1767 980 1800 Πογο3
996 1767 1169 1810 quinquen-

425 1824 477 1857 nio
502 1823 540 1856 ad
565 1823 690 1855 illarum
715 1821 904 1854 solutionem
929 1821 1018 1853 annis
1038 1820 1168 1862 singulis

427 1877 510 1909 iuxta
534 1875 719 1909 divisionem
743 1873 986 1917 infrascriptam,
1012 1873 1168 1906 videlicet:

426 1929 602 1973 Capitulum
628 1928 777 1961 ecclesiae
801 1927 965 1959 Toletanae
992 1936 1050 1969 pro
1081 1936 1113 1957 se
1141 1931 1169 1957 et

428 1984 485 2015 sua
509 1982 662 2021 dioecesi,
688 1981 790 2014 tribus
806 1980 966 2024 prioribus
983 1979 1088 2018 annis,
1109 1980 1170 2012 sol-

428 2041 514 2069 veret
538 2046 692 2068 summam
718 2034 956 2078 quatuordecim
984 2034 1170 2069 millionmn,

430 2094 642 2123 trecentorum
657 2099 693 2121 ac
718 2088 824 2121 decem
843 2094 870 2119 ct
889 2093 1010 2130 septem
1028 2086 1171 2125 millium,

429 2153 486 2176 nec
506 2152 568 2176 non
584 2141 850 2183 noningentorum
869 2145 894 2171 vt
926 2139 1172 2182 riginliquatuor

430 2195 712 2239 morapctinorum3
731 2194 858 2237 reliquis
884 2205 956 2225 vcro
980 2193 1102 2226 duobus
1123 2202 1174 2224 an-

430 2250 478 2282 nis
502 2248 683 2293 quindennii
710 2248 888 2280 huiusmodi
923 2248 1055 2279 solveret
1088 2258 1173 2279 smn-

432 2314 515 2337 mam
541 2301 778 2346 (piatuordccim
813 2301 1003 2334 millionum,
1029 2303 1056 2332 ct
1082 2295 1235 2343 quin-stt
1259 2298 1485 2341 quinquaginta
1510 2297 1645 2330 duorum
1663 2295 1945 2339 morapetinorum;

432 2361 600 2399 gentoruin
625 2355 769 2395 millium,
795 2365 828 2386 ac
855 2353 1119 2391 inminucntmum
1145 2358 1170 2385 ct

468 2462 479 2488 1
499 2462 608 2489 Comma
629 2460 698 2488 istud
720 2459 854 2495 dependet
874 2460 907 2486 ab
927 2459 1022 2487 codem
1044 2459 1174 2495 regimine

432 2514 463 2533 ac
478 2506 582 2533 initium
598 2505 611 2541 §
626 2505 658 2532 2:
678 2505 710 2532 In
727 2506 842 2539 primis,
860 2505 946 2540 quod,
965 2509 1017 2531 etc.
1036 2513 1108 2531 nnnc
1124 2513 1172 2530 au-

432 2553 486 2577 tem
507 2549 630 2576 additur:
652 2549 690 2577 Et
705 2549 790 2584 quod,
812 2553 861 2575 etc.
885 2549 922 2583 (a.
937 2550 985 2574 rs».

467 2593 484 2620 2
500 2594 528 2620 ln
544 2594 602 2620 loco
617 2593 745 2628 parallelo
761 2593 806 2620 cit.
824 2594 921 2628 legitur
935 2593 1063 2626 obtiqare
1074 2594 1110 2627 (n.
1124 2592 1172 2626 r).

469 2637 485 2664 3
506 2637 601 2665 Nescio
624 2637 758 2673 quomodo
787 2638 812 2664 in
836 2638 894 2665 loco
920 2637 1048 2673 parallelo
1073 2636 1173 2664 dictum

434 2682 483 2711 suit
498 2685 594 2711 octavo
610 2690 657 2718 pro
673 2690 744 2710 novo
761 2683 795 2717 (n.
812 2683 860 2718 T.).

981 282 1159 307 BL'LLARIUM
1185 282 1339 306 ROMAM'M

1183 329 1310 372 triginta
1327 331 1611 374 morapetinorum:
1629 332 1804 376 Capitulum
1826 332 1923 365 eccle-

1184 382 1246 414 siae
1272 382 1478 426 Hispalensis,
1506 383 1607 416 tribus
1631 384 1793 428 prioribus
1815 384 1922 424 annis,

1183 445 1295 467 norcm
1331 435 1506 469 millionum
1521 463 1528 476 ,
1559 437 1860 480 quadringentorum
1894 444 1923 470 ct

1185 487 1362 529 octuaginta
1383 493 1453 521 octo
1473 488 1617 529 millium,
1634 493 1663 523 et
1680 489 1923 533 quingentorum

1185 550 1220 572 ac
1244 540 1470 584 quinquaginta
1495 541 1775 585 morapetinorum3
1795 541 1925 585 reliquis

1188 602 1261 625 vcro
1278 592 1403 625 duobus
1415 593 1504 625 annis
1517 593 1722 637 quinquennii
1736 594 1925 634 huiusmodi,

1187 655 1298 677 novem
1323 645 1515 685 millionum,
1551 646 1793 689 nonigentorum
1823 657 1924 680 nona—

1187 697 1272 739 ginta
1287 697 1431 738 millium,
1448 702 1477 731 et
1497 703 1709 732 trecentorum
1728 699 1927 742 trigintaocto

1189 750 1472 794 morapctinorum:
1489 751 1666 794 Capitulum
1685 752 1835 785 ecclesiae
1849 752 1929 786 Sala-

1190 803 1346 835 mantinae
1370 803 1507 837 duorum
1525 804 1712 845 mulionum,
1729 810 1759 837 et
1779 804 1930 848 quadrin-

1189 861 1356 897 gentorum
1381 867 1416 889 ac
1441 857 1601 900 sexaginta
1625 857 1718 890 unius
1738 857 1882 897 millium,
1901 861 1931 891 et

1190 908 1356 941 duodecim
1381 909 1667 952 morapetinorum:
1685 909 1860 954 Capitulum
1885 919 1932 943 ec-

1191 962 1303 995 clesiae
1319 962 1524 1003 Zamorcnsis‚
1539 973 1597 1006 pro
1612 973 1644 996 se
1657 967 1686 996 et
1700 965 1756 996 sua
1768 962 1932 1004 dioecesi¹‚

1193 1015 1294 1048 tribus
1307 1015 1470 1059 prioribus
1483 1016 1583 1057 annis,
1596 1016 1732 1050 duorum
1746 1016 1932 1057 mulionum,

1192 1073 1222 1101 ct
1248 1072 1460 1102 trecentorum
1477 1080 1512 1102 ac
1533 1069 1641 1112 viginti
1661 1080 1771 1103 novem
1789 1069 1932 1110 millium,

1193 1125 1223 1155 et
1246 1122 1511 1165 noningentorum
1542 1134 1578 1155 ac
1602 1122 1768 1156 duodecim
1792 1133 1935 1167 morape-

1194 1175 1347 1215 tinorum;
1366 1176 1494 1219 reliquis
1511 1187 1585 1209 vero
1603 1176 1725 1210 duobus
1741 1177 1830 1209 annis
1847 1176 1935 1221 quin·

1194 1232 1321 1275 quennii
1353 1232 1551 1271 huiusmodi⁷
1576 1232 1711 1265 duorum
1736 1232 1912 1266 millionum
1927 1260 1934 1273 ,

1195 1287 1401 1320 ducentorum
1414 1287 1592 1330 octuaginta
1611 1297 1723 1321 novem
1742 1287 1886 1327 millium,
1900 1298 1936 1320 ac

1196 1341 1403 1373 ducentorum
1416 1340 1642 1384 quinquaginta
1661 1346 1781 1385 septem
1795 1351 1938 1386 morape-

1198 1394 1351 1427 tinorum:
1376 1395 1554 1438 Capitulum
1568 1395 1716 1428 ecclesiae
1738 1394 1938 1438 Seguntinac,

1198 1458 1255 1490 pro
1280 1457 1312 1479 se
1337 1453 1365 1480 et
1390 1450 1446 1480 sua
1471 1448 1623 1488 dioecesi,
1653 1447 1754 1482 tribus
1777 1447 1939 1492 prioribus

1197 1501 1296 1540 annis,
1313 1501 1449 1534 duorum
1469 1501 1656 1542 milbonum,
1673 1501 1939 1544 noningentorum

1198 1559 1227 1587 et
1251 1555 1490 1598 quatuordecim
1520 1555 1671 1596 millium,
1695 1565 1732 1588 ac
1761 1560 1887 1589 eentum
1910 1562 1939 1589 et

1199 1608 1307 1656 viginti
1342 1619 1455 1641 novem
1491 1609 1777 1652 morapetinorum;
1811 1609 1941 1653 reliquis

1200 1672 1274 1694 vcro
1298 1661 1422 1694 duobus
1446 1662 1534 1694 annis
1557 1661 1780 1705 quinquennii,
1804 1662 1940 1695 duorum

1201 1715 1387 1753 millionum‚
1401 1715 1654 1757 octingentorum
1667 1719 1697 1747 et
1713 1713 1940 1758 quinquaginta

1201 1768 1295 1800 trium
1317 1767 1460 1807 millium,
1484 1777 1520 1800 ac
1543 1772 1668 1799 centum
1688 1772 1718 1799 ct
1737 1766 1940 1810 quadraginta

1201 1825 1320 1865 septem
1344 1820 1629 1864 morapetinorum:
1650 1820 1826 1863 Capitulum
1842 1820 1941 1853 eccle-

1202 1875 1265 1907 siae
1289 1874 1490 1911 Conchensis,
1509 1874 1602 1907 trium
1621 1874 1807 1913 millionum,
1831 1878 1862 1906 et
1885 1883 1942 1906 no-

1203 1926 1424 1968 ningentorum
1435 1925 1642 1968 quadraginta
1652 1925 1786 1958 duorum
1797 1924 1942 1965 millium,

1203 1985 1233 2012 et
1249 1979 1494 2022 quingentorum
1523 1988 1557 2011 ac
1575 1978 1753 2021 octuaginta
1770 1977 1863 2011 unius
1879 1988 1944 2011 mo-

1205 2032 1429 2075 rapetinorum‚
1440 2031 1577 2074 quolibet
1593 2041 1673 2064 anno
1686 2030 1843 2064 dictorum
1857 2030 1945 2074 quin-

1205 2096 1265 2129 que
1283 2095 1451 2118 annorum:
1468 2084 1643 2128 Capitulun'i
1659 2084 1808 2117 ccclesiae
1821 2083 1946 2117 Cartba-

1205 2139 1360 2179 ginmsis,
1392 2139 1492 2172 tribus
1529 2138 1689 2182 prioribus
1713 2138 1801 2170 annis
1814 2164 1821 2177 ‚
1854 2137 1945 2170 unius

1188 2192 1375 2235 ,millionis,
1400 2191 1703 2234 quadringentorum
1728 2196 1758 2223 et
1791 2190 1946 2234 quinqua-

1206 2245 1291 2287 ginta
1315 2245 1450 2278 duorum
1476 2244 1625 2283 millium,
1655 2254 1691 2276 ae
1727 2246 1946 2276 sexcentorum

1208 2350 1337 2393 reliquis
1369 2361 1442 2383 vero
1474 2350 1598 2383 duobus
1626 2348 1714 2382 annis
1742 2347 1945 2391 quinquennii

1209 2403 1397 2443 huiusmodi,
1414 2403 1506 2436 unius
1525 2402 1684 2441 mulionis,
1701 2400 1946 2444 quingentorum

1190 2463 1237 2494 1ct
1261 2457 1488 2500 quinquaginta
1511 2461 1646 2498 quatuor
1669 2453 1812 2493 millium,
1831 2458 1862 2486 et
1888 2452 1947 2486 du-

1208 2517 1371 2544 centorum
1400 2508 1606 2553 qnadraginta
1634 2512 1752 2550 septem
1781 2506 1948 2549 niorapeti-

1208 2575 1338 2597 norum:
1364 2563 1540 2606 Capitulum
1575 2560 1724 2593 ecclesiae
1757 2559 1947 2600 Oriolensis,

1248 2681 1253 2706 1
1281 2679 1350 2707 Edit.
1368 2678 1450 2707 Malu.
1468 2676 1533 2713 tegit
1547 2676 1681 2705 dioecesis
1698 2680 1733 2711 gn.
1749 2677 1796 2710 r).

1929 284 1982 312 An.
2004 283 2033 312 C.
2051 285 2117 314 ¹614
