2293 3231
64 266 114 303 λυ.
134 273 165 302 G.
182 273 249 302 1623

102 917 153 939 cum
168 917 248 943 obliga-

63 944 120 965 tione
153 944 248 965 solvendi

63 971 176 999 quotannis
218 970 248 991 vi-

63 997 114 1024 ginti
134 997 199 1018 libras
214 1002 247 1017 ce-

62 1029 99 1044 rae
108 1025 128 1044 et
136 1023 247 1044 duodecim

63 1052 123 1071 scuta
144 1049 247 1071 ecclesiae

62 1076 130 1097 saneti
173 1076 247 1097 Eusta-

62 1102 114 1124 chii.

84 1233 180 1255 Provisio
188 1234 246 1255 cirea

61 1266 124 1282 curae
165 1262 246 1282 anima-

60 1294 105 1309 rum
123 1288 245 1309 exercitium

60 1315 155 1341 capitulo
174 1317 194 1336 et
211 1321 245 1335 ca-

60 1341 142 1363 nonicis
178 1341 245 1362 sancti

60 1368 171 1389 Eustachii
209 1368 246 1389 de-

61 1395 178 1417 mandatur.

126 2191 210 2213 Calices
223 2192 244 2210 et

59 2218 102 2240 alia
123 2217 244 2245 supellecti-

59 2245 88 2267 lia
133 2244 243 2266 sacristiae

59 2271 126 2293 sancti
136 2271 244 2292 Pantaleo-

57 2299 91 2320 nis
108 2299 244 2319 reservantur

16 2347 18 2349 .
59 2325 152 2351 capituto
174 2326 195 2345 et
209 2329 243 2344 ca-

16 2363 27 2374 ι,
58 2352 141 2373 nonieis
175 2352 243 2373 sancti

14 2381 22 2392 ='
58 2378 175 2400 Eustachii.

883 275 1060 301 GREGomus
1085 276 1128 300 XV
1150 276 1199 300 FP.

262 320 402 355 rectione
426 326 456 355 et
480 323 720 367 complemento,
738 323 843 367 quod'
868 334 1002 368 praepo-

263 373 341 407 situs
357 378 386 409 et
403 376 508 409 clerici
524 376 625 409 dictae
638 376 906 419 Congregationis,
919 387 1003 410 nunc

263 431 294 460 et
315 438 374 471 pro
399 433 541 473 tempore
565 429 742 468 existentes,
768 430 881 463 dictam
907 431 1004 463 eccle-

263 479 341 513 siam
381 481 410 514 S.
447 481 643 515 Pantaleonis
679 483 941 526 quandocumque
974 488 1003 516 et

262 533 522 577 quotiescumque
547 535 722 575 voluerint,
743 540 773 568 et
796 535 857 568 illis
881 536 1003 569 benevi-

263 596 333 618 sum
357 586 460 627 suerit,
478 597 536 630 pro
563 587 661 620 libera
678 594 708 620 et
724 589 866 622 absoluta
891 600 1001 622 eorum

263 640 420 672 voluntate
437 645 467 672 et
484 640 615 674 arbitrio
636 641 822 683 instaurare,
842 653 1001 686 reparare,

263 693 478 735 accomodare,
497 694 649 737 ampliare
666 705 702 728 ac
721 695 752 727 in
771 705 1001 739 quamcumque

262 745 354 777 aliam
366 745 499 778 sormam
516 746 693 787 immutare,
711 753 740 780 et
756 748 849 780 etiam
869 747 907 780 de
920 758 1001 781 novo

262 807 279 830 a
302 798 512 832 fundamentis
536 805 719 833 construere
743 800 841 834 libere
865 806 896 834 et
919 801 1001 834 licite

262 851 384 884 valeant
392 863 400 892 ;

307 905 322 948 g
346 905 398 938 12.
423 905 458 939 In
482 906 607 949 signum
642 911 746 940 tamen
776 907 1001 950 recognitionis

261 959 434 1002 praesentis
459 960 669 993 concessionis
689 961 855 1004 quotannis
879 961 911 993 in
934 971 1002 1004 per-

261 1015 392 1055 petuum
409 1012 544 1056 capitulo
562 1017 592 1045 et
609 1013 767 1046 canonicis
784 1013 950 1057 praedictis
970 1013 1001 1045 iu

262 1064 312 1097 die
337 1065 415 1098 sesto
432 1064 461 1098 S.
479 1065 637 1098 Eustachii
661 1066 771 1108 viginti
795 1066 890 1099 libras
910 1076 1002 1099 cerae

263 1117 404 1157 Venetae,
429 1122 460 1150 et
482 1117 648 1150 duodecim
672 1123 760 1151 scuta
782 1122 927 1152 monetae
944 1119 1002 1151 sol-

261 1179 351 1210 vere;

305 1223 320 1267 §
340 1222 392 1256 43.
409 1223 550 1256 Vicarius
575 1228 679 1256 autem
704 1228 877 1268 perpetuus
900 1224 1001 1257 dictae

260 1275 410 1310 ecclesiae
434 1276 462 1309 S.
488 1276 657 1317 Eustachii,
676 1287 761 1309 nunc
785 1282 815 1310 et
838 1287 898 1320 pro
921 1282 1001 1310 tem-

260 1341 339 1374 pore
358 1330 503 1371 existens,
521 1341 630 1364 curam
647 1331 825 1364 animarum
844 1331 999 1364 dictorum

260 1384 543 1428 parochianorum,
572 1385 736 1428 officiaque
768 1390 798 1417 et
829 1395 925 1418 onera
956 1385 1000 1418 sic

259 1437 409 1470 translata
443 1448 591 1470 exercere
627 1442 657 1470 et
690 1437 798 1477 obire;
828 1439 998 1482 capitulum

260 1502 335 1525 vero
359 1496 389 1524 et
413 1491 555 1524 canonici
580 1491 732 1535 praedicti
750 1492 793 1524 illi
818 1492 855 1525 de
873 1493 999 1525 coadiu-

259 1550 329 1579 tore
348 1545 462 1579 idoneo
479 1551 509 1578 et
533 1546 571 1578 ad
595 1556 704 1578 curam
722 1546 898 1579 animarum
916 1557 1001 1579 exer-

259 1599 390 1633 cendam
415 1599 453 1632 ab
477 1599 545 1642 ipso
571 1599 663 1632 Urbis
697 1600 853 1643 praefatae
883 1600 999 1633 vicario

259 1652 437 1686 examinato
461 1658 491 1685 et
515 1653 711 1696 approbato,
742 1652 795 1696 qui
820 1653 858 1685 ad
888 1658 998 1686 nutum

259 1706 445 1739 eorumdem
470 1706 597 1750 capituli
617 1710 647 1739 et
664 1706 888 1739 canonicorum
912 1717 999 1740 amo-

259 1757 362 1790 vibilis
382 1758 429 1798 sit,
446 1757 611 1801 ipsumque
636 1758 787 1791 vicarium
811 1763 998 1802 perpetuum

260 1811 410 1844 ecclesiae
434 1811 463 1844 S.
489 1810 648 1843 Eustachii
676 1810 708 1843 in
732 1811 881 1844 exercitio
906 1821 999 1843 curae

260 1863 434 1896 animarum
456 1863 500 1895 illi
524 1863 744 1904 incumbentis,
762 1869 792 1896 et
814 1863 997 1907 praesertim

260 1917 291 1950 in
315 1917 440 1950 casibus
464 1917 584 1950 animas
608 1918 872 1961 parochianorum
887 1945 894 1958 ‚
919 1917 999 1949 infra

259 1969 374 2003 limites
390 1970 444 2003 ubi
468 1971 506 2004 de
529 1971 687 2015 praesenti
710 1972 861 2015 parochia
879 1971 907 2004 S.
926 1972 1000 2004 Pan-

259 2023 392 2056 taleonis
415 2023 516 2056 dictae
539 2025 689 2057 ecclesiae
714 2024 817 2057 existit
841 2035 900 2068 pro
924 2029 1000 2057 tem-

259 2085 335 2119 pore
351 2076 569 2117 habitantium,
587 2077 858 2117 concernentibus,
876 2078 1000 2110 coadiu-

260 2134 325 2170 vet‚
350 2130 515 2173 providere
539 2136 720 2171 teneantur,

304 2183 319 2226 ἓ
343 2183 393 2215 14.
419 2182 591 2227 Omniaque
615 2188 807 2228 paramenta,
833 2184 945 2217 calices
970 2188 999 2217 et

259 2236 319 2269 alia
343 2237 565 2280 supellectilia,
594 2238 632 2270 ad
657 2238 828 2270 sacristiam
856 2238 996 2270 eiusdem

259 2290 409 2323 ecclesiae
433 2290 462 2323 S.
483 2290 678 2323 Pantaleonis
698 2291 896 2335 pertinentia,
914 2291 998 2335 capi-

258 2343 324 2376 tulo
349 2348 379 2376 et
403 2343 560 2376 canonicis
583 2343 704 2383 cedere,
722 2349 752 2376 et
774 2343 902 2385 eisdem,
927 2349 997 2387 post

258 2397 333 2430 dicti
358 2397 525 2430 Alexandri
554 2397 593 2430 ab
617 2397 683 2441 ipsa
708 2398 839 2430 ecclesia
863 2397 891 2431 S.
918 2398 996 2430 Pan-

257 2451 388 2485 taleonis
412 2451 602 2492 discessum,
627 2451 825 2494 consignare,
849 2462 885 2484 ac
909 2462 997 2496 prae-

257 2503 339 2538 dicta
369 2505 473 2549 portio
508 2515 610 2538 annua
640 2506 801 2548 sexaginta
832 2511 994 2539 scutorum

257 2561 400 2592 monetae
425 2558 542 2592 vicario
560 2564 712 2602 perpetuo
729 2559 830 2593 dictae
846 2559 994 2592 ecclesiae

294 2629 304 2654 1
321 2627 442 2663 Syntaxis
456 2628 583 2664 deinceps
598 2630 695 2665 pendet
709 2638 724 2656 a
740 2629 829 2657 verbis
839 2631 994 2657 statuimus

256 2674 283 2700 el
296 2673 467 2701 ordinamus
481 2674 509 2700 in
523 2674 575 2701 [ine
591 2675 603 2708 ξ
619 2674 652 2700 22)
667 2678 705 2708 (a.
720 2675 768 2709 r).

364 2727 443 2755 Bull.
458 2728 542 2756 Rom.
555 2744 588 2748 —
608 2728 669 2756 Vol.
687 2727 753 2755 XII.
917 2727 968 2756 100

1679 266 1743 302 793
1787 276 1838 304 An.
1858 272 1972 304 (3.1623

1039 323 1067 357 S.
1086 323 1292 364 Pantaleonis,
1308 329 1342 357 ut
1359 323 1546 368 praefertur,
1563 324 1651 364 solvi,
1668 329 1698 357 et
1714 335 1777 358 om-

1037 387 1091 410 nes
1117 377 1194 410 aliae
1220 388 1374 421 expensae
1402 388 1459 421 per
1482 378 1581 411 dictos
1605 377 1777 422 capitulum

1037 435 1067 463 et
1091 430 1258 463 canonicos
1283 431 1314 463 in
1339 430 1404 474 ipsa
1422 431 1555 464 ecclesia
1571 431 1600 464 S.
1618 431 1778 464 Pantaleo-

1036 482 1084 515 nis
1105 482 1401 526 quomodocumque
1424 483 1493 516 fieri
1520 484 1630 517 solitae
1653 483 1777 527 penitus

1036 537 1066 568 et
1090 535 1219 568 omnino
1251 545 1394 575 cessare,
1421 536 1555 580 illaeque
1579 536 1618 568 ad
1641 536 1775 569 liberam

1036 587 1272 631 dispositionem
1289 588 1473 621 eorumdem
1499 588 1625 632 capituli
1641 593 1672 621 et
1688 598 1777 621 cano-

1034 641 1189 682 nicorum,
1214 647 1374 685 tamquam
1400 642 1523 686 proprii
1547 647 1577 675 et
1600 641 1775 685 peculiares

1035 704 1145 727 eorum
1170 694 1321 735 redditus
1346 705 1511 728 remanere
1535 694 1685 734 debeant;

1080 747 1094 789 ᾖ
1118 746 1170 779 115.
1195 748 1232 780 Et
1256 747 1516 791 quotiescumque
1550 747 1720 791 capitulum
1744 752 1775 780 et
1815 762 1974 792 canonicam

1035 800 1177 833 canonici
1197 800 1349 843 praedicti
1366 800 1399 833 in
1423 800 1473 833 die
1496 800 1574 833 sesto
1594 799 1693 844 ipsius
1708 810 1774 832 san·
1788 789 1974 845 ῗιῗζἜξῃέἷῗζᾞζῖ

1035 853 1076 885 cti
1093 853 1290 886 Pantaleonis
1310 853 1421 897 primis
1444 853 1583 897 vesperis
1607 858 1637 886 et
1660 853 1774 886 missae
1788 844 1867 898 553⁰
1883 844 1973 890 &effi

1035 906 1166 938 solemni
1190 906 1222 939 in
1246 906 1329 940 dicta
1361 907 1492 940 ecclesia
1524 907 1553 939 S.
1578 895 1893 940 Pantaleonis'‘¹b⁰¹¹¹¹'·

1035 958 1246 1000 decantandis,
1260 964 1294 992 ut
1314 959 1374 992 illis
1389 970 1457 992 mos
1470 964 1526 1000 est,
1538 959 1773 1001 intervenerint,

1035 1012 1141 1044 clerici
1166 1012 1266 1045 dictae
1285 1012 1542 1055 Congregationis
1558 1023 1616 1056 pro
1633 1016 1774 1056 tempore

1036 1066 1202 1099 existentes
1216 1066 1286 1099 illos
1299 1066 1474 1099 honorifice
1490 1067 1644 1110 recipere,
1658 1071 1688 1099 et
1699 1072 1774 1099 tam-

1036 1129 1129 1161 quam
1154 1119 1298 1152 dominos
1332 1130 1560 1162 recognoscere
1590 1124 1772 1160 teneantur;

1079 1171 1094 1214 g
1118 1170 1169 1203 16.
1195 1172 1360 1206 Praeterea
1392 1172 1568 1205 dominium
1596 1177 1627 1205 et
1652 1172 1774 1205 iurisdi-

1035 1224 1171 1256 ctionem
1191 1224 1291 1258 dictae
1308 1226 1456 1258 ecclesiae
1473 1225 1502 1258 S.
1520 1225 1716 1258 Pantaleonis
1735 1225 1774 1258 ad

1035 1287 1184 1320 praesens
1208 1277 1281 1310 dicti
1306 1278 1477 1321 capitulum
1502 1282 1532 1311 et
1556 1278 1697 1311 canonici
1722 1279 1774 1311 ha-

1035 1330 1108 1362 bent
1120 1329 1129 1346 ¹
1150 1330 1267 1363 eisdem
1293 1331 1430 1375 capitulo
1448 1336 1478 1364 et
1494 1332 1662 1372 canonicis,
1680 1332 1772 1364 etiam

1034 1385 1097 1416 una
1114 1395 1185 1416 cum
1206 1385 1352 1417 omnibus
1369 1385 1553 1425 redditibus,
1570 1385 1773 1429 proventibus

1035 1441 1065 1469 et
1088 1438 1319 1479 emolumentis,
1336 1449 1416 1482 quae
1433 1438 1534 1471 dictus
1551 1439 1726 1471 Alexander
1742 1439 1774 1472 in

1035 1492 1070 1522 ea
1087 1495 1246 1534 tamquam
1270 1497 1442 1535 perpetuus
1459 1492 1594 1524 vicarius
1610 1492 1708 1535 ipsius
1728 1502 1775 1525 ec-

1035 1544 1146 1577 clesiae
1175 1544 1203 1577 S.
1230 1544 1426 1578 Pantaleonis
1457 1545 1612 1588 percipit,
1643 1551 1673 1577 et
1705 1545 1774 1578 aliis

1034 1597 1154 1630 iuribus
1178 1598 1428 1642 quibuscumque
1447 1598 1665 1642 praesentibus
1682 1603 1712 1632 et
1731 1599 1774 1631 su-

1035 1651 1112 1683 turis
1125 1662 1205 1694 quae
1222 1651 1259 1684 ad
1275 1651 1359 1695 ipsos
1377 1652 1550 1695 capitulum
1563 1657 1592 1684 et
1606 1651 1773 1685 canonicos

1033 1708 1214 1747 expectant,
1238 1705 1329 1737 firme
1354 1709 1384 1738 et
1407 1705 1586 1738 continuate
1610 1715 1773 1738 remanere

1034 1763 1217 1796 censeatur;

1078 1811 1092 1854 ξ
1117 1811 1168 1844 17.
1194 1811 1231 1844 Et
1255 1811 1279 1844 si
1304 1811 1418 1844 dictam
1444 1812 1607 1844 ecclesiam
1639 1811 1667 1845 S.
1693 1812 1772 1844 Pan·
1807 1822 1971 1850 iurisdictioquo

1753 1866 1759 1871 .
1787 1851 1807 1869 et
1816 1850 1929 1870 dominium
1939 1850 1970 1871 di-

1033 1864 1164 1898 taleonis
1182 1865 1213 1897 in
1235 1868 1299 1898 toto
1324 1865 1370 1897 vel
1388 1871 1477 1909 parte
1493 1864 1658 1898 fabricari²
1678 1871 1772 1899 conti·
1786 1877 1970 1924 gfflmffii'fflze

1033 1918 1124 1961 gerit,
1147 1918 1238 1950 etiam
1260 1918 1285 1950 si
1302 1918 1394 1951 facies
1415 1918 1481 1951 eius
1496 1929 1559 1951 non
1576 1919 1770 1959 immutetur,
1786 1929 1817 1949 m.
1828 1931 1928 1950 cuiusuis
1939 1931 1971 1950 ω-

1763 1972 1769 1977 ,
1786 1956 1843 1975 ribus
1863 1956 1914 1981 ips-s
1935 1962 1970 1976 ca-

1034 1971 1065 2003 in
1082 1973 1118 2003 ea
1135 1977 1239 2004 tamen
1255 1971 1389 2015 insignia
1412 1975 1441 2005 et
1462 1982 1550 2004 arma
1566 1972 1595 2005 S.
1613 1972 1771 2005 Eustachii
1786 1982 1866 2003 nemeis
1876 1988 1970 2004 reserva-

1033 2024 1064 2056 in
1088 2024 1192 2068 lapide
1215 2035 1396 2058 marmoreo
1420 2025 1585 2065 collocari,
1786 2011 1826 2029 ω’

1077 2078 1092 2121 ἓ
1116 2077 1167 2110 ¹18.
1193 2079 1230 2111 Et
1253 2078 1424 2122 reliquiae,
1450 2089 1529 2122 quae
1553 2079 1591 2111 de
1615 2079 1771 2122 praesenti
1806 2088 1970 2110 Ecclesia.sido

1786 2121 1839 2135 novo
1868 2115 1970 2136 aedifica-

1033 2130 1063 2162 in
1087 2130 1169 2163 dicta
1201 2131 1334 2164 ecelesia
1350 2131 1379 2164 S.
1396 2132 1592 2165 Pantaleonis
1611 2132 1969 2189 ¹'eperiun'32¹1¹,¹{5,q{5¹2ff⁰d⁰

1033 2189 1094 2225 tur,
1119 2184 1203 2228 apud
1228 2185 1369 2218 eamdem
1394 2185 1432 2218 de
1456 2190 1560 2219 cetero
1585 2196 1770 2226 remanere,

1032 2242 1062 2270 et
1084 2238 1116 2270 in
1141 2241 1176 2270 ea
1209 2238 1290 2271 bene
1322 2244 1352 2272 et
1375 2239 1522 2272 decenter
1558 2240 1615 2272 sub
1649 2239 1771 2272 duabus

1032 2291 1180 2332 clavibus,
1194 2302 1326 2335 quarum
1344 2303 1437 2325 unam
1455 2293 1560 2326 clerici
1580 2293 1680 2326 dictae
1696 2293 1772 2326 Con-

1031 2345 1244 2388 gregationis‚
1273 2346 1402 2380 alteram
1437 2357 1512 2379 vero
1544 2346 1715 2390 capitulum
1741 2351 1771 2380 et

1067 2452 1077 2478 1
1106 2451 1171 2479 Heic
1195 2451 1391 2479 emendationis
1415 2460 1482 2488 opus
1506 2455 1556 2478 est.
1580 2452 1674 2488 Itaque
1693 2453 1768 2489 lege:

1031 2497 1185 2525 Praeterea
1200 2498 1362 2524 dominium
1384 2501 1410 2525 ec
1428 2498 1592 2525 iurisdictio
1612 2498 1705 2525 dictae
1725 2507 1770 2525 ec-

1028 2542 1128 2569 clesiae
1143 2542 1172 2569 S.
1190 2543 1342 2569 Pantaleon
1349 2543 1380 2572 is,
1394 2550 1481 2576 quam
1496 2543 1534 2569 ad
1546 2550 1684 2576 praesens
1699 2543 1770 2571 dicti

1028 2587 1187 2621 capitulum
1204 2590 1229 2614 et
1244 2587 1376 2612 canonici
1390 2587 1506 2620 habene,
1522 2587 1626 2614 eisdem
1641 2587 1768 2622 capitulo
1811 2619 1815 2621 ,

1027 2635 1053 2658 el
1068 2631 1215 2658 canonicis
1279 2634 1330 2657 etc.
1350 2637 1384 2657 tn.
1401 2631 1449 2665 Τ.).

1061 2676 1077 2702 2
1092 2675 1162 2702 Edit.
1177 2675 1259 2702 Maia.
1274 2676 1339 2711 legit
1351 2675 1499 2710 fabricare
1514 2678 1551 2709 (R.
1568 2674 1614 2710 Τ.).
