2293 3231
292 280 339 307 An.
358 279 386 307 0.
412 279 472 308 1621
523 273 586 307 5502

695 330 852 365 Gregorius
873 329 953 365 Papa
971 330 1028 362 xv.

633 392 670 419 ad
690 391 823 420 futuram
843 392 888 420 rei
908 392 1092 421 memoriam.

290 502 473 549 ‘gffioemssxpi
535 488 550 529 ξ
575 488 603 520 Δ1.
629 487 716 527 Cum,
734 487 814 521 sicut
830 489 1019 533 accepimus,
1039 501 1057 522 a
1075 490 1172 524 felicis
1189 501 1236 524 rc-

289 556 475 585 ρμοωενομωοι
491 541 682 575 cordationis
698 541 854 584 Gregorio
871 542 954 587 Papa
970 543 1037 577 XIII
1054 544 1236 588 praedeces-

289 583 407 639 {¹023}ssssss
423 588 475 638 {3231
491 605 561 628 sore
578 600 687 628 nostro
709 606 766 639 per
787 606 860 628 suas
876 596 908 629 in
930 596 1024 629 simili
1042 597 1143 630 soi-ma
1165 597 1236 630 Bre-

289 635 350 656 ¹¹¹¹¹¹¹³
365 636 460 657 ‘'¹³³''¹³'
490 649 536 682 xis
552 649 714 694 expeditas
731 650 837 683 literas
854 650 947 684 suerit
968 650 1160 687 ordinatum.
1176 662 1234 695 pro

492 702 691 747 exemptione
720 703 854 747 piscium
878 714 937 748 pro
961 715 1020 737 usu
1045 704 1234 738 dilectorum

489 756 628 789 tiliorum
641 761 835 798 nostrorum,
846 762 874 790 et
889 756 979 790 Sedis
991 758 1189 802 Apostolicae
1204 758 1234 791 in

489 809 614 843 civitate
634 814 665 843 et
682 809 834 843 comitatu
849 810 965 844 nostris
983 810 1234 844 Bononiensibus

489 862 528 895 dc
551 862 650 896 latere
673 863 871 906 legatorum,
897 868 927 896 et
952 873 1062 897 eorum
1087 864 1232 905 familiis,

488 915 613 959 singulo
638 926 745 950 mense
773 916 913 960 quinque
937 927 954 949 a
979 919 1105 950 camera
1133 917 1233 952 Bono-

487 969 588 1002 niensi
620 969 738 1003 eisdem
762 971 920 1014 persolvi,
943 976 973 1004 ct
1005 981 1064 1015 pro
1089 972 1232 1005 carnium

487 1023 687 1068 exemptione
722 1024 820 1057 libras
857 1035 909 1059 scx
945 1025 1065 1070 pariter
1092 1025 1233 1070 quolibet

485 1088 612 1118 mense,
637 1078 713 1122 ipsis
737 1089 814 1112 vero
838 1079 948 1122 legatis
963 1079 1155 1121 absentibus,
1173 1091 1232 1125 pro

485 1131 734 1175 vicelegatorum
759 1137 787 1165 et
812 1132 1061 1176 gubernatorum
1087 1144 1147 1166 usu
1172 1144 1232 1178 pro

487 1185 618 1218 dimidia
653 1190 774 1219 tanturn
809 1186 994 1220 earumdem
1034 1197 1231 1220 summarum

486 1239 641 1283 praestari
669 1239 803 1280 debere,
828 1245 857 1273 et
882 1240 967 1284 quod
995 1241 1073 1273 nihil
1099 1241 1231 1274 ulterius

487 1302 546 1336 pro
585 1292 837 1336 exemptionibus
872 1294 1081 1337 praetendere.
1119 1295 1231 1338 quovis

486 1346 548 1380 alio
572 1352 738 1390 praetextu
762 1353 889 1391 possent
913 1353 966 1381 aut
990 1349 1162 1389 deberent,

531 1400 547 1444 g
571 1400 600 1433 ⁶2.
626 1401 801 1434 Retroactis
823 1412 897 1435 vero
923 1402 1120 1446 temporibus
1140 1401 1230 1435 valde

487 1464 651 1487 excessum
688 1454 782 1487 fuerit
814 1455 846 1488 in
877 1455 1050 1488 maximum
1086 1466 1229 1489 camerae

485 1507 665 1551 praedictae
682 1508 922 1552 praeiudicium,
940 1514 970 1541 et
987 1509 1017 1541 in
1033 1508 1100 1542 dies
1117 1509 1229 1553 magis,

485 1560 545 1594 nisi
570 1567 748 1606 opportune
773 1562 988 1606 provideatur,
1008 1563 1184 1601 excedetur;

531 1615 546 1659 ξ
562 1614 591 1648 3.
611 1615 683 1656 Nos,
699 1615 894 1660 praemissis,
912 1621 1065 1659 quantum
1084 1627 1157 1649 cum
1174 1616 1231 1650 Do·

285 1681 423 1711 „resumas-
450 1684 470 1702 01
486 1668 573 1702 mino
598 1679 785 1713 possumus,
810 1669 939 1703 obviare
970 1670 1120 1711 volentes,
1142 1675 1228 1704 motu

285 1707 470 1763 gissiiss'ii‘f'muei
485 1722 639 1767 proprio,
665 1729 692 1756 et
718 1733 754 1756 ex
780 1725 866 1756 certa
892 1723 1021 1756 scientia
1046 1734 1081 1757 ac
1107 1727 1228 1758 matura

285 1760 470 1814 231¹1¹1iq¹iffltf¹¹¹m
485 1776 712 1810 deliberatione
735 1777 863 1818 nostris,
880 1778 996 1826 attenta
1017 1777 1111 1810 etiam
1133 1784 1230 1811 muta—

486 1830 570 1864 tione
583 1835 613 1863 et
623 1829 771 1874 qualitate
789 1836 979 1874 temporum,
989 1841 1128 1864 summas
1142 1841 1230 1876 prae·

486 1883 585 1917 dictas
604 1883 636 1917 in
659 1883 846 1917 eorumdem
866 1884 1055 1927 legatorum,
1073 1889 1126 1917 aut.
1145 1884 1228 1918 vice-

486 1937 674 1980 legatorum,
699 1942 751 1970 aut
777 1937 1028 1981 gubernatorum
1052 1937 1228 1982 respective

486 2001 590 2031 usum,
607 1991 779 2034 apostolica
795 1990 992 2031 auctoritate,
1010 1996 1119 2024 tenore
1136 2001 1227 2034 prae—

486 2043 633 2083 sentium,
654 2043 861 2087 duplicamus,
879 2043 1074 2076 declarantes
1094 2047 1124 2078 et
1142 2043 1225 2077 ordi-

484 2102 612 2138 nantes,
637 2102 668 2129 ut
694 2097 772 2130 nihil
797 2097 889 2137 ultra,
910 2097 1022 2141 quovis
1046 2097 1150 2137 modo,
1176 2102 1229 2130 aut

485 2150 596 2194 quavis
625 2150 747 2184 ratione
771 2151 819 2183 vel
844 2152 949 2191 causa,
975 2161 1035 2194 pro
1059 2150 1151 2185 dictis
1175 2157 1227 2184 aut

485 2203 554 2237 aliis
578 2203 849 2248 exemptionibus,
881 2208 989 2247 petere
1013 2208 1064 2236 aut
1088 2209 1230 2247 praeten-

486 2257 560 2291 dere
575 2257 706 2301 possint,
723 2262 754 2290 et
770 2257 802 2290 in
819 2257 951 2303 reliquis
963 2258 1140 2302 praedictas
1155 2259 1229 2292 Gre-

487 2311 568 2355 gorii
597 2311 852 2356 praedecessoris
876 2311 1016 2352 litteras,
1041 2312 1227 2346 auctoritate

486 2371 516 2398 et
539 2371 647 2399 tenore
671 2365 852 2410 praedictis,
865 2365 1080 2409 approbamus
1105 2371 1133 2399 et
1159 2376 1229 2399 con-

486 2419 661 2460 firmamus,
678 2419 803 2462 illisque
828 2418 1017 2452 inviolabilis
1040 2420 1228 2463 apostolicae

487 2471 643 2505 firmitatis
667 2472 766 2506 robur
790 2471 964 2505 adiicimus.
987 2473 1056 2507 Non
1078 2472 1229 2506 obstanti-

487 2525 545 2558 bus
565 2525 758 2569 praemissis,
778 2536 815 2559 ac
835 2525 1111 2560 constitutionibus
1130 2532 1161 2560 et
1177 2537 1229 2560 01-

487 2578 700 2612 dinationibus
723 2579 924 2624 apostolicis,
949 2580 1125 2624 ceterisque
1153 2591 1229 2613 eon—

489 2631 596 2665 trariis
620 2632 883 2677 quibuscumque.

533 2684 644 2718 Datum
669 2685 804 2727 Romae,
826 2685 911 2730 apud
936 2692 1076 2720 sanctam
1099 2687 1227 2721 Mariam

314 1412 358 1433 Sed
372 1417 419 1433 cum
437 1418 471 1433 ex-

286 1444 369 1460 cessum
399 1440 472 1466 aliqua

287 1465 307 1487 111
322 1469 382 1493 parte
400 1466 470 1488 suerit.

295 1628 407 1653 Gregorius
417 1633 471 1649 sum-

285 1660 330 1675 mas
340 1660 378 1680 pro
388 1655 470 1681 tegatis,

1069 282 1247 308 BULLARIUM
1272 282 1426 308 nouantur

1250 358 1254 392 ι
1269 331 1428 371 Maiorem,
1443 331 1501 364 >ub
1517 331 1633 365 annulo
1649 331 1827 376 PiscatoriS‚
1844 333 1895 366 die
1908 341 1950 367 xv
1969 333 2012 367 iu-

1251 622 1254 672 l
1271 637 1395 672 Causae
1419 637 1706 671 ecclesiasticorum
1725 641 1754 671 el
1775 637 1918 671 locorum

2021 283 2070 312 An.
2090 283 2120 313 C.
2142 284 2207 314 162¹

1267 384 1312 418 nii
1337 394 1457 419 nncxxi
1479 384 1680 429 pontificatus
1703 386 1804 420 nostri
1829 396 1912 420 anno
1936 396 1955 421 1.

1306 447 1364 476 Dat,
1382 448 1425 476 die
1442 448 1474 477 15
1487 448 1555 476 iunii
1571 448 1649 484 ¹62¹,
1665 448 1761 486 pontif.
1777 457 1822 478 an.
1838 456 1856 478 1.

1939 648 2013 682 pzo-

1313 700 1390 722 111111
1414 690 1558 723 civitatis
1579 695 1608 723 et
1627 690 1777 724 dioecesis
1797 690 2013 724 Bononiensis

1313 743 1349 775 in
1359 743 1470 786 prima
1484 743 1649 776 instantia
1663 743 1700 776 in
1716 744 1785 787 soro
1801 743 2013 787 archiepisco-

1310 794 1384 839 pali
1403 795 1640 840 coqnoscendae
1655 795 1674 828 ¹.

1472 867 1631 902 Gregorius
1652 866 1732 902 Papa
1750 867 1807 902 XV,

1410 911 1447 939 ad
1467 911 1602 939 futuram
1621 911 1667 939 rei
1686 911 1868 940 memoriam.

1312 973 1526 1007 Ecclesiarum
1545 974 1714 1018 praelatos
1728 973 1918 1018 praesertim
1938 983 2010 1008 san·
2050 984 2174 1011 murdim

1267 1031 1335 1060 ctae
1366 1027 1524 1061 Romanae
1555 1027 1714 1061 Ecclesiae
1738 1027 1932 1069 cardinales,
1956 1028 2009 1072 qui

1266 1080 1452 1114 universalis
1483 1081 1642 1115 Ecclesiae
1673 1081 1802 1115 servitio
1829 1080 2010 1115 assistentes

1266 1134 1408 1168 assiduos
1433 1134 1598 1168 nobiscum
1623 1145 1682 1179 pro
1706 1136 1743 1168 ea
1767 1134 1894 1169 labores
1913 1135 2011 1169 susci·

1265 1189 1366 1233 piunt,
1390 1188 1580 1232 specialibus
1603 1188 1764 1222 favoribus
1789 1194 1819 1222 ct
1842 1189 1953 1232 gratiis
1976 1189 2010 1222 li-

1265 1241 1376 1275 benter
1404 1242 1648 1286 prosequimur,
1673 1247 1770 1286 prout
1795 1242 2009 1287 conspicimus

1265 1295 1433 1328 salubriter
1458 1295 1489 1328 in
1512 1295 1646 1329 Domino
1670 1296 1829 1340 expedire.

1309 1349 1324 1391 ἓ
1354 1348 1376 1381 1.
1402 1348 1486 1382 Motu
1511 1348 1616 1394 itaque
1641 1349 1783 1393 proprio,
1803 1355 1834 1382 et
1857 1359 1894 1382 ex
1917 1351 2006 1383 certa
2049 1359 2164 1391 sumtum,
2179 1360 2208 1383 ‹10

1264 1402 1394 1436 scientia
1426 1407 1456 1435 et
1488 1404 1578 1435 mera
1609 1402 1838 1436 deliberatione
1872 1387 2206 1445 nostris‚“⁰⁰¹¹¹'¹¹¹¹'¹“'

1264 1455 1365 1499 deque
1389 1455 1580 1499 apostolicae
1603 1455 1767 1499 potestatis
1797 1455 2007 1500 plenitudine,

1263 1508 1348 1553 quod
1372 1509 1410 1541 de
1435 1515 1540 1543 cetero
1565 1509 1726 1554 perpetuis
1750 1509 1866 1542 suturis
1888 1514 2008 1554 tempo-

1264 1563 1352 1596 ribus
1368 1563 1399 1596 in
1415 1563 1484 1597 foro
1504 1563 1766 1608 archiepiscopali
1784 1563 1935 1598 ecclesiae
1952 1564 2008 1598 Bo-

1263 1616 1425 1650 noniensis
1449 1617 1520 1660 (cui
1545 1617 1679 1650 dilectus
1701 1617 1785 1650 tilius
1813 1621 1922 1650 noster
1944 1617 2006 1652 Lu-

1263 1670 1393 1704 doricus
1407 1670 1488 1704 tituli
1500 1675 1625 1704 sanctae
1635 1670 1749 1704 Mariae
1757 1670 2007 1716 Transpontinae

1246 1739 1247 1743 =
1264 1724 1427 1768 presbyter
1447 1723 1615 1757 cardinalis
1640 1723 1826 1757 Ludovisius
1846 1734 2008 1770 nuncupa-

1264 1783 1313 1810 tus
1338 1782 1461 1812 sanctae
1493 1778 1650 1812 Romanae
1682 1778 1840 1811 Ecclesiae
1870 1789 2008 1812 camera-

1263 1831 1339 1872 rius,
1363 1836 1471 1864 noster
1495 1832 1667 1864 secundum
1693 1842 1821 1865 carnem
1847 1842 1884 1865 ex
1909 1833 2006 1866 fratre

1263 1895 1416 1927 germano
1432 1895 1541 1929 nepos,
1558 1895 1595 1917 ex
1613 1885 1816 1919 concessione
1833 1891 1863 1918 et
1883 1886 2006 1930 dispen-

1263 1939 1383 1972 satione
1407 1938 1579 1982 apostolica
1608 1948 1757 1982 praeesse
1788 1939 2005 1983 dignoscitur)

1262 2001 1372 2025 omnes
1388 1996 1417 2024 et
1434 2001 1654 2036 quaecumque
1671 2002 1783 2026 causae
1796 2002 2005 2036 personarum

1262 2044 1545 2079 ecclesiasticarum
1570 2045 1734 2090 utriusque
1758 2056 1852 2079 sexus
1874 2056 1911 2079 ac
1935 2045 2004 2090 pio-

1263 2109 1333 2132 rum
1357 2099 1500 2133 locorum
1526 2099 1660 2132 civitatis
1679 2102 1709 2134 et
1728 2099 1883 2134 dioecesis
1906 2099 2006 2134 Bono-

1262 2152 1400 2193 niensis,
1436 2152 1662 2196 cuiuscumque
1698 2152 1858 2197 qualitatis
1892 2163 2005 2187 causae

1262 2206 1347 2250 ipsae
1373 2206 1522 2246 existant,
1547 2211 1578 2239 et
1600 2205 1639 2239 ad
1665 2216 1897 2251 quamcumque
1921 2217 2005 2241 sum-

1263 2270 1347 2292 mam
1371 2259 1586 2300 ascendentes,
1613 2264 1675 2292 tam
1702 2259 1809 2293 civiles
1828 2270 1923 2304 quam
1943 2260 2004 2294 cri-

1262 2313 1394 2347 minales
1419 2318 1449 2346 01
1473 2312 1598 2354 mixtae,
1622 2318 1653 2346 et
1677 2317 1741 2347 tam
1765 2313 1885 2347 activae
1909 2324 2004 2358 quam

1262 2366 1420 2410 passivae,
1446 2370 1555 2399 contra
1580 2376 1806 2410 quoscumque,
1824 2371 1888 2399 tam
1909 2367 2006 2401 eccle-

1263 2419 1404 2453 siasticos
1420 2429 1513 2464 quam
1531 2419 1638 2460 laicos,
1654 2424 1718 2452 tam
1735 2419 1892 2453 seculares
1907 2430 2004 2465 quam

1262 2473 1400 2507 cuiusvis
1431 2472 1556 2507 Ordinis
1588 2477 1619 2506 et
1654 2472 1787 2506 instituti
1821 2474 2003 2517 regulares,

1263 2527 1355 2559 etiam
1386 2526 1540 2570 privative
1563 2525 1667 2570 quoad
1695 2536 1805 2559 eorum
1836 2537 2004 2561 conserva-

1262 2584 1346 2613 tores
1362 2607 1369 2620 ,
1399 2589 1522 2613 necnon
1557 2578 1651 2612 etiam
1688 2584 1812 2614 sanctae
1846 2581 2004 2615 Romanae

1262 2633 1419 2667 Ecclesiae
1444 2632 1634 2673 cardinales,
1659 2633 1752 2666 etiam
1776 2633 1815 2667 de
1839 2635 1936 2668 latere
1958 2635 2003 2669 le-

1297 2698 1308 2722 1
1328 2695 1365 2723 Ex
1381 2694 1486 2731 Regest.
1504 2694 1531 2723 in
1546 2693 1647 2723 Secret.
1669 2694 1803 2724 Brevium.
