2293 3231
249 318 300 346 An.
320 317 348 345 C.
369 317 434 345 ¹622

299 379 365 400 tuum
381 381 435 399 rete-

251 407 326 427 bnmii
362 407 435 426 tenum

252 436 317 453 witti
335 433 434 453 luch-ni·

251 459 289 479 nub
309 458 387 485 duplici
406 459 433 479 0(-

252 485 306 506 §eim

321 1250 433 1276 Iieputatlo

251 1280 407 1304 exequuturum.

322 1726 434 1752 nerossauo

253 1755 412 1774 comanorum.

302 1884 363 1905 rid·-
378 1887 433 1906 tran·

254 1913 387 1937 sumptorum.

481 307 544 342 758

494 368 509 409 g
538 365 561 397 l.
587 365 667 397 Motu
692 363 794 405 itaque
819 360 958 404 proprio,
983 365 1012 392 et
1037 370 1072 391 ex
1098 361 1183 391 certa

450 418 577 451 scientia
601 428 635 449 ac
661 417 781 448 matura
809 413 1034 446 deliberatione
1058 411 1182 450 nostriS,

449 471 548 514 deque
572 469 758 513 apostolicae
785 466 946 511 potestatis
971 465 1182 509 plenitudine,

449 523 531 568 quod
555 523 593 555 de
616 528 720 555 cetero
745 520 904 564 perpetuis
929 519 1041 552 t'uturis
1067 524 1184 562 tempo-

449 577 544 615 ribus,
561 575 683 609 eiudem
709 574 805 608 sancti
831 573 967 607 loachiin
993 573 1088 605 festus
1107 572 1183 611 dies,

447 630 496 662 die
514 639 555 662 xx
574 628 676 661 martii
698 627 849 660 celebrari
867 627 987 665 solitus,
1005 625 1108 659 officio
1125 625 1183 657 sul)

448 683 508 716 ritu
533 681 659 726 duplici,
684 681 768 713 iuxta
793 680 935 713 rubricas
958 678 1106 712 breviarii
1131 688 1183 712 ro-

449 735 541 774 mani,
566 746 622 778 per
647 734 827 766 universum
853 733 962 765 orbem
982 732 1020 764 ab
1037 731 1183 765 omnibus

447 788 608 831 utriusque
625 798 716 819 sexus
732 786 1001 825 christifidelibus,
1019 790 1080 817 tam
1099 795 1184 817 secu—

448 841 563 874 laribus
583 851 675 884 quam
694 839 902 883 regularibus,
917 839 968 883 qui
986 838 1125 871 divinum
1142 838 1184 871 os-

448 894 551 928 ticium
575 894 706 927 recitare
732 899 876 926 tenentur
899 892 1070 932 celebrari;
1090 896 1182 935 atque

448 947 562 980 idcirco
580 947 609 979 in
627 946 792 987 breviario,
807 946 923 979 missali
938 951 965 978 et
982 944 1182 985 kalendariis,

448 1001 477 1032 in
494 1004 654 1044 posterum
681 999 908 1043 imprimendis,
927 998 1066 1031 eiusdem
1084 998 1182 1031 saneti

448 1053 580 1086 loachim
601 1053 712 1087 festum
731 1053 844 1096 duplex
858 1052 993 1085 describi
1009 1051 1182 1095 respective

446 1106 565 1148 debeat,
585 1112 689 1140 tenorc¹
713 1106 935 1150 praesentium,
953 1110 1107 1150 perpetuo
1124 1110 1182 1138 sta-

447 1160 562 1192 tuimus
586 1165 615 1192 et
639 1160 829 1193 ordinamus.

490 1214 505 1257 ἓ
529 1213 557 1246 2.
589 1214 740 1253 Quocirca
769 1213 1000 1247 venerabilibus
1031 1212 1181 1246 fratribus

448 1267 641 1310 patriarchis,
666 1267 922 1311 archiepiscopis,
946 1266 1110 1310 episcopis,
1135 1276 1182 1298 ce-

448 1320 582 1364 terisque
599 1321 801 1354 ecclesiarum
817 1320 974 1364 praelatis,
986 1320 1016 1353 in
1033 1320 1180 1353 universo

447 1379 600 1407 terrarum
623 1375 699 1408 orbe
720 1374 905 1415 constitutis,
925 1374 1135 1418 praecipimus
1151 1379 1181 1406 et

449 1428 647 1468 mandamus,
673 1433 704 1461 ut
731 1428 761 1460 in
784 1428 848 1461 suis
873 1428 1006 1473 quisque
1031 1427 1180 1467 ecclesiis,

447 1481 615 1524 provinciis
640 1486 669 1513 et
693 1481 887 1514 dioecesibus
919 1486 1101 1526 praesentes
1125 1491 1179 1514 no·

447 1539 526 1566 siras
552 1534 668 1567 litteras
701 1535 882 1568 solemniter
914 1534 1066 1578 publicari
1091 1539 1120 1567 et
1144 1534 1182 1566 ab

448 1587 595 1620 omnibus
619 1587 835 1621 ecclesiasticis
864 1588 1006 1632 personis
1034 1587 1182 1621 seculari-

449 1640 505 1673 bus
534 1645 564 1673 et
594 1641 776 1684 quorumvis
804 1641 955 1675 Ordinum
984 1641 1183 1685 regularibus

449 1694 576 1727 omnino
600 1694 759 1727 observari
785 1694 906 1728 saciant.

493 1747 507 1790 ἓ
531 1746 560 1780 3.
585 1748 652 1781 Non
684 1748 877 1781 obstantibus
908 1748 1184 1782 constitutionibus

449 1804 478 1832 et
502 1800 750 1834 ordinationibus
785 1802 982 1845 apostolicis,
1007 1802 1184 1846 ceterisque

449 1853 613 1887 contrariis
637 1854 895 1899 quibuscumque.

493 1907 508 1950 ξ,
531 1906 560 1939 4.
586 1907 735 1940 Volumus
765 1912 886 1949 autem,
911 1914 945 1941 ut
971 1909 1184 1953 praesentium

451 1959 761 2002 transumptis,eiiam
773 1961 943 2004 impressis,
951 1973 1045 1995 manu
1054 1962 1186 1996 alicuius

450 2012 563 2045 notarii
590 2013 707 2056 publici
736 2013 930 2058 subscriptis,
948 2020 977 2048 et
994 2016 1097 2059 sigillo
1113 2027 1186 2060 per-

452 2075 544 2097 sonae
562 2065 591 2097 iu
605 2065 754 2108 dignitate
771 2067 981 2102 ecclesiastica
999 2070 1186 2103 constitutae

452 2118 588 2158 munitis,
604 2119 711 2151 eadem
737 2130 866 2163 prorsus
890 2121 967 2155 fides
991 2122 1186 2164 adhibeatur,

451 2181 529 2213 quae
553 2172 767 2215 praesentibus
791 2174 1011 2216 adhiberetur,
1037 2177 1061 2209 si
1086 2177 1188 2210 forent

452 2224 607 2258 exhibitae
632 2226 678 2258 vel
703 2231 857 2261 ostensae.

495 2277 603 2310 Datum
623 2279 750 2320 Romae,
765 2280 846 2323 apud
863 2281 892 2313 S.
907 2280 1043 2322 Petrum,
1061 2282 1118 2315 sub
1138 2293 1188 2315 an-

454 2331 526 2363 nulo
551 2331 726 2372 Piscator-is,
743 2332 792 2365 die
810 2342 830 2365 11
847 2333 1023 2367 decembris
1048 2345 1187 2379 uncxxu,

455 2383 649 2425 pontificatus
674 2384 771 2417 nostri
795 2396 877 2419 anno
903 2396 932 2419 ii.

491 2444 546 2472 Dat.
568 2445 610 2473 die
629 2445 646 2472 2
665 2445 817 2474 decembris
838 2447 916 2482 1622,
937 2448 1031 2484 pontif.
1052 2457 1095 2476 an.
1116 2456 1144 2477 ιι.

739 2580 917 2615 Lxxxvnt.

457 2647 644 2682 Subsidium
658 2649 801 2684 deremet
815 2656 881 2684 octo
894 2651 1094 2695 millianam,
1104 2654 1189 2688 alitis

501 2712 519 2733 a
540 2702 644 2735 Paulo
670 2703 761 2748 Papa
794 2704 819 2737 V
842 2706 911 2749 reyi
934 2705 1090 2740 catholico
1118 2718 1190 2742 con-

1032 311 1209 336 BL'LLAmUM
1234 309 1389 334 ROMANUM

1966 306 2020 334 An.
2038 307 2070 334 C.
2088 306 2157 336 1622

1262 367 1383 390 cessum
1401 357 1437 389 in
1457 365 1554 399 reqno
1571 355 1741 396 castellae,
1757 355 1798 389 ab
1815 355 1960 389 ecclesia-

1261 411 1350 443 sticis
1367 419 1494 454 quoque
1506 408 1706 450 solvendum,
1718 408 1762 442 ad
1778 407 1959 443 nonnullas

1261 463 1347 496 alias
1370 473 1420 496 res
1439 460 1655 496 extenditur¹.

1219 551 1400 579 charissimo
1420 550 1451 578 in
1472 550 1590 578 christo
1610 550 1672 578 filio
1691 551 1796 578 nostro
1820 549 1959 585 Philippo

1350 595 1564 630 Hispaniarum
1582 595 1646 630 regi
1666 594 1826 630 catholieo,

1422 650 1580 685 Gregorius
1601 650 1680 684 Papa
1697 649 1754 678 XV.

1315 711 1495 740 eharissime
1511 712 1542 739 iu
1558 711 1676 740 Christo
1691 711 1735 739 mi
1745 715 1860 746 noster,

1252 757 1382 785 salutem
1402 760 1434 784 et
1457 756 1654 791 apostolicam
1672 756 1923 785 henedictionem.

1261 836 1276 880 ξ
1300 836 1329 869 l.
1354 835 1437 869 Alias
1454 845 1472 868 a
1491 835 1590 869 felicis
1614 835 1843 870 recordationis
1861 835 1958 870 Paulo
2005 846 2160 870 neomutu-
2208 835 2210 838 '

1216 890 1298 934 Papa
1323 890 1345 923 V
1370 889 1614 934 praedecessore
1639 895 1748 924 nostro
1772 895 1959 924 emanarunt
1973 873 2160 931 lffiitippl'ffi'hg

1216 944 1337 978 litterae
1362 944 1465 976 clarae
1490 944 1662 977 memoriae
1687 943 1833 988 Philippo
1852 944 1892 978 111
1909 944 1960 978 Hi-
1974 929 2095 955 'mmm'

1216 997 1398 1040 spaniarum
1416 997 1484 1040 regi
1499 997 1665 1038 catholico,
1681 997 1818 1041 genitori
1834 1001 1899 1040 tuo,
1915 997 1960 1031 di-

1216 1055 1330 1091 rectae,
1355 1050 1472 1083 tenoris
1497 1049 1718 1094 subsequentis
1742 1050 1903 1084 videlicet:

1259 1104 1274 1148 ἓ
1298 1104 1328 1137 2.
1345 1104 1538 1139 Charissimo
1562 1104 1594 1137 in
1615 1104 1739 1139 Christo
1763 1105 1830 1139 filio
1848 1110 1959 1140 nostro
2001 1113 2159 1136 reuertimu-

1215 1157 1361 1202 Philippo
1378 1157 1601 1202 Hispaniarum
1619 1159 1688 1202 regi
1704 1158 1871 1200 catholico,
1884 1159 1960 1193 Pau·
1973 1140 2160 1194 3222&ssssssss

1972 1195 2031 1215 serat
2039 1193 2159 1216 subsidium
2207 1207 2211 1210 -

1215 1211 1262 1244 lus
1283 1212 1366 1256 Papa
1382 1212 1416 1246 V.
1431 1211 1623 1246 Charissime
1642 1212 1674 1245 in
1690 1212 1814 1246 Christo
1837 1212 1884 1246 fili
1905 1223 1960 1248 no·
1973 1221 2048 1268 deflent
2067 1222 2089 1242 οι
2108 1222 2159 1242 ⁰⁶20

1215 1270 1289 1305 ster,
1297 1265 1431 1298 salutem
1439 1270 1469 1299 et
1478 1265 1685 1310 apostolicam
1695 1265 1958 1300 benedictionem.
1973 1253 2090 1295 22:32⁰?
2098 1252 2160 1296 1ιῆῗῖ

1214 1318 1414 1352 Orthodoxae
1437 1318 1522 1359 fidei,
1538 1323 1597 1352 etc.
1609 1319 1622 1336 ²
1973 1328 2067 1374 opium?
2083 1327 2112 1358 ,³¹³
2126 1332 2161 1348 ω.

1258 1371 1274 1415 g
1296 1370 1326 1405 3.
1351 1371 1428 1406 Cum
1446 1377 1561 1414 autem,
1578 1372 1659 1406 sicut
1677 1373 1868 1418 accepimus,
1883 1373 1959 1407 sub·
1973 1358 2160 1408 ῗιιῗῗῖἷὲῗιῖῗ-ο·

1214 1424 1270 1457 diti
1295 1435 1469 1468 regnorum
1494 1430 1622 1459 tuorum
1647 1437 1783 1460 coronae
1810 1426 1980 1482 Castellae¹
1997 1461 2002 1464 ,
2019 1460 2023 1464 ,
2040 1460 2061 1482 ,d
2121 1460 2161 1482 ὼ

1215 1478 1379 1522 praedicti,
1392 1479 1683 1521 animadvertentes,
1698 1491 1817 1522 causaS‚
1828 1486 1960 1525 propter
1974 1466 2096 1535 silsslqflss'ss
2106 1465 2161 1535 §¹³ss

1216 1543 1293 1576 quas
1314 1533 1442 1566 servitia
1462 1533 1526 1567 sive
1546 1533 1685 1567 subsidia
1709 1533 1890 1568 huiusmodi
1909 1519 2094 1589 01)-Ξὲἕὲιέξὲ
2123 1539 2161 1562 d·-

1216 1586 1277 1618 lata
1289 1591 1319 1619 et
1328 1586 1476 1630 praestita
1485 1587 1622 1628 fuerunt,
1637 1587 1731 1620 etiam
1742 1598 1826 1621 nunc
1834 1587 1961 1628 durare,
2087 1583 2094 1593 ’

1216 1650 1274 1684 pro
1291 1640 1423 1674 faciliori
1441 1641 1584 1684 gabellae
1602 1652 1658 1675 seu
1675 1641 1762 1676 Sisae
1777 1642 1962 1676 huiusmodi

1217 1694 1381 1736 solutione,
1399 1694 1584 1728 eorumdem
1606 1695 1819 1729 subsidiorum
1837 1695 1962 1737 causa³,

1217 1747 1360 1780 eamdem
1385 1747 1542 1791 gabellam
1572 1758 1629 1782 seu
1652 1748 1751 1782 Sisam
1779 1749 1818 1782 ad
1841 1749 1962 1793 pisces,

1217 1801 1381 1842 candelas,
1409 1811 1556 1843 caseum,
1582 1812 1733 1847 saponem
1758 1806 1788 1837 et
1811 1802 1888 1836 alias
1911 1813 1963 1836 res

1218 1855 1430 1888 comestibiles
1454 1855 1486 1888 in
1509 1855 1600 1889 dietis
1623 1856 1730 1899 regnis
1753 1855 1961 1900 colligendas,

1219 1912 1249 1942 et
1272 1908 1512 1949 consumendas,
1532 1919 1597 1943 non
1613 1910 1715 1944 solum
1738 1919 1798 1954 per
1821 1913 1962 1944 ementes

1219 1966 1249 1995 et
1272 1962 1442 1996 vendentes
1474 1963 1675 2006 solvendam,
1699 1963 1754 1997 sed
1785 1963 1880 1997 etiam
1904 1973 1963 2008 per

1219 2025 1285 2057 eos,
1302 2015 1356 2061 qui
1381 2026 1431 2049 res
1451 2017 1663 2051 comestibiles
1687 2016 1869 2051 huiusmodi
1892 2027 1962 2061 per-

1220 2069 1338 2113 cipiunt
1357 2080 1395 2102 ex
1412 2070 1551 2114 propriis
1568 2072 1714 2112 terrenis,
1727 2066 1781 2104 aut
1797 2070 1962 2112 affictibus,

1220 2133 1274 2156 seu
1291 2122 1446 2166 colligunt
1457 2134 1516 2167 pro
1530 2123 1671 2166 decimis,
1689 2129 1742 2157 aut
1761 2124 1856 2158 etiam
1879 2123 1964 2158 dono

1220 2175 1395 2221 accipiunt,
1420 2187 1475 2210 seu
1504 2177 1580 2211 alias
1604 2188 1640 2211 ex
1664 2177 1776 2222 quovis
1800 2177 1862 2211 alio
1885 2177 1961 2211 red-

1220 2229 1287 2263 ditu
1311 2235 1342 2263 et
1365 2230 1496 2265 introitu
1515 2230 1631 2264 habent
1647 2236 1678 2265 et
1699 2235 1899 2272 consumunt,
1915 2241 1965 2264 ex-

1221 2283 1359 2325 tendere,
1383 2283 1518 2318 durante
1541 2285 1692 2319 sexennio
1716 2284 1909 2328 huiusmodi,
1933 2289 1965 2318 et

1221 2347 1278 2380 pro
1291 2340 1415 2371 summa
1428 2338 1538 2373 decem
1551 2342 1581 2373 et
1593 2344 1665 2373 octo
1679 2339 1856 2373 millionum
1876 2349 1965 2372 num-

1221 2401 1346 2424 morum
1372 2402 1541 2426 aureorum
1556 2419 1565 2434 ,
1589 2397 1624 2425 ut
1647 2393 1846 2437 praefertur,
1871 2391 1964 2426 citius

1258 2454 1268 2479 l
1292 2453 1329 2480 Ex
1349 2457 1448 2490 regest.
1470 2454 1497 2481 in
1517 2454 1619 2482 Secret.
1636 2454 1714 2483 Brev.

1256 2497 1272 2523 2
1287 2497 1377 2525 Const.
1403 2498 1478 2526 Pauli
1498 2500 1521 2526 V
1543 2498 1587 2527 hic
1608 2499 1722 2527 relatam
1743 2499 1770 2527 in
1792 2499 1858 2527 edit.
1878 2499 1962 2526 Main.

1221 2542 1368 2570 omittimus
1388 2544 1451 2580 quia
1474 2544 1527 2572 iam
1551 2544 1651 2580 legitur
1674 2545 1726 2573 sub
1749 2545 1841 2574 Const.
1864 2550 1964 2581 cccvii,

1221 2594 1281 2622 pag.
1299 2587 1351 2614 423
1366 2587 1446 2615 huius
1461 2588 1526 2616 tomi
1540 2589 1578 2624 (a.
1595 2589 1645 2625 τ.).

1257 2631 1272 2658 3
1288 2630 1358 2658 Edit.
1374 2632 1457 2659 Main.
1474 2632 1532 2661 sine
1547 2641 1628 2661 sensu
1642 2634 1710 2670 legit
1724 2637 1821 2666 πεῖνα,-
1834 2641 1884 2662 nos
1897 2634 1965 2670 legi-

1222 2682 1280 2701 mus
1290 2677 1378 2703 causei
1387 2684 1419 2704 ex
1431 2677 1596 2712 coniectura,
1607 2681 1677 2706 etex
1687 2678 1720 2706 iis
1730 2687 1801 2714 quae
1811 2681 1966 2714 sequuntur

1222 2720 1259 2754 (n.
1271 2720 1322 2755 τ.).

1973 1301 2033 1327 regni
2055 1300 2160 1322 (lutetiae
2209 1321 2213 1325 Α

2043 1432 2095 1455 Cum
2108 1439 2160 1456 vero
2208 1427 2218 1451 ,¹
