2293 3231
543 268 606 302 846
1072 270 1247 296 3011101011
1282 269 1436 294 nomnen

497 328 746 374 Pampilonensis
771 325 946 360 studiorum
970 325 1170 367 universitas,
1197 322 1260 357 592
1285 333 1326 363 a;
1353 323 1488 366 erigitur
1513 331 1530 356 a
1555 321 1701 367 Philippo
1717 321 1771 364 ΙΙΙ,
1788 323 1852 357 593
1869 322 1895 357 ὁ.
1911 324 1940 358 Α
1962 323 2038 358 Phi-

586 383 671 426 lippo
688 379 727 413 lV
741 379 965 423 Hispaniarum
981 387 1058 422 rege
1077 378 1258 422 privilegiis
1276 379 1378 417 aucta,
1397 375 1459 410 594
1477 385 1507 408 a.
1534 375 1562 409 A
1578 374 1733 420 Gregorio
1749 375 1806 410 XV
1822 376 2037 420 confirmatur,

586 436 646 468 594
663 434 689 467 b.
716 434 965 478 ceterarumque
985 433 1231 466 universitatum
1247 429 1426 475 privilegiis
1452 433 1592 472 ornatur,
1619 429 1696 464 ibid.

497 489 694 524 pantaleonis
720 488 777 531 (S.)
803 487 938 521 ecclesia
963 488 994 520 in
1020 487 1151 530 regione
1177 485 1321 519 Parionis
1347 483 1387 518 de
1408 483 1502 526 Urbe,
1531 483 1593 517 791
1625 494 1655 517 α.
1682 483 1763 518 Cura
1787 484 1967 519 animarum
1997 484 2037 519 ab

584 553 620 577 ea
654 542 829 584 abdicatur,
855 543 918 576 792
942 553 971 575 α.
997 541 1244 585 Congregationi
1277 539 1475 574 clericorum
1498 536 1696 582 regularium
1718 536 1827 572 Matris
1850 536 1911 573 Dei
1934 537 2037 573 Scho-

583 596 683 630 larum
707 596 834 630 Piarum
857 595 993 629 ecclesia
1018 597 1064 629 sic
1090 595 1189 629 libera
1213 593 1412 635 conceditur,
1432 592 1496 627 792
1514 591 1541 626 b.

496 650 680 685 Parisiensts
695 650 841 692 ecclesia,
856 650 920 684 ’750
937 650 964 683 b.
989 649 1023 684 In
1044 648 1321 692 metropolitanam
1336 647 1480 691 erigitur,
1498 647 1559 681 751
1576 657 1605 680 α.
1620 646 1833 691 carnotensis,
1851 646 2036 691 Meldensis,

581 708 612 738 et
636 704 874 738 Aurelianensis
899 703 1053 737 ecclesiae
1079 704 1108 737 ei
1134 704 1165 737 10
1191 702 1410 747 suffraganeas
1434 702 1624 745 assignatae,
1649 701 1712 736 751
1741 702 1769 735 b.

495 757 652 792 Paschalis
678 757 782 802 (ven.)
808 757 939 802 Baylom
966 757 1098 792 Ordinis
1121 756 1278 791 Minorum
1310 757 1412 791 sancti
1444 755 1606 790 Francisci
1633 755 1924 800 Discalceatorum,
1954 755 2035 791 Bea-

583 815 688 846 torum
713 813 856 856 catalogo
881 821 898 845 a
922 811 1020 845 Paulo
1044 810 1131 855 Papa
1156 810 1182 843 V
1207 809 1402 845 adscribitur
1427 821 1500 846 cum
1525 810 1649 846 indulto
1673 811 1813 846 officium
1829 810 1870 846 de
1893 820 1931 846 eo
1955 811 2035 846 reci·

580 866 666 900 tandi
692 874 729 899 ac
752 865 938 900 celebrandi
963 866 1104 907 missam,
1130 865 1190 899 431
1214 876 1243 898 α.

494 917 607 953 Ρ30105
632 919 717 964 Papa
741 918 767 952 V
792 919 915 954 inhibet
944 919 1072 954 Iesuitis
1105 923 1136 954 et
1163 919 1303 953 Minimis
1335 917 1464 963 publice
1496 919 1613 954 docere
1642 921 1674 954 in
1708 920 1838 955 civitate
1868 919 2035 955 Bisuntina

581 972 745 1007 facultates
770 983 852 1019 quae
879 973 1051 1009 edocenter
1068 975 1098 1007 in
1117 974 1324 1008 universitate
1341 972 1483 1018 Dolensi‚
1503 975 1521 1009 2
1546 986 1576 1008 a.
1602 975 1888 1020 Congregationem
1902 975 2033 1010 fratrum

581 1025 707 1060 Ioannis
732 1026 790 1061 Dei
816 1037 925 1062 veram
950 1028 1149 1072 Religionem
1175 1038 1248 1063 esse
1273 1028 1423 1071 declarat,
1442 1029 1460 1063 3
1483 1032 1515 1064 et
1537 1040 1598 1075 seq.
1618 1029 1777 1075 Episcopo
1793 1029 2035 1065 Paderbonensi

581 1080 797 1115 coadiutorem
822 1081 898 1125 eligi
923 1080 998 1123 vult,
1017 1081 1035 1115 7
1056 1092 1086 1123 a,
1106 1082 1124 1115 8
1138 1093 1167 1115 a.
1192 1081 1272 1116 Item
1297 1083 1448 1128 episcopo
1467 1083 1724 1128 Monasteriensi,
1743 1085 1761 1118 9
1778 1095 1808 1118 a.
1833 1084 2034 1119 Provinciam

579 1133 618 1168 de
644 1133 864 1169 Pernambuco
890 1136 920 1169 in
947 1135 1046 1169 Indiis
1071 1135 1323 1171 occidentalibus
1348 1137 1505 1182 disiungit
1528 1137 1568 1172 ab
1595 1138 1733 1172 ecclesia
1757 1139 1787 1173 S.
1808 1138 1982 1173 Salvatoris
2002 1141 2035 1173 et

561 1188 609 1222 'in
626 1189 777 1222 vicariam
795 1192 982 1233 perpetuam
999 1191 1095 1234 erigit
1112 1190 1153 1224 10
1170 1201 1189 1223 α
1207 1194 1239 1225 01
1253 1201 1315 1236 seq.
1342 1190 1543 1227 Provinciam
1568 1192 1607 1227 de
1635 1192 1856 1238 Mozambique
1877 1194 1910 1227 in
1933 1192 2032 1228 lndiis

577 1242 782 1276 orientalibus
813 1242 853 1276 ab
885 1243 1025 1277 ecclesia
1057 1242 1166 1278 Goana
1206 1247 1336 1288 separat
1375 1250 1407 1280 01
1445 1247 1476 1280 10
1517 1247 1669 1281 vicariam
1699 1251 1891 1292 perpetuam
1920 1248 2031 1292 erigit,

579 1296 620 1330 20
643 1307 663 1329 a
687 1300 718 1331 et
737 1307 797 1342 seq.
823 1296 959 1331 Instituit
984 1300 1265 1342 congregationem
1291 1308 1437 1334 annonae
1463 1305 1493 1336 et
1517 1303 1674 1345 grasciae‚
1699 1303 1740 1336 15
1767 1302 1785 1334 b
1810 1306 1841 1336 et
1864 1312 1926 1346 seq.
1943 1301 2032 1346 Agri-

579 1351 732 1384 culturam
757 1351 789 1384 in
813 1351 901 1385 Statu
926 1352 1152 1387 Ecclesiastico
1182 1357 1365 1397 promovet,
1394 1354 1434 1388 15
1460 1354 1485 1388 b.
1511 1354 1654 1400 Eamque
1683 1356 1906 1390 exercentium
1933 1355 2033 1400 privi-

578 1403 662 1448 legia
691 1409 823 1439 renovat
847 1410 878 1440 et
902 1410 1014 1450 auget,
1041 1407 1080 1440 17
1107 1418 1136 1440 a.
1161 1405 1207 1440 De
1232 1408 1346 1442 castris
1371 1407 1498 1450 Ceulae,
1523 1408 1687 1451 Mutellae,
1712 1409 1857 1452 Cerfolii,
1881 1407 2033 1443 Fenoculi

581 1461 612 1492 et
637 1457 725 1492 Putei
751 1458 840 1503 plura
866 1461 984 1502 statuit,
1011 1460 1052 1494 19
1078 1460 1103 1501 b,
1130 1461 1170 1494 27
1197 1461 1214 1493 b
1239 1465 1270 1495 01
1294 1471 1358 1505 seq.
1384 1461 1541 1497 Licentias
1566 1472 1738 1498 concessas
1755 1465 1785 1498 in
1811 1463 1976 1508 Hispaniis
1992 1461 2032 1496 le-

578 1511 674 1555 gendi
699 1522 735 1546 ac
760 1513 920 1548 retinendi
944 1514 1043 1547 libros
1060 1513 1236 1558 prohibitos
1253 1519 1392 1558 revocat,
1419 1516 1460 1550 25
1485 1527 1514 1550 α.
1539 1516 1725 1551 Cessionem
1751 1517 1919 1561 regiminis
1944 1514 2031 1550 Wol-

579 1564 664 1609 fangi
688 1566 921 1611 archiepiscopi
955 1567 1208 1611 salisburgensis
1240 1568 1386 1610 admittit,
1413 1573 1443 1604 et
1467 1580 1581 1604 novam
1607 1571 1796 1605 electionem
1821 1573 1920 1611 curat,
1946 1569 1987 1603 30
2013 1568 2030 1602 b

577 1623 607 1652 01
630 1630 691 1664 seq.
717 1619 845 1663 lterum,
872 1621 935 1655 165
962 1625 994 1656 01
1017 1633 1089 1667 seq„
1108 1621 1172 1656 172
1188 1625 1294 1667 etseq.
1313 1622 1485 1658 Confirmat
1501 1623 1750 1659 Constitutiones
1766 1623 2030 1668 Congregationis

577 1670 715 1708 Oratorii
740 1683 756 1707 a
782 1674 814 1708 B.
833 1673 979 1720 Philippo
1003 1675 1099 1710 Nerio
1124 1677 1156 1709 in
1181 1675 1264 1710 Urbe
1288 1676 1441 1710 fundatae
1466 1678 1505 1712 36
1533 1678 1550 1711 b
1574 1689 1636 1723 seq.
1657 1682 1687 1712 et
1703 1677 1853 1722 probibet
1876 1677 1954 1712 alias
1974 1676 2030 1711 do·

575 1735 644 1761 mus
668 1727 727 1761 sub
752 1728 865 1762 eodem
891 1729 979 1764 titulo
1005 1730 1131 1764 fundari
1157 1731 1198 1764 58
1223 1741 1260 1773 a,
1287 1730 1351 1764 182
1376 1730 1402 1764 b.
1429 1730 1522 1766 Urbis
1552 1731 1723 1766 tribunalia
1754 1732 1919 1773 reformat,
1945 1730 1987 1765 58
2011 1729 2028 1763 b

576 1783 607 1814 et
629 1791 689 1826 seq.
713 1781 815 1816 Taxas
841 1783 989 1827 praefinit
1012 1786 1208 1818 notariorum
1227 1787 1258 1818 et
1282 1783 1416 1818 aliorum
1441 1782 1624 1817 officialium
1647 1783 1751 1824 Urbis,
1784 1783 1858 1825 111,
1876 1793 1896 1816 α
1919 1785 2026 1828 etseq.

575 1832 654 1878 Regi
680 1834 827 1869 Poloniae
852 1837 999 1871 00000011
1015 1837 1195 1872 subsidium
1213 1836 1253 1871 ab
1271 1837 1498 1872 ecclesiasticis
1516 1837 1717 1880 solvendum,
1731 1837 1796 1871 169
1813 1837 1839 1870 b.
1857 1836 2029 1871 Confirmat

574 1888 774 1923 concordiam
801 1891 909 1924 initam
935 1892 1016 1925 inter
1041 1901 1151 1935 regem
1175 1891 1405 1936 Hispaniarum
1430 1895 1461 1926 et
1485 1889 1726 1925 universitatem
1751 1890 1861 1936 oppidi
1881 1890 1920 1925 de
1933 1888 2028 1925 Onda

574 1939 776 1977 Derlusensis
802 1944 970 1987 dioecesis,
996 1946 1059 1979 170
1085 1947 1102 1979 b
1128 1950 1159 1980 et
1183 1957 1244 1991 seq.
1270 1945 1442 1980 Confirmat
1466 1945 1683 1979 venditionem
1704 1947 1799 1979 castri
1816 1942 2027 1978 Vallisclusao

576 1995 607 2028 in
633 1998 782 2031 comitatu
806 1996 1004 2042 Venayssino
1030 2001 1060 2033 in
1088 2000 1229 2034 favorem
1253 2000 1365 2034 Clarae
1390 1999 1431 2033 de
1455 1999 1609 2039 Perusiis‚
1637 1999 1699 2032 179
1724 2002 1757 2033 et
1779 2009 1841 2043 seq.
1867 1997 2025 2032 Licentiae

575 2050 755 2084 monialium
777 2055 967 2087 monasteria
993 2054 1196 2098 ingrediendi
1221 2054 1391 2099 quibusvis
1408 2063 1579 2088 concessas
1604 2056 1748 2094 revocat,
1774 2052 1837 2087 184
1855 2052 1882 2085 b.
1907 2051 2024 2086 Urbem

575 2102 704 2138 Romam
735 2106 831 2139 variis
863 2106 1018 2141 aedificiis
1051 2112 1150 2150 ornat,
1183 2109 1246 2143 185
1267 2108 1292 2151 b,
1325 2111 1356 2142 et
1386 2117 1542 2153 aquarum
1561 2107 1776 2142 foecunditate
1793 2106 1881 2147 ditat,
1906 2105 1970 2140 186
1994 2115 2024 2139 α.

574 2155 698 2200 Aquam
735 2158 861 2193 Paulam
886 2160 917 2192 in
943 2169 1013 2194 eam
1038 2161 1180 2203 inducit,
1213 2161 1290 2195 ibid.
1327 2162 1617 2206 Congregationem
1648 2171 1705 2205 pro
1737 2169 1774 2194 ea
1805 2157 2025 2194 conservanda

576 2211 727 2252 instituit,
752 2213 815 2246 187
841 2224 868 2246 a.
906 2213 1118 2249 Protectorcm
1151 2215 1256 2250 010130
1285 2215 1548 2259 Congregationis
1583 2213 1779 2248 cardinalem
1810 2212 2023 2257 Burghesium

574 2263 712 2307 deputat,
738 2266 799 2300 187
825 2267 852 2301 b.
881 2267 1143 2313 Congregationis
1168 2269 1419 2304 iurisdictionem
1445 2271 1476 2302 01
1500 2267 1664 2302 facultates
1697 2266 1887 2312 praescribit
1910 2265 1974 2300 188
1993 2275 2023 2300 a.

575 2315 759 2353 visitatores
785 2322 1022 2366 acquaeductus
1051 2323 1201 2367 deputat,
1228 2323 1290 2357 188
1317 2323 1344 2355 b.
1370 2321 1481 2356 Dotem
1516 2323 1676 2365 assignat,
1710 2321 1774 2355 189
1800 2331 1829 2354 α.
1862 2320 2024 2355 Prioratus

574 2369 736 2415 hospitalis
761 2374 790 2408 S.
820 2374 945 2408 loannis
978 2376 1256 2420 Hierosolymitani
1289 2379 1320 2411 in
1347 2375 1461 2419 Anglia
1486 2379 1517 2409 01
1542 2375 1697 2409 Hibernia
1724 2376 1793 2410 unit
1825 2374 2023 2419 magistratui

576 2423 649 2458 dicti
674 2424 813 2468 Ordinis,
840 2428 940 2462 donec
965 2439 1099 2472 regnum
1125 2430 1258 2473 Angliae
1276 2431 1313 2464 ad
1333 2431 1485 2464 unitatem
1505 2428 1668 2463 Ecclesiae
1684 2428 1857 2463 catholicae
1878 2428 2021 2469 redierit,

575 2477 637 2512 190
662 2478 688 2511 b.
708 2478 822 2514 Ordini
842 2491 1005 2516 servorum
1024 2484 1055 2516 B.
1070 2484 1187 2517 Mariae
1211 2484 1357 2518 concedit
1382 2484 1526 2526 recipere
1551 2484 1698 2524 novitios,
1724 2482 1788 2516 192
1804 2492 1833 2524 a,
1851 2485 1882 2515 01
1900 2481 2023 2525 mitigat

576 2531 738 2574 ieiunium,
765 2535 826 2568 192
851 2535 877 2568 b.
903 2535 1125 2570 Maronitarum
1151 2537 1352 2571 Patriarcliae
1385 2537 1479 2570 donat
1511 2536 1716 2580 apostolicam
1740 2535 2021 2577 benedictionem,

577 2582 638 2617 193
663 2584 689 2617 b.
715 2587 883 2621 Confirmat
907 2588 1094 2623 electionem
1120 2594 1151 2624 et
1174 2593 1410 2625 coronationem
1436 2591 1637 2634 imperatoris
1662 2589 1821 2632 Matthiae,
1847 2589 1910 2624 194
1935 2600 1964 2631 a,
1989 2591 2020 2623 01

576 2637 606 2669 01
630 2637 738 2673 tribuit
761 2641 810 2673 ius
835 2651 965 2685 precum
990 2645 1223 2687 primariarum‚
1250 2645 1312 2678 197
1339 2649 1370 2679 et
1393 2655 1455 2689 seq.
1472 2643 1623 2678 Moniales
1645 2643 1742 2678 Tertii
1763 2641 1894 2678 Ordinis
1918 2643 2030 2677 sancti.

577 2688 735 2726 Francisci
758 2694 790 2727 in
813 2693 959 2730 Helvetia
982 2697 1139 2741 reformat,
1164 2699 1227 2732 196
1252 2698 1279 2743 b,
1304 2698 1453 2733 admonet
1485 2697 1635 2733 Senatum
1664 2697 1808 2734 solodori
1831 2700 1865 2734 ut
1887 2696 2018 2732 decreta
