2293 3231
80 305 130 333 An.
148 305 178 332 C.
198 304 265 332 1613

110 1150 202 1181 Dei-ngat
218 1156 266 1172 con-

84 1180 161 1200 tranis.

911 301 1028 327 muuts
1053 303 1073 326 v
1093 303 1139 326 rr.

1032 351 1137 383 tonius
1162 359 1312 393 personae
1343 349 1370 381 in
1402 348 1551 391 dignitate
1576 348 1784 381 ecclesiastica

279 350 475 391 clesiasticas,
501 355 531 383 et
554 360 662 383 earum
688 350 839 393 singulas,
864 357 1016 394 quatenus

279 403 337 447 ipsi
350 403 463 436 dictam
478 404 626 447 pecuniae
640 414 794 435 suuuuam
809 404 925 446 absque
940 405 1017 446 Apo-

278 456 405 488 stolicae
437 456 524 489 Sedis
556 456 679 489 licentia
710 457 934 499 promiserint,
964 462 1013 489 aut

278 508 436 549 solverint,
454 519 510 542 nec
535 519 596 542 non
616 510 760 542 eumdem
782 509 1015 551 Sigisnnmdum

278 572 407 604 regem,
433 568 463 595 et
485 573 558 595 suos
583 563 743 596 ministros
767 563 965 606 praedictOS,
991 562 1014 593 si

278 614 363 647 illam
388 614 532 648 similiter
562 615 679 658 absque
708 616 831 648 licentia
857 615 1015 659 praedicta

279 667 340 699 iam
372 668 569 711 receperint,
594 668 632 701 ab
663 669 809 701 omnibus
834 674 861 700 et
885 667 1017 710 singulis

278 720 420 752 censuris
444 725 474 753 et
494 721 614 764 poenis,
632 726 798 764 propterea
822 720 1018 764 quomodoli-

277 772 330 805 bet
346 773 490 814 incursis,
508 774 616 807 eadem
634 774 817 807 auctoritate
838 773 1017 807 absolvendi

278 825 456 858 facultatem
466 831 496 858 et
508 827 736 866 auctoritatem,
746 832 854 860 tenore
871 836 1018 870 praesen-

278 877 368 918 tium,
385 878 586 911 concedimus
603 883 632 911 et
650 879 859 921 impertimur.
877 879 1017 922 Tibique,

279 935 313 963 ut
335 930 373 962 ad
397 931 591 964 exactionem
618 931 769 974 praedicti
802 931 931 965 subsidii
963 942 1020 974 per

279 992 430 1026 personas
465 983 690 1016 ecclesiasticas
722 989 864 1023 tantum,
896 989 926 1016 et
958 994 1020 1016 non

280 1035 370 1076 alias,
395 1036 567 1079 procedere
590 1036 725 1075 debeas,
750 1037 858 1070 eadem
883 1036 1020 1069 auctori-

282 1093 342 1121 tate
366 1088 592 1121 committimus
617 1094 646 1121 et
671 1089 864 1122 mandamus.

325 1141 340 1184 ἓ
364 1140 393 1174 3.
418 1142 487 1175 Non
517 1142 713 1174 obstantibus
745 1143 868 1175 concilii
896 1142 1020 1174 Latera-

281 1195 385 1227 nensis
401 1199 431 1227 et
447 1195 610 1238 quibusvis
630 1195 903 1228 constitutionibus
923 1201 950 1227 et
973 1206 1022 1227 or-

281 1246 493 1280 dinationibus
523 1248 719 1290 apostolicis,
745 1258 801 1280 nec
833 1258 896 1280 non
927 1249 1022 1280 eccle-

282 1299 411 1339 siarum,
435 1300 716 1340 monasteriorum,
741 1306 769 1332 ct
794 1300 1021 1333 beneficiorum

231 1383 234 1385 Α
281 1352 460 1386 huiusmodi
491 1354 599 1396 (etiam
632 1354 825 1391 iuramento,
858 1354 1023 1386 coufirma-

119 2417 227 2446 Paupsres
241 2426 277 2442 au-

95 2445 137 2466 um
149 2446 238 2469 clericos
250 2447 277 2468 ab

95 2469 212 2494 huiusmodi
218 2479 280 2500 prae·

281 1405 365 1438 tione
389 1406 570 1449 apostolica,
595 1407 642 1439 rel
666 1407 775 1450 quavis
799 1407 946 1439 firmitate
963 1407 1022 1439 alia

281 1459 452 1503 roboratis)
472 1460 594 1492 statutis
611 1465 640 1492 et
658 1460 945 1499 consuetudinibus,
963 1460 1023 1503 pri-

283 1511 404 1555 vilegiis
430 1523 555 1556 quoque
572 1539 579 1553 ,
604 1513 732 1545 indultis
761 1519 788 1545 et
817 1513 927 1546 litteris
951 1524 1024 1557 apo-

282 1565 410 1606 stolicis,
428 1576 463 1598 ac
483 1566 743 1609 exemptionibus,
764 1567 1023 1607 immunitatibus,

282 1618 377 1651 etiam
402 1618 433 1650 in
459 1629 593 1662 corpore
618 1619 695 1651 iuris
719 1619 843 1659 clausis,
863 1619 1023 1662 quibusvis

282 1671 472 1713 generaliter
481 1671 529 1703 vel
543 1671 719 1714 specialiter
727 1671 893 1711 concessis,
902 1672 1022 1704 etiamsi

283 1723 321 1756 de
336 1723 407 1763 illis,
421 1734 596 1767 eorumque
609 1724 682 1757 totis
695 1724 856 1757 tenoribus
873 1724 911 1757 dc
928 1725 1023 1758 verbo

283 1776 321 1808 ad
346 1776 477 1809 verbum
503 1777 620 1809 mentio
651 1787 706 1809 seu
738 1778 864 1820 quaeris
892 1778 952 1809 alia
977 1788 1025 1810 ex-

284 1829 407 1872 pressio
439 1829 581 1862 habenda
610 1830 665 1869 sit,
690 1834 720 1862 et
750 1830 780 1861 in
805 1830 849 1862 eis
879 1836 1025 1863 caveatur

284 1892 450 1926 expresse,
475 1882 559 1925 quod
582 1892 641 1925 per
665 1882 842 1916 huiusmodi
871 1883 1025 1916 clausulas

284 1935 447 1978 generales
464 1935 557 1968 etiam
575 1936 767 1969 mentionem
784 1936 950 1979 specialem
973 1937 1026 1969 im-

284 1992 446 2031 portantes
471 1988 515 2021 eis
534 1988 720 2031 derogatum
738 1999 805 2021 esse
825 1999 888 2022 non
904 1999 1027 2022 censea-

285 2045 348 2081 tur,
363 2045 416 2073 aut
427 2041 574 2083 derogari
588 2041 738 2082 videatur,
751 2041 810 2074 nisi
824 2043 918 2075 certis
932 2043 1026 2076 modo

286 2097 317 2125 et
330 2093 431 2126 forma
444 2093 475 2126 in
488 2093 549 2125 illis
565 2094 721 2137 expressis
737 2094 828 2137 plene
844 2094 1025 2128 observatis.

286 2146 405 2185 Quibus
427 2147 584 2187 omnibus,
607 2158 717 2180 eorum
739 2153 865 2181 tenores
884 2159 1029 2191 praesen-

288 2199 371 2232 tibus
394 2210 452 2243 pro
476 2200 567 2243 plene
591 2200 746 2244 expressis
773 2201 943 2240 habentes,
968 2201 1028 2233 illis

287 2253 363 2285 alias
380 2253 412 2285 in
428 2263 485 2286 suo
510 2253 624 2286 robore
639 2253 864 2296 permansuris,
886 2254 942 2286 hac
962 2254 1028 2286 viee

288 2306 448 2339 dumtaxat
478 2306 655 2349 specialiter
679 2311 706 2338 et
732 2316 878 2349 expresse
901 2306 1030 2350 deroga-

290 2369 370 2399 mus,
395 2358 569 2402 ceterisque
587 2358 753 2391 contrariis
769 2358 1028 2401 quibuscumque.

335 2413 350 2456 §
374 2412 403 2445 4.
430 2412 580 2445 Volumus
604 2417 719 2451 autem,
744 2417 774 2444 ut
801 2421 955 2455 pauperes
973 2412 1031 2444 cle-

290 2465 369 2506 rici,
393 2465 447 2509 qui
472 2465 502 2498 in
528 2465 701 2498 redditibus
730 2475 791 2498 non
823 2465 938 2497 babent
971 2466 1030 2498 nisi

95 2497 170 2519 stando
181 2499 277 2522 subsidio
313 2519 319 2524 .

96 2523 173 2546 eximit.

293 2524 409 2553 Victum
440 2518 652 2552 necessarium
667 2545 674 2558 ,
700 2519 738 2550 ad
768 2518 1030 2553 contribuendum

293 2572 423 2606 minime
439 2573 676 2616 compellantur.
704 2572 867 2604 Praeterea
888 2572 1031 2604 volumus

292 2625 506 2669 praesentium
530 2624 752 2668 transumptis,
782 2634 875 2657 manu
900 2624 1031 2657 alicuius

293 2677 405 2710 notarii
430 2677 548 2721 publici
573 2677 773 2720 subscriptis,
798 2682 824 2710 et
855 2676 958 2719 sigillo
981 2677 1032 2709 ali-

1689 290 1745 323 Qtt
1800 299 1981 325 1111111613

1050 403 1234 435 constitutae
1259 402 1403 441 munitis,
1428 402 1568 434 eaindem
1601 411 1730 444 prorsus
1755 402 1786 432 li—

1049 455 1119 487 dem
1146 455 1175 487 iu
1197 455 1311 487 iudicio
1328 461 1354 487 ct
1375 461 1461 487 extra
1479 455 1508 486 iu
1526 453 1671 487 omnibus
1684 458 1713 485 et
1731 463 1786 495 per

1049 507 1153 539 onmia
1178 507 1335 547 adhiberi,
1360 518 1438 550 quae
1471 507 1544 550 ipsis
1573 505 1787 549 praesentibus

1049 559 1259 599 adhiberetur,
1285 560 1308 592 si
1336 560 1433 592 l'orent
1453 559 1607 592 exhibitae
1626 559 1671 591 rel
1689 562 1788 592 osten-

1050 622 1110 644 sae.

1094 665 1204 697 Datum
1231 666 1346 698 Romae
1367 666 1449 708 apud
1475 670 1614 697 sanctum
1640 665 1787 704 Marcum,

1050 717 1107 749 sub
1125 718 1239 750 annulo
1258 718 1434 758 piscatoris,
1451 718 1500 750 die
1518 728 1549 750 iv
1567 717 1639 750 maii
1657 727 1788 758 1111011111,

1051 770 1249 813 pontificatus
1273 771 1371 803 nostri
1397 781 1478 803 anno
1503 781 1566 804 vm.

1089 833 1145 859 Dat.
1167 833 1211 859 die
1226 833 1243 859 4
1263 833 1323 860 maii
1346 833 1424 867 1613,
1441 833 1534 868 pontis.
1559 842 1602 860 an.
1622 840 1682 859 -viu.

1332 983 1507 1016 CCXXXIII.

1055 1063 1278 1112 Conzmitgitm·
1296 1063 1416 1095 mencio
1436 1062 1608 1106 apostolico
1626 1063 1792 1105 inferioris

1100 1115 1296 1149 Germaniae
1312 1120 1348 1148 ul
1364 1116 1528 1149 nonnulla
1544 1116 1668 1148 decreta
1685 1115 1792 1159 quoad

1100 1172 1267 1201 tonsuram
1298 1173 1326 1201 ct
1359 1169 1507 1201 asabitum
1531 1169 1713 1201 clericalem
1736 1179 1794 1211 per

1100 1221 1207 1263 ipsum
1223 1221 1310 1254 edila
1327 1232 1387 1264 pro
1404 1222 1538 1254 dioecesi
1555 1221 1724 1254 Leodiensi
1740 1231 1794 1253 cu-

1100 1278 1145 1306 rel
1168 1274 1331 1307 observari
1344 1274 1362 1306 ¹.

1054 1353 1222 1381 Venerabili
1236 1353 1322 1380 fratri
1337 1354 1464 1381 Antonio
1484 1355 1624 1388 episcopo
1639 1353 1794 1388 Vigiliensi

1090 1398 1121 1424 in
1136 1398 1272 1431 partibus
1289 1398 1442 1426 inferioris
1459 1398 1631 1426 Germaniae
1646 1401 1749 1425 nostro
1765 1401 1795 1425 et

1090 1442 1279 1475 apostolicae
1297 1443 1381 1470 Sedis
1396 1443 1506 1470 nuncio

1284 1496 1396 1523 Paulus
1425 1497 1503 1529 Papa
1528 1496 1559 1523 V.

1056 1558 1238 1586 Venerabilis
1259 1558 1370 1591 frater,
1392 1559 1522 1585 salutem
1546 1561 1578 1585 et
1600 1558 1796 1592 apostolicam

1301 1602 1549 1629 benedictionem.

1101 1670 1116 1711 ξ
1140 1669 1169 1701 ’1.
1194 1669 1293 1709 Cum,
1326 1669 1405 1702 sicut
1437 1668 1614 1712 accepimus
1629 1696 1636 1709 ‚
1661 1674 1693 1700 tu
1708 1695 1715 1708 ,
1739 1678 1797 1712 pro
1838 1681 1931 1711 xuncius
1946 1686 1996 1706 apo-

1057 1722 1226 1754 commisso
1244 1721 1297 1753 tibi
1323 1732 1339 1753 a
1363 1721 1453 1754 nobis
1473 1731 1613 1762 munere,
1631 1721 1796 1753 visitationi
1812 1707 1997 1755 iffss'aciiitut‘i‘e'i'isslss

1058 1775 1207 1807 ecclesiae
1231 1774 1411 1807 Leodiensis
1435 1774 1617 1816 invigilans,
1643 1779 1670 1806 et
1696 1762 1998 1817 dis120-2³I³1ll'§ltl⁰lil¹lss

1058 1828 1161 1860 sitioni
1186 1827 1315 1861 Concilii
1339 1827 1511 1860 Tridentini
1532 1827 1708 1867 inhaerens,
1726 1837 1800 1859 non—
1814 1813 1996 1861 fficia'ssxi‘s'ffmfl

1058 1881 1143 1913 nulla
1167 1881 1292 1914 decreta
1324 1880 1510 1924 praesertim
1540 1880 1623 1913 circa
1657 1880 1799 1912 habitum

1059 1939 1086 1966 01
1124 1940 1286 1967 tonsuram
1323 1934 1483 1966 clericales
1518 1944 1573 1977 per
1609 1933 1800 1973 canonicos,

1059 1990 1259 2033 presbyteros
1277 1994 1304 2021 et
1323 1989 1401 2022 alios
1425 1988 1652 2021 ecclesiasticae
1673 1988 1801 2021 militiae

1060 2042 1234 2085 adscriptos
1266 2041 1452 2074 deserendos
1477 2041 1633 2081 edideris,
1665 2045 1692 2074 01
1718 2041 1802 2073 clero

1060 2095 1219 2138 praedicto
1233 2094 1427 2127 observanda
1440 2094 1652 2137 proposueris,
1667 2104 1721 2126 scu
1735 2104 1804 2136 pro-

1058 2158 1178 2191 ponere
1210 2147 1369 2184 intendas;
1398 2147 1539 2179 nonnulli
1572 2156 1647 2178 xero
1679 2157 1716 2178 ex
1749 2146 1802 2185 iis,

1061 2211 1191 2232 suorum
1211 2205 1309 2232 status
1323 2204 1350 2231 et
1366 2199 1474 2231 salutis
1491 2200 1705 2237 immemores,
1722 2198 1804 2231 dit-ta

1061 2253 1186 2285 decreta
1211 2252 1376 2284 admittere
1401 2257 1430 2284 et
1455 2252 1623 2284 observare
1648 2256 1803 2289 recusent,

1062 2316 1117 2339 seu
1141 2310 1342 2338 recusaturos
1371 2304 1493 2337 dubites
1519 2305 1549 2336 in
1575 2304 1802 2347 praeiudicium

1063 2359 1171 2391 salutis
1195 2369 1323 2390 suarum
1350 2358 1537 2400 animarum.

1108 2412 1122 2453 ἓ
1146 2411 1175 2444 2.
1201 2412 1274 2448 Nos,
1293 2411 1497 2449 attendentes,
1518 2410 1602 2453 quod
1624 2420 1736 2453 parum
1758 2415 1802 2442 est
1844 2416 2002 2448 Pautuscidem

1065 2469 1149 2496 recta
1173 2469 1308 2495 statuere
1333 2468 1360 2496 et
1387 2463 1551 2502 ordinare,
1576 2463 1635 2495 nisi
1661 2463 1712 2494 illa
1737 2473 1803 2495 exe·
1818 2446 1945 2499 iiiimc'tilr'sst’
1963 2446 2002 2490 eii-¹

1064 2517 1206 2560 quutioni
1222 2516 1461 2555 demandentur,
1475 2515 1532 2547 tibi
1549 2526 1606 2559 per
1622 2521 1802 2559 praese-ntes
1817 2503 1907 2518 ⁵⁹⁸³st

1065 2570 1290 2603 committimus
1314 2575 1344 2602 et
1368 2570 1569 2608 mandamus,
1594 2574 1627 2601 ut
1658 2569 1801 2609 decreta,

1065 2633 1143 2666 quae
1174 2623 1257 2655 cirea
1287 2622 1457 2665 praemissa
1489 2622 1629 2662 edidisti,
1661 2633 1714 2654 seu
1740 2623 1801 2655 edi-

1102 2686 1109 2712 1
1135 2685 1171 2711 Ex
1192 2689 1290 2720 regest.
1313 2685 1338 2711 iu
1359 2685 1458 2712 Secret.
1480 2684 1555 2711 Brev.
