<?xml version="1.0" encoding="UTF-8"?>
<!DOCTYPE html PUBLIC "-//W3C//DTD XHTML 1.0 Transitional//EN"
    "http://www.w3.org/TR/xhtml1/DTD/xhtml1-transitional.dtd">
<html xmlns="http://www.w3.org/1999/xhtml" xml:lang="en" lang="en">
 <head>
  <title>
</title>
<meta http-equiv="Content-Type" content="text/html;charset=utf-8" />
  <meta name='ocr-system' content='tesseract 3.04.00' />
  <meta name='ocr-capabilities' content='ocr_page ocr_carea ocr_par ocr_line ocrx_word'/>
</head>
<body>
  <div class='ocr_page' id='page_1' title='image "./bullarumdiplomat12cath_0542.png"; bbox 0 0 2293 3231; ppageno 0'>
   <div class='ocr_carea' id='block_1_1' title="bbox 268 278 565 316">
    <p class='ocr_par' dir='ltr' id='par_1_1' title="bbox 268 278 565 316">
     <span class='ocr_line' id='line_1_1' title="bbox 268 278 565 316; baseline -0.013 0"><span class='ocrx_word' id='word_1_1' title='bbox 268 288 321 316; x_wconf 79' lang='lat' dir='ltr'>An.</span> <span class='ocrx_word' id='word_1_2' title='bbox 339 286 368 315; x_wconf 88' lang='lat' dir='ltr'>c.</span> <span class='ocrx_word' id='word_1_3' title='bbox 387 286 451 315; x_wconf 74' lang='lat'>1621</span> <span class='ocrx_word' id='word_1_4' title='bbox 500 278 565 313; x_wconf 74' lang='grc'>504</span> 
     </span>
    </p>
   </div>
   <div class='ocr_carea' id='block_1_2' title="bbox 448 335 1214 1386">
    <p class='ocr_par' dir='ltr' id='par_1_2' title="bbox 448 335 1214 1386">
     <span class='ocr_line' id='line_1_2' title="bbox 471 335 1213 380; baseline -0.003 -10"><span class='ocrx_word' id='word_1_5' title='bbox 471 346 629 370; x_wconf 85' lang='lat' dir='ltr'>cessorem</span> <span class='ocrx_word' id='word_1_6' title='bbox 660 342 814 375; x_wconf 84' lang='lat' dir='ltr'>nostrum,</span> <span class='ocrx_word' id='word_1_7' title='bbox 839 342 978 379; x_wconf 84' lang='lat' dir='ltr'>accepto,</span> <span class='ocrx_word' id='word_1_8' title='bbox 1003 335 1088 380; x_wconf 88' lang='lat' dir='ltr'>quod</span> <span class='ocrx_word' id='word_1_9' title='bbox 1113 335 1213 370; x_wconf 88' lang='lat' dir='ltr'>dictus</span> 
     </span>
     <span class='ocr_line' id='line_1_3' title="bbox 472 388 1213 433; baseline 0 -11"><span class='ocrx_word' id='word_1_10' title='bbox 472 389 626 433; x_wconf 69' lang='lat' dir='ltr'>generalis</span> <span class='ocrx_word' id='word_1_11' title='bbox 653 389 682 421; x_wconf 93' lang='lat' dir='ltr'>in</span> <span class='ocrx_word' id='word_1_12' title='bbox 710 389 770 421; x_wconf 82' lang='lat' dir='ltr'>vim</span> <span class='ocrx_word' id='word_1_13' title='bbox 795 388 912 421; x_wconf 79' lang='lat' dir='ltr'>decreti</span> <span class='ocrx_word' id='word_1_14' title='bbox 939 389 968 421; x_wconf 90' lang='lat' dir='ltr'>in</span> <span class='ocrx_word' id='word_1_15' title='bbox 994 388 1134 432; x_wconf 86' lang='lat' dir='ltr'>capitulo</span> <span class='ocrx_word' id='word_1_16' title='bbox 1162 399 1213 432; x_wconf 76' lang='lat' dir='ltr'>ge-</span> 
     </span>
     <span class='ocr_line' id='line_1_4' title="bbox 472 441 1213 485; baseline -0.001 -10"><span class='ocrx_word' id='word_1_17' title='bbox 472 443 568 475; x_wconf 84' lang='lat' dir='ltr'>nerali</span> <span class='ocrx_word' id='word_1_18' title='bbox 595 442 780 485; x_wconf 78' lang='lat' dir='ltr'>posterioris</span> <span class='ocrx_word' id='word_1_19' title='bbox 805 441 930 475; x_wconf 79' lang='lat' dir='ltr'>Ordinis</span> <span class='ocrx_word' id='word_1_20' title='bbox 955 442 1114 475; x_wconf 85' lang='lat' dir='ltr'>celebrato</span> <span class='ocrx_word' id='word_1_21' title='bbox 1131 442 1213 483; x_wconf 81' lang='lat' dir='ltr'>sacti,</span> 
     </span>
     <span class='ocr_line' id='line_1_5' title="bbox 472 494 1214 536; baseline -0.001 -7"><span class='ocrx_word' id='word_1_22' title='bbox 472 505 550 529; x_wconf 91' lang='lat' dir='ltr'>onus</span> <span class='ocrx_word' id='word_1_23' title='bbox 575 494 754 528; x_wconf 79' lang='lat' dir='ltr'>huiusmodi</span> <span class='ocrx_word' id='word_1_24' title='bbox 773 500 982 536; x_wconf 87' lang='lat' dir='ltr'>recusaverat,</span> <span class='ocrx_word' id='word_1_25' title='bbox 1000 495 1083 528; x_wconf 90' lang='lat' dir='ltr'>idem</span> <span class='ocrx_word' id='word_1_26' title='bbox 1101 495 1214 528; x_wconf 87' lang='lat' dir='ltr'>Paulus</span> 
     </span>
     <span class='ocr_line' id='line_1_6' title="bbox 472 547 1212 592; baseline 0.004 -14"><span class='ocrx_word' id='word_1_27' title='bbox 472 547 705 592; x_wconf 81' lang='lat' dir='ltr'>praedecessor,</span> <span class='ocrx_word' id='word_1_28' title='bbox 719 558 757 580; x_wconf 90' lang='lat' dir='ltr'>ne</span> <span class='ocrx_word' id='word_1_29' title='bbox 777 549 1003 582; x_wconf 87' lang='lat' dir='ltr'>monasterium</span> <span class='ocrx_word' id='word_1_30' title='bbox 1017 548 1212 592; x_wconf 78' lang='lat' dir='ltr'>praedictum</span> 
     </span>
     <span class='ocr_line' id='line_1_7' title="bbox 471 600 1212 646; baseline 0.004 -13"><span class='ocrx_word' id='word_1_31' title='bbox 471 600 597 645; x_wconf 86' lang='lat' dir='ltr'>aliquod</span> <span class='ocrx_word' id='word_1_32' title='bbox 623 601 653 633; x_wconf 89' lang='lat' dir='ltr'>in</span> <span class='ocrx_word' id='word_1_33' title='bbox 678 601 894 644; x_wconf 80' lang='lat' dir='ltr'>spiritualibus</span> <span class='ocrx_word' id='word_1_34' title='bbox 917 602 1140 635; x_wconf 70' lang='lat' dir='ltr'>detrimentum</span> <span class='ocrx_word' id='word_1_35' title='bbox 1159 613 1212 646; x_wconf 86' lang='lat' dir='ltr'>pa-</span> 
     </span>
     <span class='ocr_line' id='line_1_8' title="bbox 471 654 1213 699; baseline 0.001 -12"><span class='ocrx_word' id='word_1_36' title='bbox 471 660 599 695; x_wconf 79' lang='lat' dir='ltr'>teretur,</span> <span class='ocrx_word' id='word_1_37' title='bbox 623 654 662 687; x_wconf 86' lang='lat' dir='ltr'>de</span> <span class='ocrx_word' id='word_1_38' title='bbox 686 654 864 698; x_wconf 76' lang='lat' dir='ltr'>prudentia,</span> <span class='ocrx_word' id='word_1_39' title='bbox 889 654 960 695; x_wconf 83' lang='lat' dir='ltr'>side,</span> <span class='ocrx_word' id='word_1_40' title='bbox 985 661 1013 688; x_wconf 87' lang='lat' dir='ltr'>et</span> <span class='ocrx_word' id='word_1_41' title='bbox 1035 655 1213 699; x_wconf 82' lang='lat' dir='ltr'>integritate</span> 
     </span>
     <span class='ocr_line' id='line_1_9' title="bbox 471 707 1214 752; baseline 0.003 -12"><span class='ocrx_word' id='word_1_42' title='bbox 471 707 575 741; x_wconf 85' lang='lat' dir='ltr'>dilecti</span> <span class='ocrx_word' id='word_1_43' title='bbox 593 708 649 741; x_wconf 85' lang='lat' dir='ltr'>filii</span> <span class='ocrx_word' id='word_1_44' title='bbox 667 708 766 742; x_wconf 80' lang='lat' dir='ltr'>nostri</span> <span class='ocrx_word' id='word_1_45' title='bbox 785 708 923 752; x_wconf 78' lang='lat' dir='ltr'>Mapliaei</span> <span class='ocrx_word' id='word_1_46' title='bbox 943 708 1020 741; x_wconf 92' lang='lat' dir='ltr'>tituli</span> <span class='ocrx_word' id='word_1_47' title='bbox 1039 709 1137 741; x_wconf 84' lang='lat' dir='ltr'>sancti</span> <span class='ocrx_word' id='word_1_48' title='bbox 1155 709 1214 742; x_wconf 93' lang='lat' dir='ltr'>llo-</span> 
     </span>
     <span class='ocr_line' id='line_1_10' title="bbox 471 761 1211 806; baseline 0.001 -12"><span class='ocrx_word' id='word_1_49' title='bbox 471 761 597 805; x_wconf 86' lang='lat' dir='ltr'>nuphrii</span> <span class='ocrx_word' id='word_1_50' title='bbox 637 761 813 806; x_wconf 63' lang='lat' dir='ltr'>presbyteri</span> <span class='ocrx_word' id='word_1_51' title='bbox 849 761 1018 795; x_wconf 88' lang='lat' dir='ltr'>cardinalis</span> <span class='ocrx_word' id='word_1_52' title='bbox 1050 762 1211 795; x_wconf 84' lang='lat' dir='ltr'>Barberini</span> 
     </span>
     <span class='ocr_line' id='line_1_11' title="bbox 471 814 1212 858; baseline 0.003 -12"><span class='ocrx_word' id='word_1_53' title='bbox 471 814 650 858; x_wconf 85' lang='lat' dir='ltr'>nuncupati,</span> <span class='ocrx_word' id='word_1_54' title='bbox 676 820 749 848; x_wconf 89' lang='lat' dir='ltr'>tunc</span> <span class='ocrx_word' id='word_1_55' title='bbox 775 815 805 847; x_wconf 91' lang='lat' dir='ltr'>in</span> <span class='ocrx_word' id='word_1_56' title='bbox 831 814 1007 848; x_wconf 88' lang='lat' dir='ltr'>minoribus</span> <span class='ocrx_word' id='word_1_57' title='bbox 1032 815 1212 856; x_wconf 84' lang='lat' dir='ltr'>constituti,</span> 
     </span>
     <span class='ocr_line' id='line_1_12' title="bbox 471 867 1214 913; baseline 0.003 -13"><span class='ocrx_word' id='word_1_58' title='bbox 471 873 498 900; x_wconf 93' lang='lat' dir='ltr'>ct</span> <span class='ocrx_word' id='word_1_59' title='bbox 518 873 590 900; x_wconf 88' lang='lat' dir='ltr'>tunc</span> <span class='ocrx_word' id='word_1_60' title='bbox 611 867 841 912; x_wconf 84' lang='lat' dir='ltr'>archiepiscopi</span> <span class='ocrx_word' id='word_1_61' title='bbox 863 869 1014 901; x_wconf 82' lang='lat' dir='ltr'>Nazareni</span> <span class='ocrx_word' id='word_1_62' title='bbox 1032 879 1068 901; x_wconf 90' lang='lat' dir='ltr'>ae</span> <span class='ocrx_word' id='word_1_63' title='bbox 1085 869 1214 913; x_wconf 77' lang='lat' dir='ltr'>Aposto-</span> 
     </span>
     <span class='ocr_line' id='line_1_13' title="bbox 471 921 1213 967; baseline 0.003 -13"><span class='ocrx_word' id='word_1_64' title='bbox 471 922 548 955; x_wconf 86' lang='lat' dir='ltr'>licae</span> <span class='ocrx_word' id='word_1_65' title='bbox 573 921 660 955; x_wconf 83' lang='lat' dir='ltr'>Sedis</span> <span class='ocrx_word' id='word_1_66' title='bbox 685 923 767 967; x_wconf 89' lang='lat' dir='ltr'>apud</span> <span class='ocrx_word' id='word_1_67' title='bbox 793 923 895 956; x_wconf 88' lang='lat' dir='ltr'>clarae</span> <span class='ocrx_word' id='word_1_68' title='bbox 913 923 1087 956; x_wconf 85' lang='lat' dir='ltr'>memoriae.</span> <span class='ocrx_word' id='word_1_69' title='bbox 1105 923 1213 956; x_wconf 87' lang='lat' dir='ltr'>llenri-</span> 
     </span>
     <span class='ocr_line' id='line_1_14' title="bbox 471 976 1211 1019; baseline 0.001 -11"><span class='ocrx_word' id='word_1_70' title='bbox 471 986 542 1008; x_wconf 87' lang='lat' dir='ltr'>cum</span> <span class='ocrx_word' id='word_1_71' title='bbox 559 976 752 1009; x_wconf 84' lang='lat' dir='ltr'>Francorum</span> <span class='ocrx_word' id='word_1_72' title='bbox 779 986 886 1019; x_wconf 86' lang='lat' dir='ltr'>regem</span> <span class='ocrx_word' id='word_1_73' title='bbox 917 976 1211 1009; x_wconf 87' lang='lat' dir='ltr'>christianissimum</span> 
     </span>
     <span class='ocr_line' id='line_1_15' title="bbox 448 1029 1212 1073; baseline 0 -11"><span class='ocrx_word' id='word_1_74' title='bbox 448 1029 594 1070; x_wconf 87' lang='lat' dir='ltr'>-nuncii,</span> <span class='ocrx_word' id='word_1_75' title='bbox 619 1029 793 1073; x_wconf 88' lang='lat' dir='ltr'>plurimum</span> <span class='ocrx_word' id='word_1_76' title='bbox 826 1030 857 1062; x_wconf 90' lang='lat' dir='ltr'>in</span> <span class='ocrx_word' id='word_1_77' title='bbox 889 1029 1022 1063; x_wconf 88' lang='lat' dir='ltr'>Domino</span> <span class='ocrx_word' id='word_1_78' title='bbox 1053 1029 1212 1070; x_wconf 80' lang='lat' dir='ltr'>conlisus,</span> 
     </span>
     <span class='ocr_line' id='line_1_16' title="bbox 471 1083 1212 1127; baseline -0.001 -11"><span class='ocrx_word' id='word_1_79' title='bbox 471 1083 580 1116; x_wconf 89' lang='lat' dir='ltr'>eidem.</span> <span class='ocrx_word' id='word_1_80' title='bbox 599 1083 749 1127; x_wconf 86' lang='lat' dir='ltr'>Mapliaeo</span> <span class='ocrx_word' id='word_1_81' title='bbox 767 1083 928 1124; x_wconf 80' lang='lat' dir='ltr'>cardinali,</span> <span class='ocrx_word' id='word_1_82' title='bbox 946 1089 975 1116; x_wconf 89' lang='lat' dir='ltr'>et</span> <span class='ocrx_word' id='word_1_83' title='bbox 991 1093 1050 1127; x_wconf 88' lang='lat' dir='ltr'>pro</span> <span class='ocrx_word' id='word_1_84' title='bbox 1071 1089 1212 1127; x_wconf 89' lang='lat' dir='ltr'>tempore</span> 
     </span>
     <span class='ocr_line' id='line_1_17' title="bbox 471 1136 1213 1180; baseline 0 -10"><span class='ocrx_word' id='word_1_85' title='bbox 471 1137 572 1170; x_wconf 85' lang='lat' dir='ltr'>dictae</span> <span class='ocrx_word' id='word_1_86' title='bbox 604 1137 692 1170; x_wconf 87' lang='lat' dir='ltr'>Sedis</span> <span class='ocrx_word' id='word_1_87' title='bbox 723 1137 838 1171; x_wconf 91' lang='lat' dir='ltr'>nuncio</span> <span class='ocrx_word' id='word_1_88' title='bbox 864 1137 894 1170; x_wconf 91' lang='lat' dir='ltr'>in</span> <span class='ocrx_word' id='word_1_89' title='bbox 924 1147 1022 1180; x_wconf 87' lang='lat' dir='ltr'>regno</span> <span class='ocrx_word' id='word_1_90' title='bbox 1051 1136 1213 1180; x_wconf 86' lang='lat' dir='ltr'>praedicto</span> 
     </span>
     <span class='ocr_line' id='line_1_18' title="bbox 471 1191 1212 1234; baseline -0.001 -10"><span class='ocrx_word' id='word_1_91' title='bbox 471 1191 700 1231; x_wconf 80' lang='lat' dir='ltr'>commoranti,</span> <span class='ocrx_word' id='word_1_92' title='bbox 724 1196 757 1225; x_wconf 93' lang='lat' dir='ltr'>ut</span> <span class='ocrx_word' id='word_1_93' title='bbox 782 1191 914 1234; x_wconf 81' lang='lat' dir='ltr'>singulis</span> <span class='ocrx_word' id='word_1_94' title='bbox 940 1191 1082 1225; x_wconf 73' lang='lat' dir='ltr'>trienniis</span> <span class='ocrx_word' id='word_1_95' title='bbox 1100 1191 1212 1233; x_wconf 82' lang='lat' dir='ltr'>(donee</span> 
     </span>
     <span class='ocr_line' id='line_1_19' title="bbox 471 1243 1213 1289; baseline -0.001 -12"><span class='ocrx_word' id='word_1_96' title='bbox 471 1244 554 1277; x_wconf 89' lang='lat' dir='ltr'>aliud</span> <span class='ocrx_word' id='word_1_97' title='bbox 581 1245 664 1278; x_wconf 87' lang='lat' dir='ltr'>circa</span> <span class='ocrx_word' id='word_1_98' title='bbox 688 1244 859 1289; x_wconf 88' lang='lat' dir='ltr'>praemissa</span> <span class='ocrx_word' id='word_1_99' title='bbox 877 1244 916 1277; x_wconf 85' lang='lat' dir='ltr'>ab</span> <span class='ocrx_word' id='word_1_100' title='bbox 933 1244 1113 1288; x_wconf 72' lang='lat' dir='ltr'>Apostolica</span> <span class='ocrx_word' id='word_1_101' title='bbox 1134 1243 1213 1277; x_wconf 85' lang='lat' dir='ltr'>Sede</span> 
     </span>
     <span class='ocr_line' id='line_1_20' title="bbox 472 1297 1213 1338; baseline -0.001 -7"><span class='ocrx_word' id='word_1_102' title='bbox 472 1298 652 1331; x_wconf 89' lang='lat' dir='ltr'>mandatum</span> <span class='ocrx_word' id='word_1_103' title='bbox 676 1298 765 1338; x_wconf 87' lang='lat' dir='ltr'>soret,</span> <span class='ocrx_word' id='word_1_104' title='bbox 783 1303 811 1330; x_wconf 89' lang='lat' dir='ltr'>et</span> <span class='ocrx_word' id='word_1_105' title='bbox 838 1297 973 1331; x_wconf 83' lang='lat' dir='ltr'>etiamsi</span> <span class='ocrx_word' id='word_1_106' title='bbox 1000 1297 1073 1330; x_wconf 87' lang='lat' dir='ltr'>dicti</span> <span class='ocrx_word' id='word_1_107' title='bbox 1099 1298 1213 1330; x_wconf 82' lang='lat' dir='ltr'>fratres</span> 
     </span>
     <span class='ocr_line' id='line_1_21' title="bbox 471 1351 1213 1386; baseline -0.003 -1"><span class='ocrx_word' id='word_1_108' title='bbox 471 1351 655 1386; x_wconf 86' lang='lat' dir='ltr'>Carmelitae</span> <span class='ocrx_word' id='word_1_109' title='bbox 673 1351 854 1385; x_wconf 84' lang='lat' dir='ltr'>Discalceati</span> <span class='ocrx_word' id='word_1_110' title='bbox 872 1357 944 1384; x_wconf 88' lang='lat' dir='ltr'>tunc</span> <span class='ocrx_word' id='word_1_111' title='bbox 963 1351 1023 1384; x_wconf 87' lang='lat' dir='ltr'>iain</span> <span class='ocrx_word' id='word_1_112' title='bbox 1040 1351 1147 1384; x_wconf 81' lang='lat' dir='ltr'>forsan</span> <span class='ocrx_word' id='word_1_113' title='bbox 1161 1351 1213 1384; x_wconf 81' lang='lat' dir='ltr'>Pa·</span> 
     </span>
    </p>
   </div>
   <div class='ocr_carea' id='block_1_3' title="bbox 472 1405 1223 1448">
    <p class='ocr_par' dir='ltr' id='par_1_3' title="bbox 472 1405 1223 1448">
     <span class='ocr_line' id='line_1_22' title="bbox 472 1405 1223 1448; baseline -0.003 -10"><span class='ocrx_word' id='word_1_114' title='bbox 472 1405 565 1447; x_wconf 78' lang='lat' dir='ltr'>risiis,</span> <span class='ocrx_word' id='word_1_115' title='bbox 591 1406 638 1438; x_wconf 92' lang='lat' dir='ltr'>vel</span> <span class='ocrx_word' id='word_1_116' title='bbox 663 1405 747 1445; x_wconf 87' lang='lat' dir='ltr'>alibi,</span> <span class='ocrx_word' id='word_1_117' title='bbox 769 1405 901 1438; x_wconf 86' lang='lat' dir='ltr'>indicto</span> <span class='ocrx_word' id='word_1_118' title='bbox 925 1415 1024 1448; x_wconf 84' lang='lat' dir='ltr'>regno</span> <span class='ocrx_word' id='word_1_119' title='bbox 1042 1410 1223 1438; x_wconf 78' lang='lat' dir='ltr'>conventus.</span> 
     </span>
    </p>
   </div>
   <div class='ocr_carea' id='block_1_4' title="bbox 470 1458 1218 2468">
    <p class='ocr_par' dir='ltr' id='par_1_4' title="bbox 470 1458 1218 2468">
     <span class='ocr_line' id='line_1_23' title="bbox 471 1458 1212 1502; baseline -0.004 -9"><span class='ocrx_word' id='word_1_120' title='bbox 471 1459 659 1500; x_wconf 82' lang='lat' dir='ltr'>obtinerent,</span> <span class='ocrx_word' id='word_1_121' title='bbox 669 1464 721 1492; x_wconf 87' lang='lat' dir='ltr'>aut</span> <span class='ocrx_word' id='word_1_122' title='bbox 734 1458 941 1502; x_wconf 86' lang='lat' dir='ltr'>imposterum</span> <span class='ocrx_word' id='word_1_123' title='bbox 956 1458 1212 1502; x_wconf 82' lang='lat' dir='ltr'>assequerentur)</span> 
     </span>
     <span class='ocr_line' id='line_1_24' title="bbox 471 1512 1214 1557; baseline -0.004 -11"><span class='ocrx_word' id='word_1_124' title='bbox 471 1513 606 1557; x_wconf 81' lang='lat' dir='ltr'>aliquem</span> <span class='ocrx_word' id='word_1_125' title='bbox 620 1513 838 1557; x_wconf 51' lang='lat' dir='ltr'>presbyterum</span> <span class='ocrx_word' id='word_1_126' title='bbox 849 1512 1023 1545; x_wconf 85' lang='lat' dir='ltr'>secularem</span> <span class='ocrx_word' id='word_1_127' title='bbox 1034 1516 1133 1544; x_wconf 83' lang='lat' dir='ltr'>aetate</span> <span class='ocrx_word' id='word_1_128' title='bbox 1146 1522 1214 1554; x_wconf 77' lang='lat' dir='ltr'>gra-</span> 
     </span>
     <span class='ocr_line' id='line_1_25' title="bbox 471 1563 1213 1609; baseline -0.001 -12"><span class='ocrx_word' id='word_1_129' title='bbox 471 1577 539 1599; x_wconf 90' lang='lat' dir='ltr'>vem</span> <span class='ocrx_word' id='word_1_130' title='bbox 564 1577 599 1599; x_wconf 85' lang='lat' dir='ltr'>ac</span> <span class='ocrx_word' id='word_1_131' title='bbox 627 1566 706 1598; x_wconf 89' lang='lat' dir='ltr'>vitae</span> <span class='ocrx_word' id='word_1_132' title='bbox 723 1571 750 1598; x_wconf 80' lang='lat' dir='ltr'>et</span> <span class='ocrx_word' id='word_1_133' title='bbox 770 1565 934 1609; x_wconf 85' lang='lat' dir='ltr'>probitatis</span> <span class='ocrx_word' id='word_1_134' title='bbox 959 1563 1136 1608; x_wconf 83' lang='lat' dir='ltr'>spectatae¹</span> <span class='ocrx_word' id='word_1_135' title='bbox 1163 1564 1213 1607; x_wconf 80' lang='lat' dir='ltr'>(ex</span> 
     </span>
     <span class='ocr_line' id='line_1_26' title="bbox 471 1618 1214 1663; baseline -0.004 -10"><span class='ocrx_word' id='word_1_136' title='bbox 471 1619 593 1653; x_wconf 89' lang='lat' dir='ltr'>duobus</span> <span class='ocrx_word' id='word_1_137' title='bbox 606 1619 663 1652; x_wconf 87' lang='lat' dir='ltr'>sibi</span> <span class='ocrx_word' id='word_1_138' title='bbox 678 1618 929 1663; x_wconf 73' lang='lat' dir='ltr'>perpraedietos</span> <span class='ocrx_word' id='word_1_139' title='bbox 943 1618 1214 1651; x_wconf 72' lang='lat' dir='ltr'>administiatores</span> 
     </span>
     <span class='ocr_line' id='line_1_27' title="bbox 471 1672 1213 1717; baseline -0.004 -10"><span class='ocrx_word' id='word_1_140' title='bbox 471 1673 669 1707; x_wconf 82' lang='lat' dir='ltr'>nominandis</span> <span class='ocrx_word' id='word_1_141' title='bbox 693 1684 728 1706; x_wconf 86' lang='lat' dir='ltr'>ac</span> <span class='ocrx_word' id='word_1_142' title='bbox 754 1672 1001 1717; x_wconf 59' lang='lat' dir='ltr'>praesentandis)</span> <span class='ocrx_word' id='word_1_143' title='bbox 1027 1672 1057 1705; x_wconf 95' lang='lat' dir='ltr'>in</span> <span class='ocrx_word' id='word_1_144' title='bbox 1079 1672 1213 1705; x_wconf 88' lang='lat' dir='ltr'>visitato-</span> 
     </span>
     <span class='ocr_line' id='line_1_28' title="bbox 471 1727 1214 1762; baseline -0.001 -1"><span class='ocrx_word' id='word_1_145' title='bbox 471 1734 571 1762; x_wconf 90' lang='lat' dir='ltr'>torem</span> <span class='ocrx_word' id='word_1_146' title='bbox 585 1727 658 1760; x_wconf 86' lang='lat' dir='ltr'>dicti</span> <span class='ocrx_word' id='word_1_147' title='bbox 674 1733 703 1760; x_wconf 85' lang='lat' dir='ltr'>et</span> <span class='ocrx_word' id='word_1_148' title='bbox 720 1727 855 1760; x_wconf 86' lang='lat' dir='ltr'>aliorum</span> <span class='ocrx_word' id='word_1_149' title='bbox 870 1727 1136 1760; x_wconf 72' lang='lat' dir='ltr'>monasteriorum</span> <span class='ocrx_word' id='word_1_150' title='bbox 1150 1736 1214 1760; x_wconf 90' lang='lat' dir='ltr'>mo-</span> 
     </span>
     <span class='ocr_line' id='line_1_29' title="bbox 470 1780 1212 1815; baseline -0.004 0"><span class='ocrx_word' id='word_1_151' title='bbox 470 1782 601 1815; x_wconf 86' lang='lat' dir='ltr'>nialium</span> <span class='ocrx_word' id='word_1_152' title='bbox 625 1781 864 1815; x_wconf 85' lang='lat' dir='ltr'>Carmelitarum</span> <span class='ocrx_word' id='word_1_153' title='bbox 890 1780 1154 1813; x_wconf 84' lang='lat' dir='ltr'>Discalceatarum</span> <span class='ocrx_word' id='word_1_154' title='bbox 1181 1780 1212 1813; x_wconf 90' lang='lat' dir='ltr'>in</span> 
     </span>
     <span class='ocr_line' id='line_1_30' title="bbox 471 1833 1214 1878; baseline -0.003 -10"><span class='ocrx_word' id='word_1_155' title='bbox 471 1835 554 1869; x_wconf 85' lang='lat' dir='ltr'>(licto</span> <span class='ocrx_word' id='word_1_156' title='bbox 568 1845 668 1878; x_wconf 83' lang='lat' dir='ltr'>regno</span> <span class='ocrx_word' id='word_1_157' title='bbox 685 1840 814 1867; x_wconf 85' lang='lat' dir='ltr'>eatenus</span> <span class='ocrx_word' id='word_1_158' title='bbox 827 1839 1006 1867; x_wconf 66' lang='lat' dir='ltr'>erm—torum</span> <span class='ocrx_word' id='word_1_159' title='bbox 1023 1838 1049 1866; x_wconf 84' lang='lat' dir='ltr'>et</span> <span class='ocrx_word' id='word_1_160' title='bbox 1066 1833 1214 1877; x_wconf 79' lang='lat' dir='ltr'>deinceps</span> 
     </span>
     <span class='ocr_line' id='line_1_31' title="bbox 472 1887 1215 1932; baseline -0.004 -10"><span class='ocrx_word' id='word_1_161' title='bbox 472 1889 696 1932; x_wconf 75' lang='lat' dir='ltr'>erigendorum</span> <span class='ocrx_word' id='word_1_162' title='bbox 716 1888 876 1932; x_wconf 77' lang='lat' dir='ltr'>deputare,</span> <span class='ocrx_word' id='word_1_163' title='bbox 895 1899 929 1921; x_wconf 86' lang='lat' dir='ltr'>ae</span> <span class='ocrx_word' id='word_1_164' title='bbox 946 1887 1035 1921; x_wconf 88' lang='lat' dir='ltr'>illum</span> <span class='ocrx_word' id='word_1_165' title='bbox 1056 1887 1101 1921; x_wconf 86' lang='lat' dir='ltr'>sic</span> <span class='ocrx_word' id='word_1_166' title='bbox 1118 1887 1215 1931; x_wconf 86' lang='lat' dir='ltr'>depu-</span> 
     </span>
     <span class='ocr_line' id='line_1_32' title="bbox 473 1940 1212 1976; baseline -0.003 -1"><span class='ocrx_word' id='word_1_167' title='bbox 473 1942 587 1976; x_wconf 65' lang='lat' dir='ltr'>taium²</span> <span class='ocrx_word' id='word_1_168' title='bbox 610 1943 676 1976; x_wconf 83' lang='lat' dir='ltr'>eius</span> <span class='ocrx_word' id='word_1_169' title='bbox 689 1942 821 1975; x_wconf 87' lang='lat' dir='ltr'>arbitrio</span> <span class='ocrx_word' id='word_1_170' title='bbox 835 1941 928 1975; x_wconf 87' lang='lat' dir='ltr'>etiam</span> <span class='ocrx_word' id='word_1_171' title='bbox 949 1941 1027 1974; x_wconf 86' lang='lat' dir='ltr'>insi-a</span> <span class='ocrx_word' id='word_1_172' title='bbox 1043 1940 1212 1974; x_wconf 85' lang='lat' dir='ltr'>triennium</span> 
     </span>
     <span class='ocr_line' id='line_1_33' title="bbox 472 1993 1215 2036; baseline -0.005 -7"><span class='ocrx_word' id='word_1_173' title='bbox 472 2006 632 2036; x_wconf 83' lang='lat' dir='ltr'>revocare,</span> <span class='ocrx_word' id='word_1_174' title='bbox 647 2006 692 2036; x_wconf 85' lang='lat' dir='ltr'>ac,</span> <span class='ocrx_word' id='word_1_175' title='bbox 707 1995 795 2029; x_wconf 89' lang='lat' dir='ltr'>linito</span> <span class='ocrx_word' id='word_1_176' title='bbox 809 1994 954 2032; x_wconf 75' lang='lat' dir='ltr'>triennio,</span> <span class='ocrx_word' id='word_1_177' title='bbox 969 1993 1007 2026; x_wconf 82' lang='lat' dir='ltr'>ad</span> <span class='ocrx_word' id='word_1_178' title='bbox 1021 1993 1105 2026; x_wconf 88' lang='lat' dir='ltr'>aliud</span> <span class='ocrx_word' id='word_1_179' title='bbox 1124 1993 1215 2026; x_wconf 90' lang='lat' dir='ltr'>trien-</span> 
     </span>
     <span class='ocr_line' id='line_1_34' title="bbox 473 2047 1214 2088; baseline -0.004 -6"><span class='ocrx_word' id='word_1_180' title='bbox 473 2050 571 2086; x_wconf 78' lang='lat' dir='ltr'>nium.</span> <span class='ocrx_word' id='word_1_181' title='bbox 597 2054 625 2082; x_wconf 89' lang='lat' dir='ltr'>et</span> <span class='ocrx_word' id='word_1_182' title='bbox 650 2059 713 2082; x_wconf 91' lang='lat' dir='ltr'>non</span> <span class='ocrx_word' id='word_1_183' title='bbox 739 2049 830 2087; x_wconf 84' lang='lat' dir='ltr'>ultra,</span> <span class='ocrx_word' id='word_1_184' title='bbox 857 2048 1058 2088; x_wconf 81' lang='lat' dir='ltr'>confirmare,</span> <span class='ocrx_word' id='word_1_185' title='bbox 1076 2047 1214 2080; x_wconf 81' lang='lat' dir='ltr'>auctori·</span> 
     </span>
     <span class='ocr_line' id='line_1_35' title="bbox 474 2101 1216 2147; baseline -0.003 -12"><span class='ocrx_word' id='word_1_186' title='bbox 474 2108 534 2135; x_wconf 89' lang='lat' dir='ltr'>tate</span> <span class='ocrx_word' id='word_1_187' title='bbox 559 2103 740 2147; x_wconf 71' lang='lat' dir='ltr'>apostolica,</span> <span class='ocrx_word' id='word_1_188' title='bbox 767 2108 869 2146; x_wconf 85' lang='lat' dir='ltr'>posset</span> <span class='ocrx_word' id='word_1_189' title='bbox 888 2107 917 2135; x_wconf 84' lang='lat' dir='ltr'>ct</span> <span class='ocrx_word' id='word_1_190' title='bbox 938 2102 1064 2142; x_wconf 80' lang='lat' dir='ltr'>valeret,</span> <span class='ocrx_word' id='word_1_191' title='bbox 1090 2101 1216 2134; x_wconf 81' lang='lat' dir='ltr'>faculta-</span> 
     </span>
     <span class='ocr_line' id='line_1_36' title="bbox 474 2155 1216 2198; baseline -0.003 -9"><span class='ocrx_word' id='word_1_192' title='bbox 474 2162 535 2190; x_wconf 86' lang='lat' dir='ltr'>tem</span> <span class='ocrx_word' id='word_1_193' title='bbox 551 2162 577 2189; x_wconf 81' lang='lat' dir='ltr'>ct</span> <span class='ocrx_word' id='word_1_194' title='bbox 594 2156 812 2189; x_wconf 71' lang='lat' dir='ltr'>alletoritatem</span> <span class='ocrx_word' id='word_1_195' title='bbox 826 2155 1015 2189; x_wconf 73' lang='lat' dir='ltr'>concesserit</span> <span class='ocrx_word' id='word_1_196' title='bbox 1031 2161 1058 2187; x_wconf 67' lang='lat' dir='ltr'>ct</span> <span class='ocrx_word' id='word_1_197' title='bbox 1079 2155 1216 2198; x_wconf 84' lang='lat' dir='ltr'>imperti-</span> 
     </span>
     <span class='ocr_line' id='line_1_37' title="bbox 475 2208 1214 2252; baseline -0.003 -9"><span class='ocrx_word' id='word_1_198' title='bbox 475 2216 523 2243; x_wconf 81' lang='lat' dir='ltr'>tus</span> <span class='ocrx_word' id='word_1_199' title='bbox 541 2210 651 2249; x_wconf 66' lang='lat' dir='ltr'>suci-it:</span> <span class='ocrx_word' id='word_1_200' title='bbox 670 2221 705 2243; x_wconf 85' lang='lat' dir='ltr'>ae</span> <span class='ocrx_word' id='word_1_201' title='bbox 724 2209 874 2241; x_wconf 67' lang='lat' dir='ltr'>visitatori</span> <span class='ocrx_word' id='word_1_202' title='bbox 897 2209 958 2247; x_wconf 74' lang='lat' dir='ltr'>sic,</span> <span class='ocrx_word' id='word_1_203' title='bbox 980 2212 1010 2242; x_wconf 88' lang='lat' dir='ltr'>ul</span> <span class='ocrx_word' id='word_1_204' title='bbox 1029 2208 1214 2252; x_wconf 84' lang='lat' dir='ltr'>praefertur,</span> 
     </span>
     <span class='ocr_line' id='line_1_38' title="bbox 475 2261 1215 2307; baseline -0.003 -12"><span class='ocrx_word' id='word_1_205' title='bbox 475 2265 636 2307; x_wconf 85' lang='lat' dir='ltr'>deputato,</span> <span class='ocrx_word' id='word_1_206' title='bbox 661 2263 714 2295; x_wconf 86' lang='lat' dir='ltr'>ut³</span> <span class='ocrx_word' id='word_1_207' title='bbox 738 2262 955 2306; x_wconf 64' lang='lat' dir='ltr'>praedit-tuin,</span> <span class='ocrx_word' id='word_1_208' title='bbox 987 2272 1044 2294; x_wconf 84' lang='lat' dir='ltr'>nec</span> <span class='ocrx_word' id='word_1_209' title='bbox 1069 2271 1132 2295; x_wconf 89' lang='lat' dir='ltr'>non</span> <span class='ocrx_word' id='word_1_210' title='bbox 1157 2261 1215 2294; x_wconf 89' lang='lat' dir='ltr'>alia</span> 
     </span>
     <span class='ocr_line' id='line_1_39' title="bbox 474 2315 1212 2361; baseline -0.003 -12"><span class='ocrx_word' id='word_1_211' title='bbox 474 2327 691 2361; x_wconf 84' lang='lat' dir='ltr'>quaecumque</span> <span class='ocrx_word' id='word_1_212' title='bbox 714 2316 904 2349; x_wconf 82' lang='lat' dir='ltr'>monasteria</span> <span class='ocrx_word' id='word_1_213' title='bbox 935 2315 1118 2349; x_wconf 85' lang='lat' dir='ltr'>monialium</span> <span class='ocrx_word' id='word_1_214' title='bbox 1144 2315 1212 2359; x_wconf 78' lang='lat' dir='ltr'>pri-</span> 
     </span>
     <span class='ocr_line' id='line_1_40' title="bbox 476 2368 1217 2413; baseline 0 -11"><span class='ocrx_word' id='word_1_215' title='bbox 476 2370 602 2404; x_wconf 87' lang='lat' dir='ltr'>inodicti</span> <span class='ocrx_word' id='word_1_216' title='bbox 628 2370 752 2403; x_wconf 81' lang='lat' dir='ltr'>Ordinis</span> <span class='ocrx_word' id='word_1_217' title='bbox 778 2370 807 2401; x_wconf 92' lang='lat' dir='ltr'>in</span> <span class='ocrx_word' id='word_1_218' title='bbox 834 2374 898 2402; x_wconf 92' lang='lat' dir='ltr'>toto</span> <span class='ocrx_word' id='word_1_219' title='bbox 924 2380 1021 2412; x_wconf 81' lang='lat' dir='ltr'>regno</span> <span class='ocrx_word' id='word_1_220' title='bbox 1055 2368 1217 2413; x_wconf 82' lang='lat' dir='ltr'>praedicto</span> 
     </span>
     <span class='ocr_line' id='line_1_41' title="bbox 476 2428 1218 2468; baseline -0.001 -12"><span class='ocrx_word' id='word_1_221' title='bbox 476 2429 548 2457; x_wconf 85' lang='lat' dir='ltr'>tunc</span> <span class='ocrx_word' id='word_1_222' title='bbox 567 2429 594 2457; x_wconf 87' lang='lat' dir='ltr'>et</span> <span class='ocrx_word' id='word_1_223' title='bbox 612 2434 670 2468; x_wconf 88' lang='lat' dir='ltr'>pro</span> <span class='ocrx_word' id='word_1_224' title='bbox 684 2429 829 2467; x_wconf 86' lang='lat' dir='ltr'>tempora</span> <span class='ocrx_word' id='word_1_225' title='bbox 846 2428 960 2464; x_wconf 85' lang='lat' dir='ltr'>crecta,</span> <span class='ocrx_word' id='word_1_226' title='bbox 979 2433 1153 2466; x_wconf 82' lang='lat' dir='ltr'>eorumque</span> <span class='ocrx_word' id='word_1_227' title='bbox 1171 2433 1218 2455; x_wconf 89' lang='lat' dir='ltr'>su-</span> 
     </span>
    </p>
   </div>
   <div class='ocr_carea' id='block_1_5' title="bbox 477 2520 1220 2734">
    <p class='ocr_par' dir='ltr' id='par_1_5' title="bbox 478 2520 1218 2600">
     <span class='ocr_line' id='line_1_42' title="bbox 515 2520 1218 2557; baseline 0 -10"><span class='ocrx_word' id='word_1_228' title='bbox 515 2523 521 2547; x_wconf 90' lang='grc'>1</span> <span class='ocrx_word' id='word_1_229' title='bbox 543 2522 634 2557; x_wconf 75' lang='lat' dir='ltr'>Aptius</span> <span class='ocrx_word' id='word_1_230' title='bbox 655 2522 680 2548; x_wconf 88' lang='lat' dir='ltr'>in</span> <span class='ocrx_word' id='word_1_231' title='bbox 697 2521 756 2548; x_wconf 86' lang='lat' dir='ltr'>loco</span> <span class='ocrx_word' id='word_1_232' title='bbox 773 2521 900 2557; x_wconf 77' lang='lat' dir='ltr'>parallelo</span> <span class='ocrx_word' id='word_1_233' title='bbox 916 2520 1006 2548; x_wconf 84' lang='lat' dir='ltr'>Const.</span> <span class='ocrx_word' id='word_1_234' title='bbox 1024 2520 1099 2547; x_wconf 78' lang='lat' dir='ltr'>Pauli</span> <span class='ocrx_word' id='word_1_235' title='bbox 1116 2521 1137 2546; x_wconf 70' lang='lat' dir='ltr'>V</span> <span class='ocrx_word' id='word_1_236' title='bbox 1154 2520 1218 2556; x_wconf 81' lang='lat' dir='ltr'>legi-</span> 
     </span>
     <span class='ocr_line' id='line_1_43' title="bbox 478 2565 1209 2600; baseline 0.001 -10"><span class='ocrx_word' id='word_1_237' title='bbox 478 2569 519 2591; x_wconf 83' lang='lat' dir='ltr'>tur</span> <span class='ocrx_word' id='word_1_238' title='bbox 535 2567 608 2592; x_wconf 75' lang='lat' dir='ltr'>ritae</span> <span class='ocrx_word' id='word_1_239' title='bbox 621 2566 765 2600; x_wconf 74' lang='lat' dir='ltr'>probitate</span> <span class='ocrx_word' id='word_1_240' title='bbox 780 2568 938 2600; x_wconf 77' lang='lat' dir='ltr'>spectatum</span> <span class='ocrx_word' id='word_1_241' title='bbox 955 2567 993 2597; x_wconf 86' lang='lat' dir='ltr'>(n.</span> <span class='ocrx_word' id='word_1_242' title='bbox 1009 2565 1058 2597; x_wconf 89' lang='lat' dir='ltr'>T.).</span> <span class='ocrx_word' id='word_1_243' title='bbox 1201 2569 1209 2571; x_wconf 63' lang='grc'><em>”</em></span> 
     </span>
    </p>

    <p class='ocr_par' dir='ltr' id='par_1_6' title="bbox 477 2609 1220 2688">
     <span class='ocr_line' id='line_1_44' title="bbox 511 2609 1220 2644; baseline 0 -8"><span class='ocrx_word' id='word_1_244' title='bbox 511 2610 527 2636; x_wconf 74' lang='lat'><strong>2</strong></span> <span class='ocrx_word' id='word_1_245' title='bbox 552 2611 699 2644; x_wconf 82' lang='lat' dir='ltr'>l&#39;erperam</span> <span class='ocrx_word' id='word_1_246' title='bbox 727 2609 792 2637; x_wconf 90' lang='lat' dir='ltr'>edit.</span> <span class='ocrx_word' id='word_1_247' title='bbox 814 2609 893 2637; x_wconf 83' lang='lat' dir='ltr'>Maia.</span> <span class='ocrx_word' id='word_1_248' title='bbox 915 2609 978 2644; x_wconf 84' lang='lat' dir='ltr'>legit</span> <span class='ocrx_word' id='word_1_249' title='bbox 997 2609 1161 2644; x_wconf 76' lang='lat' dir='ltr'>deputatae,</span> <span class='ocrx_word' id='word_1_250' title='bbox 1187 2617 1220 2637; x_wconf 84' lang='lat' dir='ltr'>ac</span> 
     </span>
     <span class='ocr_line' id='line_1_45' title="bbox 477 2655 773 2688; baseline 0.003 -8"><span class='ocrx_word' id='word_1_251' title='bbox 477 2655 660 2688; x_wconf 68' lang='lat' dir='ltr'>deputandae</span> <span class='ocrx_word' id='word_1_252' title='bbox 676 2657 712 2687; x_wconf 73' lang='lat' dir='ltr'>(n.</span> <span class='ocrx_word' id='word_1_253' title='bbox 725 2656 773 2688; x_wconf 83' lang='lat' dir='ltr'>T.).</span> 
     </span>
    </p>

    <p class='ocr_par' dir='ltr' id='par_1_7' title="bbox 512 2699 1056 2734">
     <span class='ocr_line' id='line_1_46' title="bbox 512 2699 1056 2734; baseline -0.002 -7"><span class='ocrx_word' id='word_1_254' title='bbox 512 2699 528 2727; x_wconf 82' lang='lat'><strong>3</strong></span> <span class='ocrx_word' id='word_1_255' title='bbox 548 2699 684 2728; x_wconf 77' lang='lat' dir='ltr'>Partieula</span> <span class='ocrx_word' id='word_1_256' title='bbox 699 2703 730 2729; x_wconf 74' lang='grc' dir='ltr'>ιιι</span> <span class='ocrx_word' id='word_1_257' title='bbox 750 2708 799 2728; x_wconf 87' lang='lat' dir='ltr'>nos</span> <span class='ocrx_word' id='word_1_258' title='bbox 813 2699 937 2728; x_wconf 80' lang='lat' dir='ltr'>addimus</span> <span class='ocrx_word' id='word_1_259' title='bbox 953 2703 992 2734; x_wconf 80' lang='lat' dir='ltr'>(n.</span> <span class='ocrx_word' id='word_1_260' title='bbox 1009 2700 1056 2734; x_wconf 87' lang='grc' dir='ltr'>τ.).</span> 
     </span>
    </p>
   </div>
   <div class='ocr_carea' id='block_1_6' title="bbox 1037 285 1397 312">
    <p class='ocr_par' dir='ltr' id='par_1_8' title="bbox 1037 285 1397 312">
     <span class='ocr_line' id='line_1_47' title="bbox 1037 285 1397 312; baseline 0 0"><span class='ocrx_word' id='word_1_261' title='bbox 1037 285 1217 312; x_wconf 72' lang='lat' dir='ltr'><strong>BL&#39;LLARIL&#39;M</strong></span> <span class='ocrx_word' id='word_1_262' title='bbox 1242 286 1397 312; x_wconf 66' lang='lat' dir='ltr'>Romnum</span> 
     </span>
    </p>
   </div>
   <div class='ocr_carea' id='block_1_7' title="bbox 1246 334 1990 1391">
    <p class='ocr_par' dir='ltr' id='par_1_9' title="bbox 1246 334 1990 1391">
     <span class='ocr_line' id='line_1_48' title="bbox 1247 334 1988 381; baseline 0.005 -13"><span class='ocrx_word' id='word_1_263' title='bbox 1247 335 1401 380; x_wconf 88' lang='lat' dir='ltr'>periores,</span> <span class='ocrx_word' id='word_1_264' title='bbox 1415 334 1588 369; x_wconf 83' lang='lat' dir='ltr'>abbatissas</span> <span class='ocrx_word' id='word_1_265' title='bbox 1609 346 1665 369; x_wconf 88' lang='lat' dir='ltr'>seu</span> <span class='ocrx_word' id='word_1_266' title='bbox 1685 338 1864 381; x_wconf 86' lang='lat' dir='ltr'>priorissas,</span> <span class='ocrx_word' id='word_1_267' title='bbox 1878 344 1907 371; x_wconf 88' lang='lat' dir='ltr'>et</span> <span class='ocrx_word' id='word_1_268' title='bbox 1924 347 1988 372; x_wconf 90' lang='lat' dir='ltr'>mo-</span> 
     </span>
     <span class='ocr_line' id='line_1_49' title="bbox 1248 389 1988 435; baseline 0.004 -13"><span class='ocrx_word' id='word_1_269' title='bbox 1248 389 1356 430; x_wconf 88' lang='lat' dir='ltr'>niales,</span> <span class='ocrx_word' id='word_1_270' title='bbox 1370 394 1553 432; x_wconf 84' lang='lat' dir='ltr'>ceterasque</span> <span class='ocrx_word' id='word_1_271' title='bbox 1567 399 1719 433; x_wconf 80' lang='lat' dir='ltr'>personas</span> <span class='ocrx_word' id='word_1_272' title='bbox 1735 391 1766 423; x_wconf 93' lang='lat' dir='ltr'>in</span> <span class='ocrx_word' id='word_1_273' title='bbox 1781 391 1826 424; x_wconf 90' lang='lat' dir='ltr'>eis</span> <span class='ocrx_word' id='word_1_274' title='bbox 1839 391 1988 435; x_wconf 83' lang='lat' dir='ltr'>degentes</span> 
     </span>
     <span class='ocr_line' id='line_1_50' title="bbox 1248 441 1989 486; baseline 0.004 -12"><span class='ocrx_word' id='word_1_275' title='bbox 1248 441 1384 482; x_wconf 86' lang='lat' dir='ltr'>visitare,</span> <span class='ocrx_word' id='word_1_276' title='bbox 1408 452 1444 475; x_wconf 86' lang='lat' dir='ltr'>ac</span> <span class='ocrx_word' id='word_1_277' title='bbox 1461 445 1524 475; x_wconf 88' lang='lat' dir='ltr'>tam</span> <span class='ocrx_word' id='word_1_278' title='bbox 1543 442 1574 474; x_wconf 91' lang='lat' dir='ltr'>in</span> <span class='ocrx_word' id='word_1_279' title='bbox 1596 442 1696 486; x_wconf 85' lang='lat' dir='ltr'>capite</span> <span class='ocrx_word' id='word_1_280' title='bbox 1720 453 1814 486; x_wconf 89' lang='lat' dir='ltr'>quam</span> <span class='ocrx_word' id='word_1_281' title='bbox 1838 444 1870 476; x_wconf 93' lang='lat' dir='ltr'>in</span> <span class='ocrx_word' id='word_1_282' title='bbox 1894 454 1989 477; x_wconf 92' lang='lat' dir='ltr'>mem-</span> 
     </span>
     <span class='ocr_line' id='line_1_51' title="bbox 1246 494 1988 539; baseline 0.004 -12"><span class='ocrx_word' id='word_1_283' title='bbox 1246 495 1313 528; x_wconf 90' lang='lat' dir='ltr'>bris</span> <span class='ocrx_word' id='word_1_284' title='bbox 1336 494 1508 538; x_wconf 78' lang='lat' dir='ltr'>corrigere,</span> <span class='ocrx_word' id='word_1_285' title='bbox 1533 495 1708 528; x_wconf 82' lang='lat' dir='ltr'>reformare</span> <span class='ocrx_word' id='word_1_286' title='bbox 1732 506 1768 529; x_wconf 87' lang='lat' dir='ltr'>ac</span> <span class='ocrx_word' id='word_1_287' title='bbox 1796 495 1827 528; x_wconf 89' lang='lat' dir='ltr'>in</span> <span class='ocrx_word' id='word_1_288' title='bbox 1850 496 1988 539; x_wconf 82' lang='lat' dir='ltr'>singula-</span> 
     </span>
     <span class='ocr_line' id='line_1_52' title="bbox 1248 547 1988 593; baseline 0.004 -14"><span class='ocrx_word' id='word_1_289' title='bbox 1248 558 1317 580; x_wconf 90' lang='lat' dir='ltr'>rum</span> <span class='ocrx_word' id='word_1_290' title='bbox 1344 547 1438 580; x_wconf 89' lang='lat' dir='ltr'>vitam</span> <span class='ocrx_word' id='word_1_291' title='bbox 1456 575 1463 588; x_wconf 95' lang='lat'>,</span> <span class='ocrx_word' id='word_1_292' title='bbox 1489 557 1614 588; x_wconf 87' lang='lat' dir='ltr'>mores,</span> <span class='ocrx_word' id='word_1_293' title='bbox 1639 547 1718 581; x_wconf 87' lang='lat' dir='ltr'>ritus</span> <span class='ocrx_word' id='word_1_294' title='bbox 1737 554 1767 581; x_wconf 88' lang='lat' dir='ltr'>et</span> <span class='ocrx_word' id='word_1_295' title='bbox 1791 547 1988 593; x_wconf 85' lang='lat' dir='ltr'>disciplinam</span> 
     </span>
     <span class='ocr_line' id='line_1_53' title="bbox 1247 601 1989 646; baseline 0.004 -13"><span class='ocrx_word' id='word_1_296' title='bbox 1247 601 1418 645; x_wconf 76' lang='lat' dir='ltr'>inquirere,</span> <span class='ocrx_word' id='word_1_297' title='bbox 1433 611 1491 634; x_wconf 89' lang='lat' dir='ltr'>nec</span> <span class='ocrx_word' id='word_1_298' title='bbox 1508 611 1570 635; x_wconf 91' lang='lat' dir='ltr'>non</span> <span class='ocrx_word' id='word_1_299' title='bbox 1589 601 1802 644; x_wconf 86' lang='lat' dir='ltr'>(evangelicae</span> <span class='ocrx_word' id='word_1_300' title='bbox 1818 607 1847 635; x_wconf 91' lang='lat' dir='ltr'>et</span> <span class='ocrx_word' id='word_1_301' title='bbox 1865 607 1989 646; x_wconf 88' lang='lat' dir='ltr'>aposto-</span> 
     </span>
     <span class='ocr_line' id='line_1_54' title="bbox 1248 654 1990 699; baseline 0.004 -13"><span class='ocrx_word' id='word_1_302' title='bbox 1248 654 1324 687; x_wconf 87' lang='lat' dir='ltr'>licae</span> <span class='ocrx_word' id='word_1_303' title='bbox 1349 654 1520 694; x_wconf 87' lang='lat' dir='ltr'>doctrinae,</span> <span class='ocrx_word' id='word_1_304' title='bbox 1537 665 1765 699; x_wconf 89' lang='lat' dir='ltr'>sacrorumque</span> <span class='ocrx_word' id='word_1_305' title='bbox 1786 665 1941 689; x_wconf 80' lang='lat' dir='ltr'>canoniun</span> <span class='ocrx_word' id='word_1_306' title='bbox 1959 661 1990 689; x_wconf 88' lang='lat' dir='ltr'>et</span> 
     </span>
     <span class='ocr_line' id='line_1_55' title="bbox 1247 707 1988 751; baseline 0.001 -10"><span class='ocrx_word' id='word_1_307' title='bbox 1247 707 1443 751; x_wconf 78' lang='lat' dir='ltr'>generalium</span> <span class='ocrx_word' id='word_1_308' title='bbox 1467 708 1676 742; x_wconf 88' lang='lat' dir='ltr'>conciliorum</span> <span class='ocrx_word' id='word_1_309' title='bbox 1700 708 1845 749; x_wconf 83' lang='lat' dir='ltr'>decretis,</span> <span class='ocrx_word' id='word_1_310' title='bbox 1869 712 1899 743; x_wconf 90' lang='lat' dir='ltr'>et</span> <span class='ocrx_word' id='word_1_311' title='bbox 1918 719 1988 742; x_wconf 87' lang='lat' dir='ltr'>san-</span> 
     </span>
     <span class='ocr_line' id='line_1_56' title="bbox 1247 761 1986 806; baseline 0.003 -12"><span class='ocrx_word' id='word_1_312' title='bbox 1247 767 1370 795; x_wconf 89' lang='lat' dir='ltr'>ctorum</span> <span class='ocrx_word' id='word_1_313' title='bbox 1395 767 1519 805; x_wconf 88' lang='lat' dir='ltr'>patrum</span> <span class='ocrx_word' id='word_1_314' title='bbox 1545 761 1776 802; x_wconf 84' lang='lat' dir='ltr'>traditionibus,</span> <span class='ocrx_word' id='word_1_315' title='bbox 1799 772 1835 796; x_wconf 87' lang='lat' dir='ltr'>ac</span> <span class='ocrx_word' id='word_1_316' title='bbox 1858 763 1986 806; x_wconf 81' lang='lat' dir='ltr'>regula-</span> 
     </span>
     <span class='ocr_line' id='line_1_57' title="bbox 1247 814 1989 860; baseline 0.003 -13"><span class='ocrx_word' id='word_1_317' title='bbox 1247 815 1335 848; x_wconf 85' lang='lat' dir='ltr'>ribus</span> <span class='ocrx_word' id='word_1_318' title='bbox 1360 814 1433 848; x_wconf 89' lang='lat' dir='ltr'>dicti</span> <span class='ocrx_word' id='word_1_319' title='bbox 1459 814 1584 848; x_wconf 87' lang='lat' dir='ltr'>Ordinis</span> <span class='ocrx_word' id='word_1_320' title='bbox 1605 815 1754 848; x_wconf 87' lang='lat' dir='ltr'>institutis</span> <span class='ocrx_word' id='word_1_321' title='bbox 1782 815 1989 860; x_wconf 82' lang='lat' dir='ltr'>inhaerendo)</span> 
     </span>
     <span class='ocr_line' id='line_1_58' title="bbox 1246 868 1988 912; baseline 0.003 -11"><span class='ocrx_word' id='word_1_322' title='bbox 1246 878 1466 912; x_wconf 87' lang='lat' dir='ltr'>quaecumque</span> <span class='ocrx_word' id='word_1_323' title='bbox 1486 868 1677 909; x_wconf 82' lang='lat' dir='ltr'>mutatione,</span> <span class='ocrx_word' id='word_1_324' title='bbox 1701 868 1910 910; x_wconf 85' lang='lat' dir='ltr'>correctione,</span> <span class='ocrx_word' id='word_1_325' title='bbox 1938 879 1988 903; x_wconf 84' lang='lat' dir='ltr'>re-</span> 
     </span>
     <span class='ocr_line' id='line_1_59' title="bbox 1247 921 1988 964; baseline 0.004 -11"><span class='ocrx_word' id='word_1_326' title='bbox 1247 921 1446 961; x_wconf 85' lang='lat' dir='ltr'>formatione,</span> <span class='ocrx_word' id='word_1_327' title='bbox 1466 921 1680 962; x_wconf 77' lang='lat' dir='ltr'>renovatione,</span> <span class='ocrx_word' id='word_1_328' title='bbox 1702 921 1912 964; x_wconf 79' lang='lat' dir='ltr'>innovatione,</span> <span class='ocrx_word' id='word_1_329' title='bbox 1936 927 1988 956; x_wconf 86' lang='lat' dir='ltr'>aut</span> 
     </span>
     <span class='ocr_line' id='line_1_60' title="bbox 1247 974 1990 1019; baseline 0.004 -12"><span class='ocrx_word' id='word_1_330' title='bbox 1247 974 1340 1007; x_wconf 87' lang='lat' dir='ltr'>etiam</span> <span class='ocrx_word' id='word_1_331' title='bbox 1365 985 1400 1008; x_wconf 76' lang='lat' dir='ltr'>ex</span> <span class='ocrx_word' id='word_1_332' title='bbox 1420 974 1543 1018; x_wconf 86' lang='lat' dir='ltr'>integro</span> <span class='ocrx_word' id='word_1_333' title='bbox 1560 974 1697 1008; x_wconf 84' lang='lat' dir='ltr'>editione</span> <span class='ocrx_word' id='word_1_334' title='bbox 1714 974 1855 1018; x_wconf 86' lang='lat' dir='ltr'>indigere</span> <span class='ocrx_word' id='word_1_335' title='bbox 1875 985 1990 1019; x_wconf 82' lang='lat' dir='ltr'>cogno-</span> 
     </span>
     <span class='ocr_line' id='line_1_61' title="bbox 1247 1027 1989 1071; baseline 0.003 -11"><span class='ocrx_word' id='word_1_336' title='bbox 1247 1032 1358 1068; x_wconf 88' lang='lat' dir='ltr'>sceret,</span> <span class='ocrx_word' id='word_1_337' title='bbox 1383 1027 1562 1069; x_wconf 87' lang='lat' dir='ltr'>immutare,</span> <span class='ocrx_word' id='word_1_338' title='bbox 1579 1027 1741 1071; x_wconf 84' lang='lat' dir='ltr'>corrigere</span> <span class='ocrx_word' id='word_1_339' title='bbox 1758 1032 1789 1061; x_wconf 84' lang='lat' dir='ltr'>et</span> <span class='ocrx_word' id='word_1_340' title='bbox 1804 1027 1989 1070; x_wconf 80' lang='lat' dir='ltr'>reformare,</span> 
     </span>
     <span class='ocr_line' id='line_1_62' title="bbox 1246 1080 1989 1124; baseline 0.003 -11"><span class='ocrx_word' id='word_1_341' title='bbox 1246 1080 1426 1122; x_wconf 87' lang='lat' dir='ltr'>emendare,</span> <span class='ocrx_word' id='word_1_342' title='bbox 1435 1090 1584 1114; x_wconf 82' lang='lat' dir='ltr'>revocare</span> <span class='ocrx_word' id='word_1_343' title='bbox 1597 1086 1627 1114; x_wconf 87' lang='lat' dir='ltr'>et</span> <span class='ocrx_word' id='word_1_344' title='bbox 1640 1080 1678 1114; x_wconf 92' lang='lat' dir='ltr'>de</span> <span class='ocrx_word' id='word_1_345' title='bbox 1691 1090 1772 1114; x_wconf 90' lang='lat' dir='ltr'>novo</span> <span class='ocrx_word' id='word_1_346' title='bbox 1786 1081 1989 1124; x_wconf 89' lang='lat' dir='ltr'>constituere,</span> 
     </span>
     <span class='ocr_line' id='line_1_63' title="bbox 1247 1133 1989 1178; baseline 0.001 -12"><span class='ocrx_word' id='word_1_347' title='bbox 1247 1133 1363 1167; x_wconf 86' lang='lat' dir='ltr'>abusus</span> <span class='ocrx_word' id='word_1_348' title='bbox 1389 1144 1606 1178; x_wconf 88' lang='lat' dir='ltr'>quoscumque</span> <span class='ocrx_word' id='word_1_349' title='bbox 1630 1134 1752 1175; x_wconf 86' lang='lat' dir='ltr'>tollere,</span> <span class='ocrx_word' id='word_1_350' title='bbox 1769 1133 1867 1167; x_wconf 86' lang='lat' dir='ltr'>bonas</span> <span class='ocrx_word' id='word_1_351' title='bbox 1884 1139 1915 1167; x_wconf 89' lang='lat' dir='ltr'>et</span> <span class='ocrx_word' id='word_1_352' title='bbox 1926 1134 1989 1168; x_wconf 85' lang='lat' dir='ltr'>lau-</span> 
     </span>
     <span class='ocr_line' id='line_1_64' title="bbox 1246 1186 1988 1232; baseline 0.001 -12"><span class='ocrx_word' id='word_1_353' title='bbox 1246 1186 1365 1220; x_wconf 84' lang='lat' dir='ltr'>dabiles</span> <span class='ocrx_word' id='word_1_354' title='bbox 1383 1186 1604 1227; x_wconf 82' lang='lat' dir='ltr'>institutiones,</span> <span class='ocrx_word' id='word_1_355' title='bbox 1621 1192 1651 1220; x_wconf 86' lang='lat' dir='ltr'>et</span> <span class='ocrx_word' id='word_1_356' title='bbox 1666 1187 1698 1220; x_wconf 92' lang='lat' dir='ltr'>in</span> <span class='ocrx_word' id='word_1_357' title='bbox 1714 1186 1824 1232; x_wconf 87' lang='lat' dir='ltr'>primis</span> <span class='ocrx_word' id='word_1_358' title='bbox 1847 1187 1988 1221; x_wconf 88' lang='lat' dir='ltr'>divinum</span> 
     </span>
     <span class='ocr_line' id='line_1_65' title="bbox 1247 1240 1987 1284; baseline 0.001 -11"><span class='ocrx_word' id='word_1_359' title='bbox 1247 1240 1364 1273; x_wconf 88' lang='lat' dir='ltr'>cultum</span> <span class='ocrx_word' id='word_1_360' title='bbox 1385 1250 1421 1273; x_wconf 87' lang='lat' dir='ltr'>ac</span> <span class='ocrx_word' id='word_1_361' title='bbox 1447 1240 1653 1274; x_wconf 88' lang='lat' dir='ltr'>monasticam</span> <span class='ocrx_word' id='word_1_362' title='bbox 1677 1240 1875 1284; x_wconf 87' lang='lat' dir='ltr'>disciplinam</span> <span class='ocrx_word' id='word_1_363' title='bbox 1891 1245 1921 1273; x_wconf 85' lang='lat' dir='ltr'>et</span> <span class='ocrx_word' id='word_1_364' title='bbox 1937 1251 1987 1274; x_wconf 91' lang='lat' dir='ltr'>re-</span> 
     </span>
     <span class='ocr_line' id='line_1_66' title="bbox 1246 1293 1989 1337; baseline 0.003 -11"><span class='ocrx_word' id='word_1_365' title='bbox 1246 1294 1390 1337; x_wconf 86' lang='lat' dir='ltr'>gularem</span> <span class='ocrx_word' id='word_1_366' title='bbox 1418 1293 1659 1334; x_wconf 84' lang='lat' dir='ltr'>observantiam,</span> <span class='ocrx_word' id='word_1_367' title='bbox 1691 1293 1882 1337; x_wconf 90' lang='lat' dir='ltr'>ubicumque</span> <span class='ocrx_word' id='word_1_368' title='bbox 1910 1294 1989 1328; x_wconf 81' lang='lat' dir='ltr'>exci-</span> 
     </span>
     <span class='ocr_line' id='line_1_67' title="bbox 1246 1346 1990 1391; baseline 0.001 -12"><span class='ocrx_word' id='word_1_369' title='bbox 1246 1346 1373 1387; x_wconf 88' lang='lat' dir='ltr'>dissent,</span> <span class='ocrx_word' id='word_1_370' title='bbox 1398 1346 1500 1380; x_wconf 86' lang='lat' dir='ltr'>modis</span> <span class='ocrx_word' id='word_1_371' title='bbox 1525 1347 1675 1390; x_wconf 84' lang='lat' dir='ltr'>congruis</span> <span class='ocrx_word' id='word_1_372' title='bbox 1699 1347 1875 1387; x_wconf 87' lang='lat' dir='ltr'>restituere,</span> <span class='ocrx_word' id='word_1_373' title='bbox 1893 1347 1990 1391; x_wconf 90' lang='lat' dir='ltr'>ipsas-</span> 
     </span>
    </p>
   </div>
   <div class='ocr_carea' id='block_1_8' title="bbox 2003 287 2183 317">
    <p class='ocr_par' dir='ltr' id='par_1_10' title="bbox 2003 287 2183 317">
     <span class='ocr_line' id='line_1_68' title="bbox 2003 287 2183 317; baseline 0.006 -1"><span class='ocrx_word' id='word_1_374' title='bbox 2003 288 2051 316; x_wconf 58' lang='grc' dir='ltr'>Διὶ.</span> <span class='ocrx_word' id='word_1_375' title='bbox 2068 287 2099 317; x_wconf 86' lang='lat' dir='ltr'>C.</span> <span class='ocrx_word' id='word_1_376' title='bbox 2119 288 2183 317; x_wconf 77' lang='lat'>1621</span> 
     </span>
    </p>
   </div>
   <div class='ocr_carea' id='block_1_9' title="bbox 1247 1400 2021 1446">
    <p class='ocr_par' dir='ltr' id='par_1_11' title="bbox 1247 1400 2021 1446">
     <span class='ocr_line' id='line_1_69' title="bbox 1247 1400 2021 1446; baseline 0.001 -13"><span class='ocrx_word' id='word_1_377' title='bbox 1247 1410 1307 1444; x_wconf 85' lang='lat' dir='ltr'>que</span> <span class='ocrx_word' id='word_1_378' title='bbox 1328 1400 1479 1434; x_wconf 85' lang='lat' dir='ltr'>moniales</span> <span class='ocrx_word' id='word_1_379' title='bbox 1499 1405 1526 1434; x_wconf 86' lang='lat' dir='ltr'>et</span> <span class='ocrx_word' id='word_1_380' title='bbox 1548 1400 1625 1433; x_wconf 89' lang='lat' dir='ltr'>alias</span> <span class='ocrx_word' id='word_1_381' title='bbox 1644 1410 1795 1444; x_wconf 87' lang='lat' dir='ltr'>personas</span> <span class='ocrx_word' id='word_1_382' title='bbox 1811 1400 1988 1444; x_wconf 87' lang='lat' dir='ltr'>praedictas</span> <span class='ocrx_word' id='word_1_383' title='bbox 2019 1444 2021 1446; x_wconf 72' lang='lat'>.</span> 
     </span>
    </p>
   </div>
   <div class='ocr_carea' id='block_1_10' title="bbox 1246 1453 1991 2623">
    <p class='ocr_par' dir='ltr' id='par_1_12' title="bbox 1246 1453 1991 2623">
     <span class='ocr_line' id='line_1_70' title="bbox 1247 1453 1988 1497; baseline 0.003 -11"><span class='ocrx_word' id='word_1_384' title='bbox 1247 1454 1285 1486; x_wconf 84' lang='lat' dir='ltr'>ad</span> <span class='ocrx_word' id='word_1_385' title='bbox 1309 1453 1466 1497; x_wconf 80' lang='lat' dir='ltr'>regularis</span> <span class='ocrx_word' id='word_1_386' title='bbox 1491 1454 1655 1488; x_wconf 86' lang='lat' dir='ltr'>clausurae</span> <span class='ocrx_word' id='word_1_387' title='bbox 1681 1454 1826 1495; x_wconf 86' lang='lat' dir='ltr'>sormam,</span> <span class='ocrx_word' id='word_1_388' title='bbox 1843 1465 1879 1487; x_wconf 88' lang='lat' dir='ltr'>ae</span> <span class='ocrx_word' id='word_1_389' title='bbox 1898 1453 1988 1488; x_wconf 87' lang='lat' dir='ltr'>debi-</span> 
     </span>
     <span class='ocr_line' id='line_1_71' title="bbox 1247 1507 1988 1552; baseline 0.001 -11"><span class='ocrx_word' id='word_1_390' title='bbox 1247 1512 1312 1542; x_wconf 89' lang='lat' dir='ltr'>tum</span> <span class='ocrx_word' id='word_1_391' title='bbox 1338 1514 1368 1541; x_wconf 86' lang='lat' dir='ltr'>et</span> <span class='ocrx_word' id='word_1_392' title='bbox 1391 1508 1560 1542; x_wconf 79' lang='lat' dir='ltr'>honestum</span> <span class='ocrx_word' id='word_1_393' title='bbox 1580 1508 1660 1542; x_wconf 89' lang='lat' dir='ltr'>vitae</span> <span class='ocrx_word' id='word_1_394' title='bbox 1677 1507 1807 1542; x_wconf 89' lang='lat' dir='ltr'>modum</span> <span class='ocrx_word' id='word_1_395' title='bbox 1825 1508 1988 1552; x_wconf 85' lang='lat' dir='ltr'>reducere,</span> 
     </span>
     <span class='ocr_line' id='line_1_72' title="bbox 1247 1561 1990 1607; baseline 0.003 -13"><span class='ocrx_word' id='word_1_396' title='bbox 1247 1565 1286 1602; x_wconf 87' lang='lat' dir='ltr'>et,</span> <span class='ocrx_word' id='word_1_397' title='bbox 1304 1561 1329 1594; x_wconf 86' lang='lat' dir='ltr'>si</span> <span class='ocrx_word' id='word_1_398' title='bbox 1349 1561 1470 1605; x_wconf 87' lang='lat' dir='ltr'>aliquas</span> <span class='ocrx_word' id='word_1_399' title='bbox 1488 1562 1519 1594; x_wconf 92' lang='lat' dir='ltr'>in</span> <span class='ocrx_word' id='word_1_400' title='bbox 1536 1562 1642 1606; x_wconf 86' lang='lat' dir='ltr'>aliquo</span> <span class='ocrx_word' id='word_1_401' title='bbox 1666 1562 1882 1606; x_wconf 86' lang='lat' dir='ltr'>delinquentes</span> <span class='ocrx_word' id='word_1_402' title='bbox 1900 1572 1990 1607; x_wconf 88' lang='lat' dir='ltr'>repe-</span> 
     </span>
     <span class='ocr_line' id='line_1_73' title="bbox 1246 1615 1990 1656; baseline 0.003 -8"><span class='ocrx_word' id='word_1_403' title='bbox 1246 1615 1321 1648; x_wconf 87' lang='lat' dir='ltr'>riret</span> <span class='ocrx_word' id='word_1_404' title='bbox 1337 1642 1344 1656; x_wconf 90' lang='lat'>,</span> <span class='ocrx_word' id='word_1_405' title='bbox 1370 1625 1421 1648; x_wconf 91' lang='lat' dir='ltr'>eas</span> <span class='ocrx_word' id='word_1_406' title='bbox 1447 1615 1530 1648; x_wconf 78' lang='lat' dir='ltr'>iuxta</span> <span class='ocrx_word' id='word_1_407' title='bbox 1560 1615 1726 1649; x_wconf 87' lang='lat' dir='ltr'>canonicas</span> <span class='ocrx_word' id='word_1_408' title='bbox 1758 1615 1936 1649; x_wconf 86' lang='lat' dir='ltr'>sanctiones</span> <span class='ocrx_word' id='word_1_409' title='bbox 1959 1621 1990 1650; x_wconf 85' lang='lat' dir='ltr'>et</span> 
     </span>
     <span class='ocr_line' id='line_1_74' title="bbox 1246 1668 1990 1714; baseline 0.003 -12"><span class='ocrx_word' id='word_1_410' title='bbox 1246 1668 1404 1713; x_wconf 85' lang='lat' dir='ltr'>regularia</span> <span class='ocrx_word' id='word_1_411' title='bbox 1421 1669 1496 1702; x_wconf 88' lang='lat' dir='ltr'>dicti</span> <span class='ocrx_word' id='word_1_412' title='bbox 1513 1668 1638 1703; x_wconf 89' lang='lat' dir='ltr'>Ordinis</span> <span class='ocrx_word' id='word_1_413' title='bbox 1659 1669 1797 1702; x_wconf 87' lang='lat' dir='ltr'>instituta</span> <span class='ocrx_word' id='word_1_414' title='bbox 1820 1670 1935 1714; x_wconf 89' lang='lat' dir='ltr'>punire</span> <span class='ocrx_word' id='word_1_415' title='bbox 1958 1675 1990 1704; x_wconf 86' lang='lat' dir='ltr'>et</span> 
     </span>
     <span class='ocr_line' id='line_1_75' title="bbox 1246 1722 1988 1767; baseline 0.003 -12"><span class='ocrx_word' id='word_1_416' title='bbox 1246 1722 1411 1766; x_wconf 82' lang='lat' dir='ltr'>castigare,</span> <span class='ocrx_word' id='word_1_417' title='bbox 1436 1722 1583 1765; x_wconf 83' lang='lat' dir='ltr'>graviora</span> <span class='ocrx_word' id='word_1_418' title='bbox 1608 1732 1683 1756; x_wconf 87' lang='lat' dir='ltr'>vero</span> <span class='ocrx_word' id='word_1_419' title='bbox 1714 1733 1933 1767; x_wconf 87' lang='lat' dir='ltr'>quaecumque</span> <span class='ocrx_word' id='word_1_420' title='bbox 1957 1723 1988 1757; x_wconf 93' lang='lat' dir='ltr'>in</span> 
     </span>
     <span class='ocr_line' id='line_1_76' title="bbox 1247 1775 1989 1821; baseline 0.003 -13"><span class='ocrx_word' id='word_1_421' title='bbox 1247 1775 1372 1820; x_wconf 81' lang='lat' dir='ltr'>scriptis</span> <span class='ocrx_word' id='word_1_422' title='bbox 1388 1775 1514 1809; x_wconf 87' lang='lat' dir='ltr'>redacta</span> <span class='ocrx_word' id='word_1_423' title='bbox 1530 1775 1568 1809; x_wconf 84' lang='lat' dir='ltr'>ad</span> <span class='ocrx_word' id='word_1_424' title='bbox 1585 1775 1732 1809; x_wconf 86' lang='lat' dir='ltr'>eumdem</span> <span class='ocrx_word' id='word_1_425' title='bbox 1749 1776 1880 1809; x_wconf 83' lang='lat' dir='ltr'>Paulum</span> <span class='ocrx_word' id='word_1_426' title='bbox 1899 1787 1989 1821; x_wconf 84' lang='lat' dir='ltr'>prae·</span> 
     </span>
     <span class='ocr_line' id='line_1_77' title="bbox 1246 1828 1988 1872; baseline 0.003 -10"><span class='ocrx_word' id='word_1_427' title='bbox 1246 1828 1444 1862; x_wconf 82' lang='lat' dir='ltr'>decessorem</span> <span class='ocrx_word' id='word_1_428' title='bbox 1476 1828 1644 1872; x_wconf 74' lang='lat' dir='ltr'>diligenter</span> <span class='ocrx_word' id='word_1_429' title='bbox 1668 1828 1783 1862; x_wconf 81' lang='lat' dir='ltr'>deferri</span> <span class='ocrx_word' id='word_1_430' title='bbox 1809 1829 1927 1870; x_wconf 81' lang='lat' dir='ltr'>facere,</span> <span class='ocrx_word' id='word_1_431' title='bbox 1952 1839 1988 1864; x_wconf 86' lang='lat' dir='ltr'>ac</span> 
     </span>
     <span class='ocr_line' id='line_1_78' title="bbox 1247 1883 1989 1927; baseline 0.003 -12"><span class='ocrx_word' id='word_1_432' title='bbox 1247 1893 1462 1927; x_wconf 83' lang='lat' dir='ltr'>quascumque</span> <span class='ocrx_word' id='word_1_433' title='bbox 1494 1883 1629 1916; x_wconf 87' lang='lat' dir='ltr'>rebelles</span> <span class='ocrx_word' id='word_1_434' title='bbox 1661 1888 1692 1916; x_wconf 86' lang='lat' dir='ltr'>et</span> <span class='ocrx_word' id='word_1_435' title='bbox 1718 1883 1902 1927; x_wconf 87' lang='lat' dir='ltr'>praemissis</span> <span class='ocrx_word' id='word_1_436' title='bbox 1925 1893 1989 1918; x_wconf 91' lang='lat' dir='ltr'>non</span> 
     </span>
     <span class='ocr_line' id='line_1_79' title="bbox 1248 1937 1988 1981; baseline 0.003 -12"><span class='ocrx_word' id='word_1_437' title='bbox 1248 1942 1394 1980; x_wconf 86' lang='lat' dir='ltr'>parentes</span> <span class='ocrx_word' id='word_1_438' title='bbox 1418 1946 1474 1980; x_wconf 90' lang='lat' dir='ltr'>per</span> <span class='ocrx_word' id='word_1_439' title='bbox 1505 1946 1653 1970; x_wconf 87' lang='lat' dir='ltr'>censuras</span> <span class='ocrx_word' id='word_1_440' title='bbox 1685 1940 1715 1970; x_wconf 82' lang='lat' dir='ltr'>et</span> <span class='ocrx_word' id='word_1_441' title='bbox 1740 1946 1858 1981; x_wconf 89' lang='lat' dir='ltr'>poenas</span> <span class='ocrx_word' id='word_1_442' title='bbox 1888 1937 1988 1971; x_wconf 86' lang='lat' dir='ltr'>eccle-</span> 
     </span>
     <span class='ocr_line' id='line_1_80' title="bbox 1247 1990 1989 2034; baseline 0.003 -11"><span class='ocrx_word' id='word_1_443' title='bbox 1247 1990 1398 2031; x_wconf 82' lang='lat' dir='ltr'>siasticas,</span> <span class='ocrx_word' id='word_1_444' title='bbox 1423 1990 1545 2033; x_wconf 82' lang='lat' dir='ltr'>aliaque</span> <span class='ocrx_word' id='word_1_445' title='bbox 1572 1995 1750 2034; x_wconf 89' lang='lat' dir='ltr'>opportuna</span> <span class='ocrx_word' id='word_1_446' title='bbox 1767 1990 1846 2024; x_wconf 88' lang='lat' dir='ltr'>iuris</span> <span class='ocrx_word' id='word_1_447' title='bbox 1865 1996 1895 2024; x_wconf 87' lang='lat' dir='ltr'>et</span> <span class='ocrx_word' id='word_1_448' title='bbox 1917 1992 1989 2026; x_wconf 85' lang='lat' dir='ltr'>facti</span> 
     </span>
     <span class='ocr_line' id='line_1_81' title="bbox 1248 2043 1988 2089; baseline 0.001 -12"><span class='ocrx_word' id='word_1_449' title='bbox 1248 2043 1397 2084; x_wconf 84' lang='lat' dir='ltr'>remedia,</span> <span class='ocrx_word' id='word_1_450' title='bbox 1414 2043 1624 2088; x_wconf 78' lang='lat' dir='ltr'>appellatione</span> <span class='ocrx_word' id='word_1_451' title='bbox 1644 2044 1840 2088; x_wconf 74' lang='lat' dir='ltr'>postposita,</span> <span class='ocrx_word' id='word_1_452' title='bbox 1861 2055 1988 2089; x_wconf 89' lang='lat' dir='ltr'>compe-</span> 
     </span>
     <span class='ocr_line' id='line_1_82' title="bbox 1248 2096 1990 2141; baseline 0.001 -10"><span class='ocrx_word' id='word_1_453' title='bbox 1248 2096 1363 2137; x_wconf 84' lang='lat' dir='ltr'>scerc¹‚</span> <span class='ocrx_word' id='word_1_454' title='bbox 1388 2108 1434 2137; x_wconf 87' lang='lat' dir='ltr'>ac,</span> <span class='ocrx_word' id='word_1_455' title='bbox 1462 2097 1611 2140; x_wconf 79' lang='lat' dir='ltr'>legitimis</span> <span class='ocrx_word' id='word_1_456' title='bbox 1639 2107 1734 2141; x_wconf 90' lang='lat' dir='ltr'>super</span> <span class='ocrx_word' id='word_1_457' title='bbox 1761 2097 1811 2130; x_wconf 88' lang='lat' dir='ltr'>his</span> <span class='ocrx_word' id='word_1_458' title='bbox 1838 2097 1990 2132; x_wconf 84' lang='lat' dir='ltr'>habendis</span> 
     </span>
     <span class='ocr_line' id='line_1_83' title="bbox 1248 2151 1990 2195; baseline 0 -10"><span class='ocrx_word' id='word_1_459' title='bbox 1248 2152 1379 2185; x_wconf 82' lang='lat' dir='ltr'>servatis</span> <span class='ocrx_word' id='word_1_460' title='bbox 1403 2151 1616 2195; x_wconf 83' lang='lat' dir='ltr'>processibus,</span> <span class='ocrx_word' id='word_1_461' title='bbox 1641 2151 1822 2192; x_wconf 85' lang='lat' dir='ltr'>sententias,</span> <span class='ocrx_word' id='word_1_462' title='bbox 1839 2161 1990 2186; x_wconf 88' lang='lat' dir='ltr'>censuras</span> 
     </span>
     <span class='ocr_line' id='line_1_84' title="bbox 1248 2204 1989 2249; baseline -0.001 -10"><span class='ocrx_word' id='word_1_463' title='bbox 1248 2210 1277 2240; x_wconf 82' lang='lat' dir='ltr'>et</span> <span class='ocrx_word' id='word_1_464' title='bbox 1302 2215 1419 2249; x_wconf 90' lang='lat' dir='ltr'>poenas</span> <span class='ocrx_word' id='word_1_465' title='bbox 1444 2205 1527 2249; x_wconf 87' lang='lat' dir='ltr'>ipsas</span> <span class='ocrx_word' id='word_1_466' title='bbox 1544 2205 1637 2239; x_wconf 84' lang='lat' dir='ltr'>etiam</span> <span class='ocrx_word' id='word_1_467' title='bbox 1662 2204 1782 2238; x_wconf 89' lang='lat' dir='ltr'>iteratis</span> <span class='ocrx_word' id='word_1_468' title='bbox 1800 2205 1919 2239; x_wconf 81' lang='lat' dir='ltr'>vicibus</span> <span class='ocrx_word' id='word_1_469' title='bbox 1935 2215 1989 2249; x_wconf 84' lang='lat' dir='ltr'>ag-</span> 
     </span>
     <span class='ocr_line' id='line_1_85' title="bbox 1249 2258 1990 2302; baseline -0.001 -11"><span class='ocrx_word' id='word_1_470' title='bbox 1249 2269 1400 2302; x_wconf 86' lang='lat' dir='ltr'>gravare,</span> <span class='ocrx_word' id='word_1_471' title='bbox 1424 2258 1625 2293; x_wconf 86' lang='lat' dir='ltr'>interdictum</span> <span class='ocrx_word' id='word_1_472' title='bbox 1658 2258 1903 2292; x_wconf 88' lang='lat' dir='ltr'>ecclesiasticum</span> <span class='ocrx_word' id='word_1_473' title='bbox 1933 2268 1990 2302; x_wconf 85' lang='lat' dir='ltr'>ap·</span> 
     </span>
     <span class='ocr_line' id='line_1_86' title="bbox 1250 2311 1989 2357; baseline -0.003 -11"><span class='ocrx_word' id='word_1_474' title='bbox 1250 2323 1380 2357; x_wconf 85' lang='lat' dir='ltr'>ponere,</span> <span class='ocrx_word' id='word_1_475' title='bbox 1404 2323 1440 2345; x_wconf 89' lang='lat' dir='ltr'>ac</span> <span class='ocrx_word' id='word_1_476' title='bbox 1465 2312 1569 2352; x_wconf 87' lang='lat' dir='ltr'>etiam,</span> <span class='ocrx_word' id='word_1_477' title='bbox 1589 2311 1613 2344; x_wconf 90' lang='lat' dir='ltr'>si</span> <span class='ocrx_word' id='word_1_478' title='bbox 1636 2322 1715 2356; x_wconf 90' lang='lat' dir='ltr'>opus</span> <span class='ocrx_word' id='word_1_479' title='bbox 1730 2311 1820 2352; x_wconf 86' lang='lat' dir='ltr'>soret,</span> <span class='ocrx_word' id='word_1_480' title='bbox 1839 2311 1989 2345; x_wconf 86' lang='lat' dir='ltr'>auxilium</span> 
     </span>
     <span class='ocr_line' id='line_1_87' title="bbox 1250 2363 1988 2407; baseline -0.001 -9"><span class='ocrx_word' id='word_1_481' title='bbox 1250 2365 1371 2399; x_wconf 86' lang='lat' dir='ltr'>brachii</span> <span class='ocrx_word' id='word_1_482' title='bbox 1396 2365 1546 2398; x_wconf 86' lang='lat' dir='ltr'>secularis</span> <span class='ocrx_word' id='word_1_483' title='bbox 1562 2364 1720 2404; x_wconf 85' lang='lat' dir='ltr'>invocare,</span> <span class='ocrx_word' id='word_1_484' title='bbox 1734 2363 1902 2407; x_wconf 87' lang='lat' dir='ltr'>omniaque</span> <span class='ocrx_word' id='word_1_485' title='bbox 1918 2364 1988 2406; x_wconf 90' lang='lat' dir='ltr'>alia,</span> 
     </span>
     <span class='ocr_line' id='line_1_88' title="bbox 1250 2416 1990 2463; baseline 0 -12"><span class='ocrx_word' id='word_1_486' title='bbox 1250 2429 1329 2463; x_wconf 86' lang='lat' dir='ltr'>quae</span> <span class='ocrx_word' id='word_1_487' title='bbox 1355 2418 1564 2452; x_wconf 84' lang='lat' dir='ltr'>visitationem</span> <span class='ocrx_word' id='word_1_488' title='bbox 1585 2422 1615 2450; x_wconf 85' lang='lat' dir='ltr'>et</span> <span class='ocrx_word' id='word_1_489' title='bbox 1639 2416 1896 2450; x_wconf 83' lang='lat' dir='ltr'>reformationem</span> <span class='ocrx_word' id='word_1_490' title='bbox 1919 2427 1990 2451; x_wconf 91' lang='lat' dir='ltr'>con-</span> 
     </span>
     <span class='ocr_line' id='line_1_89' title="bbox 1251 2469 1991 2515; baseline -0.001 -10"><span class='ocrx_word' id='word_1_491' title='bbox 1251 2476 1432 2513; x_wconf 87' lang='lat' dir='ltr'>cernerent,</span> <span class='ocrx_word' id='word_1_492' title='bbox 1453 2470 1504 2504; x_wconf 66' lang='lat' dir='ltr'>et*z</span> <span class='ocrx_word' id='word_1_493' title='bbox 1524 2480 1583 2515; x_wconf 94' lang='lat' dir='ltr'>pro</span> <span class='ocrx_word' id='word_1_494' title='bbox 1603 2469 1760 2503; x_wconf 87' lang='lat' dir='ltr'>dictorum</span> <span class='ocrx_word' id='word_1_495' title='bbox 1785 2470 1991 2504; x_wconf 85' lang='lat' dir='ltr'>monasterio-</span> 
     </span>
     <span class='ocr_line' id='line_1_90' title="bbox 1251 2523 1990 2568; baseline -0.001 -9"><span class='ocrx_word' id='word_1_496' title='bbox 1251 2537 1321 2559; x_wconf 90' lang='lat' dir='ltr'>rum</span> <span class='ocrx_word' id='word_1_497' title='bbox 1339 2535 1513 2568; x_wconf 88' lang='lat' dir='ltr'>eorumque</span> <span class='ocrx_word' id='word_1_498' title='bbox 1529 2523 1712 2558; x_wconf 88' lang='lat' dir='ltr'>monialium</span> <span class='ocrx_word' id='word_1_499' title='bbox 1736 2534 1889 2568; x_wconf 84' lang='lat' dir='ltr'>prospero</span> <span class='ocrx_word' id='word_1_500' title='bbox 1907 2528 1990 2558; x_wconf 89' lang='lat' dir='ltr'>statu</span> 
     </span>
     <span class='ocr_line' id='line_1_91' title="bbox 1250 2577 1989 2623; baseline -0.003 -10"><span class='ocrx_word' id='word_1_501' title='bbox 1250 2579 1416 2623; x_wconf 86' lang='lat' dir='ltr'>dirigendo</span> <span class='ocrx_word' id='word_1_502' title='bbox 1440 2577 1615 2613; x_wconf 84' lang='lat' dir='ltr'>necessaria</span> <span class='ocrx_word' id='word_1_503' title='bbox 1637 2583 1667 2611; x_wconf 88' lang='lat' dir='ltr'>et</span> <span class='ocrx_word' id='word_1_504' title='bbox 1683 2583 1861 2622; x_wconf 89' lang='lat' dir='ltr'>opportuna</span> <span class='ocrx_word' id='word_1_505' title='bbox 1877 2578 1989 2619; x_wconf 80' lang='lat' dir='ltr'>forent,</span> 
     </span>
    </p>
   </div>
   <div class='ocr_carea' id='block_1_11' title="bbox 1284 2649 1880 2730">
    <p class='ocr_par' dir='ltr' id='par_1_13' title="bbox 1284 2649 1880 2730">
     <span class='ocr_line' id='line_1_92' title="bbox 1286 2649 1880 2686; baseline -0.005 -6"><span class='ocrx_word' id='word_1_506' title='bbox 1286 2656 1296 2680; x_wconf 84' lang='grc'>1</span> <span class='ocrx_word' id='word_1_507' title='bbox 1317 2651 1387 2680; x_wconf 84' lang='lat' dir='ltr'>Edit.</span> <span class='ocrx_word' id='word_1_508' title='bbox 1403 2650 1482 2679; x_wconf 64' lang='grc' dir='ltr'><strong>Μαίη.</strong></span> <span class='ocrx_word' id='word_1_509' title='bbox 1498 2649 1562 2686; x_wconf 80' lang='lat' dir='ltr'>legit.</span> <span class='ocrx_word' id='word_1_510' title='bbox 1575 2649 1773 2685; x_wconf 77' lang='lat' dir='ltr'>compescendo</span> <span class='ocrx_word' id='word_1_511' title='bbox 1787 2649 1824 2685; x_wconf 85' lang='lat' dir='ltr'>(a.</span> <span class='ocrx_word' id='word_1_512' title='bbox 1839 2650 1880 2684; x_wconf 88' lang='grc' dir='ltr'>τ.)</span> 
     </span>
     <span class='ocr_line' id='line_1_93' title="bbox 1284 2694 1833 2730; baseline -0.004 -6"><span class='ocrx_word' id='word_1_513' title='bbox 1284 2697 1301 2724; x_wconf 75' lang='grc'>2</span> <span class='ocrx_word' id='word_1_514' title='bbox 1316 2695 1475 2725; x_wconf 81' lang='lat' dir='ltr'>Particulam</span> <span class='ocrx_word' id='word_1_515' title='bbox 1489 2698 1517 2725; x_wconf 80' lang='lat' dir='ltr'>el</span> <span class='ocrx_word' id='word_1_516' title='bbox 1530 2703 1580 2724; x_wconf 87' lang='lat' dir='ltr'>nos</span> <span class='ocrx_word' id='word_1_517' title='bbox 1593 2694 1717 2724; x_wconf 81' lang='lat' dir='ltr'>addimus</span> <span class='ocrx_word' id='word_1_518' title='bbox 1729 2696 1768 2730; x_wconf 68' lang='lat' dir='ltr'>(n,</span> <span class='ocrx_word' id='word_1_519' title='bbox 1784 2695 1833 2730; x_wconf 81' lang='grc' dir='ltr'>τ.).</span> 
     </span>
    </p>
   </div>
   <div class='ocr_carea' id='block_1_12' title="bbox 2238 0 2293 3231">
    <p class='ocr_par' dir='ltr' id='par_1_14' title="bbox 2238 0 2293 3231">
     <span class='ocr_line' id='line_1_94' title="bbox 2238 0 2293 3231; baseline 0 0"><span class='ocrx_word' id='word_1_520' title='bbox 2238 0 2293 3231; x_wconf 95' lang='lat' dir='ltr'> </span> 
     </span>
    </p>
   </div>
  </div>
 </body>
</html>
