2293 3231
261 274 310 300 An.
326 272 356 300 C.
378 272 442 300 1621

333 1618 449 1640 Committit

262 1647 358 1667 Pontifex
378 1646 449 1666 cardi·

262 1675 303 1694 nati
317 1675 342 1694 =te
359 1673 447 1694 uvaur-

263 1700 400 1726 rhiepisropn
410 1700 447 1721 Se-

262 1727 349 1747 num-nsi
372 1729 392 1747 et
413 1733 447 1747 su-

262 1756 342 1779 periori
375 1760 446 1774 mona-

262 1780 350 1801 cnorum
376 1781 448 1802 Refor-

263 1811 366 1828 inatorum
386 1808 446 1829 ‹Ji-di<

262 1840 294 1855 nis
317 1838 384 1855 stuwi!
408 1835 447 1856 ue-

220 1875 222 1877 *
262 1861 340 1882 nodicu

492 262 555 296 508

463 321 696 366 praedistorum
714 325 743 352 et
761 317 895 352 aliorum
913 328 972 363 pro
988 323 1131 363 tempore
1147 320 1205 352 eri-

463 376 639 416 ·,u-mlorinn
665 374 930 406 inonasteriorum
955 373 1111 406 dictarum
1137 384 1204 406 mo-

463 428 591 460 nialium
629 437 738 460 vacare
775 436 840 460 non
873 427 1017 470 possint,
1043 432 1069 459 et
1109 427 1223 476 trium¹

463 480 727 524 primodictorum
754 479 1020 512 monasteriorum
1053 478 1223 513 moniales*

462 545 566 574 curae,
592 533 758 576 regimini,
784 532 992 566 iurisdictioni
1018 538 1048 566 et
1073 534 1205 566 admini-

463 587 605 621 strationi
623 587 729 620 dilecti
748 587 804 620 tilii
821 587 920 621 nostri
939 587 1066 621 ilem-ici
1080 593 1206 622 sanctae

463 642 620 674 Romanae
637 640 796 674 Ecclesiae
809 641 977 674 cardinalis
993 641 1031 674 de
1050 642 1110 675 ltez
1126 652 1205 675 nun-

461 694 574 738 cupati,
589 705 623 726 ac
639 694 941 727 venerabilisfratris
956 694 1080 727 loannis
1088 695 1207 728 archie-

461 748 580 791 pist-opi
612 748 819 788 Senonensis,
844 758 905 780 nen
937 758 1000 781 non
1032 749 1206 792 superioris

461 801 691 834 monachorum
706 801 952 834 reformatorum
966 801 1092 835 Ordinis
1109 803 1205 836 sancti

461 853 620 887 Benedicti
637 854 669 887 in
689 864 788 897 regno
806 854 955 887 Franciae
972 865 1005 888 se
1023 866 1055 888 se
1071 856 1206 889 submit·
1222 879 1225 908 ξ

462 912 546 947 tere,
570 918 606 940 ac
631 908 748 941 multae
773 907 868 947 aliae,
893 908 987 941 simili
1020 909 1124 942 studio
1148 915 1225 957 '‘¹0‘i

461 970 583 1001 censae,
601 960 726 994 illarum
743 960 874 1004 vestigia
897 961 986 1004 sequi
1010 962 1187 995 desiderent
1198 974 1205 1002 ;
1222 984 1225 1006 3

461 1024 570 1046 euram
586 1024 659 1047 vero
673 1018 703 1046 et
718 1014 908 1057 gubernium
930 1015 1110 1048 huiusmodi
1128 1016 1207 1049 llen-
1222 1022 1225 1060 ς’

462 1067 546 1100 ricus
571 1067 756 1108 cardinalis,
781 1073 812 1100 et
836 1068 967 1102 loannes
995 1061 1225 1113 archiepisco-¹¹

461 1131 537 1164 pus,
562 1131 619 1154 nec
643 1131 707 1154 non
736 1121 881 1165 superior
905 1123 1135 1156 monachorum
1160 1134 1208 1156 re-

462 1176 671 1209 formatorum
696 1176 770 1209 dicti
792 1176 917 1210 Ordinis
941 1177 972 1209 in
992 1188 1091 1220 regno
1116 1170 1225 1211 lv‘ran-¹

462 1228 528 1261 ciac
552 1229 704 1272 praedicti
724 1230 885 1274 suscipere
903 1231 1002 1274 parati
1023 1231 1097 1271 siut,
1115 1232 1207 1265 nobis

461 1287 634 1326 propterea
656 1282 758 1316 dictus
783 1283 958 1317 Ludoricus
983 1295 1053 1325 rex,
1079 1295 1117 1317 ne
1144 1292 1205 1318 tam

462 1336 598 1369 salutare
616 1337 648 1369 in
662 1336 800 1370 Ecclesia
815 1337 871 1370 Dei
888 1348 967 1381 opus
986 1339 1205 1382 imperfectum
1222 1359 1224 1362 ·

463 1392 643 1429 remaneat,
669 1390 832 1423 lnuniliter
857 1391 1029 1434 supplicari
1058 1392 1146 1433 fecit,
1174 1398 1207 1426 ut

462 1453 560 1486 super
584 1443 765 1486 praemissis
790 1444 884 1477 modo
915 1450 944 1477 et
975 1446 1075 1478 forma
1100 1445 1225 1499 intras-l

463 1496 583 1540 criptis,
607 1497 774 1540 providere
799 1498 837 1530 de
862 1498 1056 1541 benignitate
1080 1501 1224 1544 aposto-'

462 1550 523 1583 lica
544 1550 760 1593 dignaremur.

508 1604 523 1647 ἓ
546 1604 576 1637 3.
602 1605 664 1638 Nos
689 1605 798 1648 igitur,
823 1606 876 1649 qui
901 1616 959 1649 pro
984 1608 1083 1640 nostri
1108 1613 1208 1651 pasto-

463 1656 538 1689 ralis
563 1657 658 1691 oflicii
677 1658 784 1691 debito
809 1659 1096 1694 sanctimonialium
1114 1663 1206 1696 statui
1223 1671 1225 1679 ¹

462 1720 614 1755 prospere
638 1711 804 1755 dirigendo
836 1712 970 1746 libenter
994 1714 1206 1756 intendimus,

461 1764 549 1808 pium
563 1764 635 1798 dicti
650 1764 799 1798 Ludovici
813 1765 896 1808 regis
909 1765 1098 1801 desiderium
1113 1769 1208 1812 pluri—

463 1829 548 1851 mum
563 1819 594 1851 in
607 1818 739 1852 Domino
753 1819 1018 1861 commendantes,
1027 1821 1207 1856 huiusmodi

462 1872 743 1916 supplicationibus
779 1873 939 1915 inclinati,
975 1880 1010 1908 ut
1047 1876 1207 1919 praedicta

462 1930 493 1958 et
505 1925 564 1958 alia
577 1935 795 1969 quaecumque
813 1926 998 1960 monialium
1016 1929 1207 1962 monasteria

463 1979 494 2011 in
514 1989 613 2022 regno
632 1979 783 2013 Franciae
809 1990 868 2024 pro
892 1986 1037 2025 tempore
1057 1982 1206 2016 canonice

462 2032 611 2076 erigenda
628 2033 753 2067 Ordinis
770 2035 868 2068 sancti
886 2034 1045 2068 Benedicti
1063 2036 1205 2079 regulam

463 2091 492 2120 et
507 2086 668 2130 primitiva
688 2087 828 2121 instituta
852 2098 923 2121 eum
948 2089 1082 2133 pristino
1099 2090 1152 2124 illo
1168 2091 1208 2123 ri-

462 2150 539 2183 gore
564 2140 723 2184 suscipere
758 2144 787 2175 et
818 2141 1004 2183 observare,
1029 2148 1059 2175 et
1082 2143 1207 2187 praedi-

463 2198 587 2226 ctorum
612 2194 812 2237 superiorum
837 2205 932 2227 curae
956 2200 986 2228 et
1010 2196 1156 2239 regimini
1174 2208 1206 2230 se

463 2244 629 2285 subiicere,
654 2245 692 2278 de
716 2255 872 2278 consensu
897 2251 1001 2279 tamen
1026 2246 1206 2281 Ordinario-

463 2309 556 2339 rum,
581 2298 682 2331 libere
706 2304 736 2332 et
761 2299 843 2333 licite
874 2300 993 2333 valeant
1018 2302 1114 2345 (eum
1147 2303 1206 2336 hoc

464 2354 577 2391 tamen,
593 2357 625 2384 ut
650 2351 807 2385 dictorum
832 2353 1108 2395 monasteriorum,
1126 2360 1208 2398 post-

463 2414 557 2448 quam
582 2405 725 2447 regulam
745 2411 776 2438 ct
793 2405 932 2440 instituta
957 2406 1137 2440 huiusmodi
1155 2419 1207 2441 su-

464 2457 642 2500 sceperint,
672 2458 841 2502 priorissae
866 2459 1036 2492 triennales
1061 2470 1128 2494 esse
1153 2460 1207 2494 de-

464 2510 568 2551 beant,
579 2511 609 2543 in
623 2511 734 2544 eodem
749 2516 851 2546 tamen
862 2513 1031 2556 priorissae
1045 2514 1159 2552 officio.
1169 2515 1207 2548 ad

465 2563 548 2596 aliud
562 2565 731 2598 triennium
749 2565 920 2607 dumtaxat,
938 2567 1119 2600 confirmari
1139 2580 1208 2612 pos-

465 2616 550 2660 sint),
569 2619 752 2652 auctoritatc
777 2620 959 2663 apostolica,
988 2625 1096 2654 tenore
1121 2632 1208 2666 prac-

466 2671 618 2712 sentium,
645 2678 800 2716 perpetuo
825 2673 1028 2707 concedimus
1053 2680 1081 2707 et
1107 2674 1208 2708 indul—

1222 1589 1225 1607 t

1021 271 1201 296 nULLAan
1225 270 1383 295 ROMANUM

1239 329 1367 361 gemus:
1395 329 1431 352 ac
1455 329 1492 352 cx
1516 328 1600 353 nunc
1615 319 1819 363 *primodicta
1843 325 1979 365 quatuor

1239 372 1382 416 (praevia
1395 372 1522 406 illorum
1534 383 1551 405 a
1565 375 1651 414 cura,
1663 372 1828 416 gubernio,
1841 380 1871 407 et
1883 373 1980 407 admi-

1238 425 1426 459 nistratione
1449 426 1572 459 abbatis
1600 431 1629 459 et
1657 426 1885 460 monachorum
1905 426 1980 461 Con-

1239 479 1432 522 gregationis
1456 479 1648 520 huiusmodi,
1665 485 1819 523 quatenus
1835 490 1914 524 opus
1930 481 1979 522 sit,

1239 535 1419 576 opportuna
1454 532 1670 576 abdicatione)
1700 537 1730 568 et
1764 543 1980 578 quaecumque

1239 586 1299 618 alia
1329 586 1512 619 monialium
1543 587 1735 631 primitivam
1766 587 1891 622 Ordinis
1914 598 1982 621 san-

1240 639 1280 672 eti
1298 639 1458 673 Benedicti
1478 640 1621 684 regulam
1645 640 1792 685 amplecti
1809 641 1980 675 volentium

1241 694 1441 736 monasteria,
1467 705 1538 728 cum
1563 705 1675 728 eorum
1699 695 1849 729 omnihus
1872 695 1981 736 bonis,

1241 748 1410 782 mobilibus
1438 754 1469 782 et
1493 748 1730 791 immobilibus,
1755 749 1982 794 cuiuscumque

1240 803 1375 846 generis,
1406 803 1533 847 speciei,
1561 803 1687 844 valoris,
1714 808 1856 844 naturae,
1884 813 1983 847 quan-

1241 856 1337 889 titatis
1361 861 1391 889 ct
1423 856 1581 900 qualitatis
1607 856 1834 898 existentibus,
1865 866 1982 897 curae,

1240 910 1408 953 regimini,
1434 910 1696 944 administrationi
1722 914 1752 945 et
1775 910 1983 944 iurisdictioni

1241 964 1367 996 llenri‹·i
1405 963 1573 997 cardinalis
1610 970 1639 997 et
1672 964 1796 998 loannis
1825 964 1983 1008 archiepi-

1242 1018 1327 1062 scopi
1356 1018 1612 1062 praedictorum,
1646 1018 1751 1062 quoad
1783 1018 1917 1051 vixerint
1953 1023 1984 1051 et

1241 1081 1350 1104 eorum
1376 1072 1507 1116 quilibet
1542 1072 1673 1112 vixerit,
1698 1082 1733 1105 ac
1757 1082 1816 1116 pro
1841 1075 1984 1116 tempore

1242 1125 1402 1159 existentis
1426 1125 1457 1158 in
1475 1125 1558 1158 dicto
1574 1135 1674 1168 regno
1687 1125 1862 1169 superioris
1879 1135 1984 1159 mona-

1241 1176 1374 1209 chornm
1390 1176 1634 1209 reformatorum
1653 1176 1726 1209 dicti
1744 1175 1870 1209 Ordinis
1885 1175 1983 1210 sancti

1242 1229 1399 1263 Benedicti
1428 1229 1624 1270 subjicimus,
1641 1230 1850 1274 supponimus
1866 1235 1896 1263 et
1912 1229 1985 1263 sub-

1222 1294 1225 1340 i
1242 1284 1406 1324 mittimus,
1426 1284 1559 1328 illisque,
1579 1284 1628 1316 rel
1652 1284 1779 1317 illorum
1805 1284 1933 1318 cuilibet
1951 1284 1982 1317 in

1241 1338 1374 1371 aliorum
1387 1337 1521 1370 duorum
1535 1337 1688 1377 absentia,
1698 1337 1854 1371 dictarum
1867 1338 1984 1371 monia-

1240 1391 1316 1423 lium
1336 1391 1540 1432 visitatorem,
1558 1391 1610 1435 qui
1631 1391 1670 1423 ad
1694 1391 1864 1425 triennium
1881 1391 1983 1434 duret,

1240 1455 1275 1477 ac
1300 1454 1357 1488 pro
1381 1444 1484 1488 prima
1512 1444 1577 1477 viee
1601 1443 1762 1478 dumtaxat
1786 1445 1983 1489 superiorem

1240 1510 1276 1530 ex
1312 1497 1403 1531 dictis
1438 1497 1601 1531 monachis
1634 1498 1813 1531 reformatis
1847 1498 1983 1542 eligendi

1222 1556 1269 1584 ,et
1295 1550 1463 1595 deputandi
1489 1551 1557 1594 (ita
1583 1556 1707 1592 tamen,
1731 1555 1781 1591 ut,
1806 1551 1832 1584 si
1856 1551 1984 1585 Henrici

1223 1611 1224 1614 ’
1241 1604 1418 1645 cardinalis,
1435 1611 1488 1637 aut
1512 1605 1635 1638 Ioannis
1652 1605 1880 1649 archiepiscopi
1895 1615 1985 1649 prae-

1240 1658 1398 1691 dictorum
1423 1658 1486 1691 vita
1510 1658 1642 1692 durante
1667 1658 1823 1703 superior,
1839 1664 1873 1691 ut
1896 1668 1985 1703 prae-

1241 1712 1353 1752 fertur,
1378 1712 1496 1746 electus
1520 1717 1550 1745 et
1573 1712 1753 1746 nominatus
1777 1722 1840 1745 non
1870 1712 1983 1753 fuerit,

1241 1765 1343 1799 omnis
1359 1765 1529 1799 auctoritas
1547 1771 1576 1799 et
1593 1766 1799 1810 superioritas
1812 1766 1851 1799 ad
1863 1765 1985 1811 praedi-

1241 1823 1365 1852 ctorum
1398 1818 1627 1852 monachorum
1660 1819 1906 1853 reformatorum
1930 1829 1984 1853 su-

1240 1873 1399 1917 periorem
1431 1877 1504 1907 tunc
1529 1873 1713 1906 existentem
1745 1873 1890 1907 devoluta
1914 1884 1984 1908 esse

1240 1932 1415 1968 censeatur,
1424 1933 1455 1960 et
1467 1928 1537 1961 talis
1554 1927 1699 1972 superior
1714 1933 1788 1961 tunc
1800 1928 1983 1962 omnimoda

1241 1991 1296 2014 seu
1324 1980 1485 2014 ordinaria
1509 1981 1696 2015 auctoritate
1729 1981 1761 2014 in
1788 1981 1887 2015 dictas
1918 1992 1984 2016 mo·

1240 2034 1338 2068 niales
1362 2034 1491 2078 polleat)
1509 2034 1645 2078 ipsisque
1670 2033 1807 2068 Henrico
1831 2034 1984 2069 cardinali

1241 2092 1271 2120 et
1290 2087 1396 2121 loanni
1420 2087 1659 2131 archiepiscopo
1679 2096 1802 2121 necnon
1826 2088 1983 2132 superiori

1240 2140 1442 2181 coniunctim,
1460 2140 1507 2173 vel
1524 2140 1648 2174 duobus
1664 2150 1775 2174 eorum
1799 2141 1831 2173 in
1854 2141 1984 2176 alterius

1241 2194 1391 2235 absentia,
1407 2203 1517 2227 onmes
1537 2197 1567 2227 ct
1589 2193 1728 2237 singulas
1745 2194 1983 2229 constitutiones

1240 2252 1270 2280 et
1287 2251 1401 2282 statuta
1424 2247 1613 2292 praesertim
1637 2257 1654 2280 a
1671 2247 1754 2281 dicta
1772 2248 1908 2282 Antonia
1923 2259 1982 2292 pro

1241 2301 1458 2335 observatione
1467 2301 1644 2345 primitivae
1658 2301 1785 2344 regulae
1798 2300 1982 2335 huiusmodi

1241 2354 1376 2395 condita,
1387 2354 1484 2388 sacris
1498 2360 1602 2387 tanicn
1616 2353 1788 2387 canonibus
1798 2357 1828 2387 et
1841 2353 1983 2387 conciliis

1241 2418 1303 2441 non
1313 2407 1482 2448 contraria,
1493 2412 1527 2440 ut
1537 2407 1724 2451 praefertur,
1735 2406 1941 2451 approbandi,
1952 2411 1983 2440 et

1241 2461 1334 2494 etiam
1348 2461 1408 2493 alia
1424 2460 1568 2493 similiter
1583 2470 1646 2493 non
1663 2459 1830 2500 contraria,
1843 2463 1878 2494 ut
1893 2469 1983 2505 prae-

1241 2514 1358 2555 fertur,
1378 2513 1549 2547 condendi:
1576 2513 1722 2557 insuper,
1746 2513 1830 2557 quod
1854 2513 1983 2558 antiqua

1241 2567 1314 2601 dicti
1339 2567 1464 2601 Ordinis
1487 2566 1687 2607 monasteria,
1710 2567 1740 2599 in
1765 2567 1880 2610 quibus
1909 2578 1982 2602 vera

1241 2621 1338 2666 ipsius
1351 2621 1449 2654 sancti
1459 2620 1616 2654 Benedicti
1627 2620 1737 2664 regula
1753 2621 1981 2663 observabitur,

1240 2674 1406 2709 accedente
1414 2683 1568 2708 consensu
1577 2673 1817 2709 ordinariorum
1826 2675 1982 2716 locorum,

1998 270 2048 299 An.
2063 269 2092 298 C.
2109 268 2175 299 ¹621

2246 2003 2264 2084 ‚Aaou
2246 1870 2264 1997 {edil-

2251 2896 2259 2902 1
2253 2870 2257 2873 -
2240 2190 2263 2859 *aefflgbmefflmssu-stae
2244 2111 2263 2179 έθ-«ῙἈ
2251 2095 2263 2103 ι
