2293 3231
104 250 154 279 An.
170 249 199 279 C.
217 248 280 278 1621

116 1475 286 1502 Archiepiseopts

103 1502 168 1550 εἰέκ
199 1502 286 1523 tacuna-

131 2377 250 2400 clausulae.

908 249 1084 275 GREGOMUS
1108 250 1150 274 XV
1176 250 1222 275 ΡΡ.

300 301 399 339 gatos,
426 300 453 328 ct
480 305 695 340 quoscumque
721 295 808 335 alios,
833 303 894 330 tam
921 299 1041 330 ‹ni-‹lina-

300 349 379 382 riam
402 359 494 392 quam
521 349 695 392 delegatam
724 350 971 383 iurisdietionem
991 352 1042 384 lia—

299 402 427 441 bentes,
452 402 483 434 in
508 403 611 446 prima
638 403 778 442 istantia,
804 408 866 435 tam
891 404 1041 436 haetenus

300 459 402 488 motae
435 465 529 499 quam
567 456 597 487 in
632 456 771 488 futurum
806 457 976 489 movendae
1011 458 1040 489 in

300 507 386 540 curia
405 512 435 540 et
452 508 521 541 soro
538 508 796 552 archiepiscopali
813 509 857 551 (in
871 520 933 552 quo
951 509 1040 548 sorte,

299 565 333 592 ut
357 560 518 600 asseritur,
545 566 627 593 extat
653 567 849 601 consuetum,
875 562 958 604 quod
984 563 1041 594 cle-

300 612 357 645 rici
382 617 505 645 actores
525 613 651 645 trahunt
679 613 774 646 laicos
798 624 880 654 reos,
897 624 953 657 per
973 616 1040 647 olli-

300 665 395 698 ciales
420 670 450 698 ct
474 665 593 698 iudices
613 666 651 698 ab
675 667 744 710 ipso
764 667 921 700 lauderico
945 668 1042 700 cardi-

299 718 378 759 nale,
386 729 421 752 ac
431 718 498 751 eius
508 718 538 750 in
546 719 626 751 dicta
638 720 767 752 eeclesia
778 721 1014 753 successoribus
1022 720 1040 760 ¹,

300 781 359 815 pro
384 776 528 815 tempore
554 771 728 815 deputatos,
745 774 808 805 una
829 783 899 805 cum
921 784 1042 805 earum-

300 824 372 856 dem
398 834 566 857 causarum
591 824 818 865 incidentibus,
843 825 1041 869 dependenti-

300 877 369 917 bus,
397 877 649 919 emergentibus,
675 877 802 909 annexis
828 881 857 911 et
881 878 1039 919 connexis,

301 929 434 973 totisque
450 929 591 972 negociis
607 930 843 973 principalibus,
861 931 973 971 audiri,
991 941 1040 963 co-

300 983 408 1026 gnosci
434 988 464 1016 et
487 983 549 1016 fine
574 983 691 1023 debito,
717 988 811 1027 prout
835 984 913 1016 iuris
936 984 1039 1025 suerit,

300 1036 472 1076 terminari,
489 1041 520 1069 et
544 1036 667 1069 debitae
691 1036 891 1079 exequutioni
916 1037 1040 1069 deman-

299 1089 367 1122 dari
388 1089 515 1122 omnino
537 1089 686 1129 debeant,
706 1089 854 1132 quodque
874 1090 953 1122 duae
974 1100 1040 1122 sen-

299 1142 414 1176 tentiae
437 1143 615 1176 conformes
635 1142 667 1175 in
687 1143 788 1175 causis
811 1143 981 1186 praedictis
1000 1144 1040 1176 sa-

300 1195 383 1229 ciant
394 1204 467 1229 rem·
478 1195 656 1236 iudicatam,
669 1205 727 1229 nec
743 1196 781 1228 ab
798 1196 842 1229 eis
855 1197 1038 1240 apppellari,

300 1249 455 1284 restitutio
472 1249 503 1282 in
522 1250 681 1292 integrum
700 1259 754 1282 seu
775 1250 917 1284 reductio
934 1250 971 1283 ad
989 1261 1038 1283 ar-

300 1302 429 1335 bitrium
444 1302 519 1335 boni
537 1302 594 1335 viri
609 1303 682 1346 peti,
696 1312 751 1335 scu
764 1313 964 1347 quocumque
978 1304 1039 1337 alio

301 1355 395 1389 modo
426 1356 592 1389 reclamari
615 1356 732 1400 possit,
757 1361 866 1390 tenore
891 1368 1038 1401 praesen-

302 1407 380 1441 tium
405 1409 570 1441 statuimus
593 1413 622 1441 et
646 1409 838 1443 ordinamus.

353 1460 421 1505 53.
446 1461 603 1505 *Dictoque
634 1462 792 1495 Ludovico
823 1463 974 1496 cardinali
1010 1469 1039 1497 et

302 1514 368 1548 eius
384 1514 415 1546 in
435 1514 517 1547 dicta
539 1515 670 1547 ecclesia
694 1516 929 1549 successoribus
954 1527 1041 1560 prae-

300 1567 401 1608 dictis,
422 1571 449 1599 et
476 1567 514 1599 ab
538 1577 576 1600 eo
604 1571 634 1601 ct
658 1567 718 1601 illis
743 1578 801 1612 pro
825 1573 967 1612 tempore
992 1569 1041 1602 de-

299 1620 415 1664 putatis
428 1620 613 1653 officialibus
628 1627 657 1653 et
671 1621 828 1654 iudicibus
847 1621 1039 1663 huiusmodi,

300 1683 409 1707 omnes
427 1679 456 1706 et.
477 1673 627 1717 singulos,
644 1684 701 1707 nce
726 1684 789 1707 non
812 1676 1039 1716 universitates,

300 1727 442 1770 collegia,
459 1732 487 1760 et
510 1728 578 1760 loca
599 1727 691 1760 etiam
706 1728 767 1771 pia,
782 1728 830 1760 ius
844 1734 873 1761 et
889 1729 1040 1763 interesse

299 1780 455 1821 habentia,
473 1786 525 1813 aut
548 1780 665 1813 habere
689 1781 926 1824 quomodolibet
952 1793 1041 1826 prae-

299 1833 469 1875 tendentia,
495 1834 620 1875 citandi,
643 1834 736 1867 etiam
754 1845 810 1878 per
830 1835 966 1868 edietum
985 1847 1041 1879 pu-

299 1887 434 1927 blicum,
459 1887 592 1921 constito
624 1888 794 1920 summarie
818 1888 856 1920 de
880 1898 943 1921 non
974 1893 1039 1923 tuto

300 1950 438 1981 accessu,
455 1950 491 1973 ae
511 1940 629 1974 eisdem
652 1941 710 1973 sub
736 1941 878 1974 censuris
896 1947 923 1974 et
949 1953 1039 1986 pecu-

300 1992 418 2033 niariis,
435 1992 565 2036 aliisque
587 1993 654 2026 eius
677 1994 809 2027 arbitrio
831 1995 1038 2038 imponendis,

301 2045 495 2089 applicandis
503 2051 534 2078 et
541 2047 742 2080 moderandis
750 2048 859 2090 poenis
867 2048 1038 2089 inhibendi,

301 2099 423 2143 aliaque
439 2099 544 2132 omnia
561 2104 591 2132 et
610 2099 733 2142 singula
749 2100 780 2133 in
798 2101 992 2144 praemissis,
1009 2108 1039 2135 et

301 2152 386 2185 circa
409 2162 445 2185 ea
468 2152 705 2196 quomodolibet
732 2154 908 2186 necessaria
933 2159 963 2187 et
987 2165 1040 2199 op-

300 2211 436 2249 portuna
459 2206 603 2247 faciendi,
620 2206 753 2247 dicendi,
771 2207 900 2250 gerendi
921 2213 951 2241 et
967 2218 1038 2242 exe-

300 2259 435 2304 quendi,
460 2259 641 2293 earumdem
674 2265 782 2293 tenore
805 2261 1038 2304 praesentium,

299 2313 425 2357 plenam
439 2318 469 2346 et
481 2314 618 2357 amplam
635 2314 812 2348 facultatem
830 2314 1037 2358 impertimur.

345 2367 360 2410 g
384 2366 413 2400 4.
438 2366 657 2407 Decernentes,
675 2372 856 2410 praesentes
879 2368 984 2400 literas
1001 2368 1038 2401 de

301 2419 527 2463 subreptionis,
545 2419 592 2453 vel
617 2419 820 2463 obreptionis,
847 2426 899 2453 aut
920 2421 1040 2454 nullita-

301 2473 341 2506 tis
365 2472 448 2514 vitio,
470 2483 525 2506 seu
548 2472 730 2506 intentionis
753 2478 889 2513 nostrae,
907 2473 955 2506 vel
979 2474 1039 2507 alio

303 2535 501 2570 quocumque
525 2526 658 2566 defectu,
674 2531 847 2569 praetextu,
865 2527 1039 2567 occasione,

304 2578 352 2610 vel
380 2580 489 2620 causa,
514 2578 608 2611 etiam
634 2589 670 2612 ex
695 2588 732 2612 eo
763 2579 846 2622 quod
878 2580 1040 2623 regulares

339 2640 352 2666 1
369 2638 440 2667 Edit.
455 2639 534 2667 Maia.
549 2639 614 2677 legit
627 2648 798 2669 successores
813 2644 848 2676 (a.
866 2641 915 2677 τ.).

404 2692 482 2723 Ball.
502 2695 583 2725 Rom.
599 2709 634 2718 -
651 2695 711 2724 Vol.
732 2693 799 2724 XII.
961 2695 996 2724 70

1057 298 1266 339 ,liiiiiismoili,
1292 308 1344 330 seu
1370 308 1479 331 eorum
1505 304 1726 342 procuratores
1751 310 1808 331 au-

1076 353 1140 392 diti,
1161 354 1204 385 vel
1231 364 1352 391 causac,
1374 357 1503 396 propter
1527 363 1605 396 quas
1630 358 1811 395 praesentes

1074 412 1276 446 emanarunt,
1301 406 1494 438 examinatae
1518 415 1580 438 non
1605 405 1730 445 suerint,
1754 415 1811 438 no-

1076 458 1143 497 tari,
1162 458 1350 502 impugnari,
1368 459 1514 498 rescindi,
1534 469 1588 491 seu
1612 458 1764 498 revocari,
1781 459 1811 491 in

1077 509 1122 541 ius
1140 511 1187 543 vel
1206 511 1452 544 controversiam
1480 511 1602 551 adduci,
1621 521 1735 555 casque
1755 511 1812 544 sub

1075 562 1244 603 similium,
1270 564 1315 595 vel
1341 563 1539 596 dissimilium
1565 564 1758 606 gratiarum,
1782 569 1813 597 et

1075 615 1311 648 concessionum
1337 616 1608 657 revocationibus,
1632 617 1811 660 suspensio-

1075 668 1176 709 nibus,
1201 669 1455 710 limitationibus,
1479 674 1530 702 aut
1555 669 1623 702 aliis
1647 669 1813 703 contrariis

1075 722 1340 765 dispositionibus,
1352 723 1438 755 sactis
1448 733 1502 755 seu
1516 722 1674 763 faciendis,
1685 723 1813 756 minime

1075 775 1311 818 comprelwndi,
1333 775 1387 808 sed
1412 786 1537 818 semper
1560 775 1687 816 validas,
1705 775 1814 808 firmas

1075 833 1101 859 et
1129 827 1269 860 efficaces
1294 828 1428 861 existere
1453 833 1481 861 et
1506 829 1582 869 sore,
1604 838 1705 872 neque
1729 828 1813 872 quod

1075 880 1155 912 idem
1174 881 1350 914 Ludovicus
1364 881 1530 913 cardinalis
1548 881 1745 914 facultatibus
1757 891 1814 924 per

1074 939 1255 976 praesentes
1269 934 1435 973 conccssis,
1454 934 1574 966 etiamsi
1590 934 1710 977 pluries
1723 944 1814 966 casus

1074 986 1222 1027 evenerit,
1248 997 1321 1019 usus
1346 997 1408 1018 non
1433 987 1536 1027 suerit,
1561 986 1679 1030 opponi
1703 997 1812 1030 posse,

1074 1039 1180 1082 sicque
1193 1039 1232 1071 ab
1246 1039 1392 1072 omnibus
1405 1040 1537 1080 censeri,
1548 1045 1579 1072 et
1595 1040 1636 1072 ita
1649 1050 1707 1083 per
1723 1050 1815 1084 quos-

1073 1101 1209 1134 cumque
1232 1091 1351 1124 iudices
1381 1092 1557 1125 ordinarios
1582 1097 1611 1124 et
1635 1092 1812 1135 delegatos,

1073 1145 1166 1177 etiam
1192 1156 1356 1178 causarum
1382 1145 1488 1189 palatii
1508 1146 1672 1189 apostolici
1695 1146 1815 1180 audito-

1073 1208 1133 1238 res,
1151 1208 1186 1231 ac
1210 1203 1333 1232 sanctae
1358 1200 1514 1232 Romanae
1540 1199 1697 1231 Ecclesiae
1717 1199 1815 1232 cardi-

1073 1251 1167 1291 nales,
1185 1251 1279 1283 etiam
1300 1251 1338 1284 de
1354 1252 1449 1285 latere
1473 1252 1592 1294 legatos
1605 1252 1741 1294 (sublata
1759 1253 1803 1285 eis

1073 1307 1102 1337 et
1118 1314 1228 1337 eorum
1252 1304 1389 1345 cuilibet,
1413 1305 1521 1348 quavis
1541 1304 1631 1337 aliter
1656 1304 1812 1337 iudicandi

1073 1360 1103 1390 et
1126 1357 1351 1401 interpretandi
1377 1358 1520 1391 facultate
1545 1362 1575 1390 et
1594 1357 1813 1401 auctoritate),

1074 1410 1204 1442 iudicari
1230 1415 1260 1443 et
1283 1410 1408 1443 definiri
1433 1410 1560 1450 debere,
1578 1420 1614 1443 ac
1638 1410 1764 1443 irritum
1784 1415 1815 1443 et

1074 1463 1164 1496 inane
1175 1463 1326 1506 quidquid
1341 1474 1431 1496 secus
1444 1473 1540 1507 super
1553 1463 1602 1496 his
1616 1474 1632 1496 a
1643 1473 1813 1507 quoquam,

1073 1516 1182 1559 quavis
1195 1516 1392 1557 auctoritate,
1407 1516 1541 1550 scienter
1554 1517 1602 1550 vel
1619 1517 1812 1560 ignoranter,

1073 1569 1241 1611 contigerit
1265 1569 1420 1602 attentari.

1118 1622 1132 1665 ἓ
1149 1622 1177 1655 5.
1195 1622 1263 1655 Non
1281 1623 1488 1663 obstantibus,
1502 1629 1656 1667 quatenus
1669 1634 1749 1667 opus
1763 1624 1812 1665 sit,
1841 1635 2004 1660 oerogauomn

1826 1661 1946 1682 tran-iorum.

1073 1675 1182 1718 regula
1202 1677 1309 1709 nostra
1327 1675 1364 1708 de
1384 1675 1451 1709 iure
1467 1676 1609 1720 quaesito
1626 1686 1689 1709 non
1704 1677 1814 1709 tollen-

1073 1728 1123 1768 do,
1141 1739 1176 1761 ae
1196 1728 1358 1771 quibusvis
1382 1729 1657 1762 constitutionibus
1682 1734 1712 1762 et
1732 1729 1814 1762 ordi-

1073 1782 1251 1814 nationibus
1271 1782 1461 1825 apostolicis,
1478 1793 1537 1815 nec
1556 1792 1618 1815 non
1635 1782 1767 1815 civitatis
1784 1788 1815 1816 et

1072 1835 1225 1868 dioecesis
1259 1835 1464 1868 Bononiensis
1492 1835 1673 1869 huiusmodi
1698 1835 1812 1879 (etiam

1074 1888 1264 1929 iuramento,
1289 1889 1528 1922 confirmatione
1552 1888 1740 1932 apostolica,
1766 1889 1814 1922 vel

1073 1943 1181 1985 quavis
1213 1942 1361 1975 firmitate
1386 1942 1445 1975 alia
1470 1942 1650 1985 roboratis)
1675 1943 1812 1985 statutis,

1072 1994 1200 2035 usibus,
1225 1995 1311 2039 stylis
1337 2000 1367 2028 et
1390 1995 1688 2036 consuetudinibus,
1718 1996 1813 2028 etiam

1073 2048 1387 2089 immemorabilibus,
1404 2059 1463 2081 nec
1479 2059 1542 2082 non
1560 2048 1722 2092 quibusvis
1743 2059 1814 2082 eon-

1073 2101 1253 2134 servatoriis
1266 2100 1285 2142 ¹,
1306 2101 1480 2145 privilegiis
1502 2112 1628 2145 quoque
1652 2112 1710 2145 pro
1736 2102 1813 2134 elec-

1073 2155 1155 2188 tione
1180 2159 1459 2195 conservatorum,
1485 2155 1613 2188 indultis
1641 2160 1671 2188 et
1702 2155 1813 2188 litteris

1072 2207 1270 2251 apostolicis,
1294 2218 1352 2241 nec
1376 2218 1439 2240 non
1462 2208 1625 2251 quibusvis
1647 2218 1813 2241 conserva-

1074 2261 1172 2301 toriis,
1183 2261 1344 2304 quibusvis
1361 2261 1525 2294 ordinibus
1542 2266 1572 2293 et
1588 2261 1741 2305 personis,
1755 2261 1812 2294 sub

1072 2314 1324 2357 quibuscumque
1335 2314 1499 2347 tenoribus
1513 2319 1540 2347 et
1554 2313 1673 2353 formis,
1688 2324 1724 2347 ae
1741 2324 1813 2346 cum

1072 2367 1233 2410 quibusvis
1268 2367 1540 2409 derogatoriarum
1581 2367 1791 2410 derogatoriis
1805 2394 1813 2408 ,

1072 2420 1203 2462 aliisque
1217 2419 1445 2453 efficacioribus
1458 2425 1489 2452 et
1505 2419 1637 2453 insolitis
1654 2420 1813 2461 clausulis,

1072 2473 1330 2516 irritantibusque
1347 2478 1377 2506 et
1394 2473 1462 2506 aliis
1486 2473 1630 2514 decretis,
1647 2474 1678 2506 in
1696 2483 1814 2517 genere

1072 2527 1119 2558 vel
1136 2526 1168 2559 in
1185 2527 1297 2570 specie,
1315 2537 1351 2559 ac
1367 2526 1443 2559 alias
1463 2526 1495 2559 in
1512 2526 1707 2560 contrarium
1724 2537 1812 2571 prae-

1107 2598 1120 2624 1
1139 2597 1210 2624 Haec
1234 2596 1325 2631 verba,
1345 2604 1414 2633 quae
1433 2597 1532 2624 iterum
1552 2600 1647 2632 postea
1665 2597 1792 2632 leguntur
1804 2619 1812 2631 ,

1073 2641 1114 2670 vel
1133 2641 1219 2678 prima
1235 2641 1276 2670 vel
1290 2641 1409 2670 secunda
1423 2641 1480 2670 vice
1498 2641 1653 2670 redundant
1665 2644 1703 2677 (n.
1719 2641 1767 2679 Τ.).

1716 240 1779 275 553
1824 251 1874 278 An.
1894 251 1922 278 c.
1942 251 2005 280 1621
