2293 3231
292 295 340 322 An.
359 295 386 322 c.
407 295 477 323 1622
522 287 585 320 74⁶2

491 345 650 377 dumtaxat
675 343 732 376 sub
756 345 811 375 sua
835 345 911 375 cura
939 348 968 375 et
1000 344 1149 386 parochia
1175 344 1247 378 lia-t

491 397 582 435 beat,
607 403 635 429 et
659 396 696 428 ad
721 395 904 428 exercitium
933 406 1028 428 curae
1052 383 1248 443 animaruml

491 450 676 482 dilectorum
702 449 838 481 tiliorum
862 449 943 481 illius
963 449 1228 493 p;u·oeliianoi·um

492 509 519 535 et
554 503 729 535 officiorum
765 513 800 535 ac
839 512 969 535 oni-rum
1004 503 1230 546 parochialium

492 556 579 588 valde
592 561 721 596 augusta
739 561 768 588 et
781 555 915 588 obscura
933 557 1053 595 existat,
1067 562 1095 589 et
1114 557 1143 589 in
1162 562 1231 589 actu
1248 559 1249 575 l

492 609 574 641 iltius
599 609 782 641 visitationis
814 609 991 653 praeteritis
1016 610 1105 642 anuis
1135 612 1232 643 factae

491 672 550 706 pro
577 662 627 694 tali
654 662 757 694 habita
781 668 808 694 ct
836 663 932 695 relata
960 663 1070 700 fuerit,
1095 656 1249 707 dictique

491 715 692 759 parochiani,
717 716 769 759 qui
795 726 962 749 nuu‘ierum
988 710 1250 760 quadt'ingento-f

491 779 560 801 rum
575 772 603 802 et
617 769 796 811 nonaginta,
810 770 856 802 vel
875 770 969 809 cirea,
986 781 1048 803 non
1066 770 1231 810 exi-edunt,
1248 760 1249 780 l

490 832 549 866 pro
574 821 677 855 missis
701 828 729 855 et
755 822 823 855 aliis
840 822 953 856 divinis
973 823 1084 857 officiis
1108 816 1250 858 audien—'⁸

490 875 547 915 dis,
572 876 688 920 passim
713 876 751 908 ad
775 876 851 909 alias
875 877 993 910 vicinas
1017 878 1166 911 ecclesias
1182 879 1250 934 «πο-’ἐ

491 929 601 962 cedere
626 930 855 971 consueverint,
880 935 909 964 et
934 931 1065 974 proinde
1089 931 1233 975 expediat

491 982 589 1026 ipsam
614 983 790 1016 animarum
809 995 916 1017 curam
936 985 1006 1018 inde
1031 985 1068 1017 ad
1094 976 1250 1034 aliquam]

491 1046 546 1069 seu
569 1036 689 1081 aliquas
713 1048 749 1070 ex
768 1038 878 1071 vicinis
895 1038 1163 1072 commodioribus
1182 1035 1250 1083 pa-v

490 1089 682 1123 rochialibus
706 1091 846 1124 ecclesiis
863 1092 1044 1132 transferre,
1061 1098 1091 1125 et
1118 1092 1232 1125 dietam
1248 1112 1249 1135 1

491 1143 654 1176 ecclesiam
674 1143 703 1178 S.
734 1144 851 1178 Nicolai
876 1145 969 1178 alicui
994 1138 1250 1188 congregationi}

490 1206 545 1230 seu
569 1197 829 1239 confraternitati‚
847 1199 936 1231 cuius
961 1201 1037 1232 cura
1063 1199 1092 1231 in
1110 1199 1231 1232 decenti
1248 1191 1250 1234 f

490 1255 571 1284 statu
596 1257 806 1291 construetur,
824 1257 855 1285 et
877 1252 1001 1285 divinus
1026 1253 1057 1285 in
1074 1255 1110 1286 ea
1131 1239 1250 1286 cultus¹

491 1309 739 1345 manuteneatur,
753 1305 935 1346 concederc;
949 1317 967 1338 a
980 1306 1075 1349 longo
1092 1311 1232 1350 tempore
1248 1304 1249 1317 ’

491 1367 566 1390 vero
597 1358 824 1402 quamplurimi
861 1359 1012 1392 honestae
1043 1359 1250 1392 conditionis?

492 1410 568 1451 viri,
593 1422 630 1445 ex
654 1412 875 1455 Lotliaringiae
907 1418 937 1445 et
961 1413 1048 1446 Barri
1069 1408 1250 1446 ducatibusl

491 1463 636 1504 oriundi,
662 1465 693 1498 in
725 1466 886 1509 praedicta
917 1466 1005 1499 curia
1037 1477 1108 1498 cum
1135 1467 1232 1499 multa

491 1522 558 1551 tum
582 1518 654 1551 fidei
686 1523 715 1553 et
745 1519 912 1563 probitatis
946 1525 1012 1552 tum
1045 1520 1138 1552 etiam
1166 1520 1232 1563 pie-

492 1571 562 1605 tatis
578 1582 613 1605 ac
627 1582 800 1615 propensae
817 1583 892 1615 erga
909 1572 1020 1606 Sedem
1039 1573 1231 1616 praedictam
1248 1564 1249 1595 Ῑ

491 1624 666 1659 devotionis
689 1626 780 1658 laude
797 1626 911 1659 versati
930 1626 1054 1666 fuerint,
1072 1632 1102 1659 et
1121 1637 1232 1660 eorum

492 1679 581 1712 multi
599 1679 730 1712 diversis
744 1679 881 1713 datariae
895 1685 924 1714 et
941 1681 1145 1714 cancellariae
1162 1691 1234 1724 apo·
1249 1688 1251 1707 i

492 1732 621 1766 stolicae
639 1733 824 1766 muneribus
837 1739 865 1766 et
883 1734 995 1767 officiis
1012 1734 1168 1767 secundae
1184 1745 1234 1778 pe·
1249 1730 1251 1783 j

492 1785 592 1824 ritiae,
610 1785 766 1819 fidelitatis
785 1791 815 1819 et
835 1787 1023 1829 integritatis
1044 1789 1124 1820 fama
1143 1798 1233 1831 prae-

492 1837 619 1878 fuerint,
634 1839 846 1883 continuoque
863 1846 893 1872 et
910 1840 1002 1873 etiam
1019 1850 1104 1873 nunc
1122 1841 1152 1873 in
1167 1840 1233 1884 ipsa
1249 1840 1251 1877 l

493 1892 580 1924 curia
597 1902 660 1925 non
677 1892 767 1936 pauci
793 1903 829 1925 ex
853 1893 944 1926 dietis
961 1893 1125 1926 ducatibus
1144 1904 1234 1937 repe-

493 1944 696 1989 riantur,qui‚
706 1952 939 1980 antecessorum
953 1957 1081 1980 suorum
1096 1947 1234 1990 vestigiis

493 1998 602 2033 seduto
619 2000 807 2041 insistentes,
821 2011 929 2044 parem
955 2012 1025 2034 cum
1044 2001 1088 2034 eis
1110 2001 1233 2034 laudem
1250 2020 1252 2058 ὲ

493 2053 685 2096 promereri¹
701 2054 845 2087 indefessi
863 2055 958 2087 animi
973 2060 1001 2087 et
1017 2055 1162 2099 corporis
1176 2060 1236 2088 stu-

494 2104 545 2138 dio
570 2106 649 2139 felici
674 2107 882 2141 aemulatione
905 2108 1109 2147 contendant;
1128 2114 1155 2141 et
1181 2107 1234 2151 qui

495 2166 744 2203 praecesserunt,
761 2166 945 2205 perpetuum
966 2162 1090 2206 pietatis
1107 2167 1133 2194 et
1161 2161 1234 2194 reli·
1251 2201 1252 2214 ἵ

495 2213 651 2256 gionissui
663 2221 900 2248 monumentum
913 2216 1047 2259 posteris
1057 2216 1234 2259 relinquere
1251 2218 1253 2254 ξ

496 2268 643 2308 volentes,
668 2279 761 2301 unam
787 2269 951 2312 utriusque
977 2280 1068 2302 sexus
1086 2270 1253 2302 clu·istisi-'

495 2319 610 2353 delium
628 2332 664 2354 ex
685 2322 824 2355 einsdem
842 2323 1007 2356 ducatibus
1027 2323 1234 2356 oriundorum
1252 2331 1253 2363 l

496 2374 780 2408 confraternitatem
805 2376 862 2409 sub
887 2376 1082 2409 invocatione
1106 2377 1151 2410 Ss.
1177 2377 1232 2410 Ni-

497 2426 575 2459 colai
599 2433 628 2460 et
655 2428 850 2469 Cadmi-inae,
876 2429 905 2461 in
930 2429 1070 2472 cappella
1095 2429 1253 2463 eiusdem:

497 2480 525 2513 S.
544 2481 660 2513 Nicolai
683 2481 712 2514 iu
734 2483 866 2515 ecclesia
883 2482 911 2515 S.
931 2483 1078 2515 Ludoviei
1102 2483 1236 2515 nationis

497 2533 672 2568 Gallicanae
692 2535 730 2568 de
747 2536 857 2569 eadem
879 2536 961 2569 Urbe
979 2536 1047 2576 sita,
1065 2537 1236 2580 apostoliea

499 2588 681 2621 auctoritate
713 2589 790 2632 erigi
821 2595 851 2622 et
880 2590 997 2622 institui
1023 2583 1254 2630 obtinuerint,l

499 2643 529 2672 et
553 2641 725 2674 confratres
755 2642 853 2685 ipsius
882 2643 1145 2677 confraternitatis
1178 2653 1236 2686 pro

537 2703 547 2728 t
564 2701 634 2729 Edit.
650 2702 727 2730 Μαίη.
745 2703 809 2739 legit
821 2705 987 2738 promoveri
1001 2708 1038 2738 (n.
1055 2708 1104 2738 T.)-

1248 1511 1251 1536 l

1072 296 1251 319 nouantem
1276 295 1431 320 nomnen

1250 2059 1252 2086 ἱ
1269 2056 1362 2088 tattus
1378 2061 1587 2098 nuncupatus,
1613 2061 1641 2089 et
1669 2057 1698 2090 S.
1716 2055 1750 2088 R.
1771 2056 1802 2088 E.
1822 2055 2010 2089 viceeancel·
2024 2063 2119 2087 cenario.
2132 2062 2210 2084 dictam

2023 295 2072 322 An.
2087 295 2117 323 C.
2136 295 2207 324 ¹622

1264 349 1404 387 tempore
1417 343 1596 383 existentes,
1607 344 1688 376 inter
1700 343 1759 376 alia
1771 343 1895 388 pietatis
1907 353 2004 388 opera

1265 406 1321 439 per
1340 407 1394 429 eos
1418 396 1558 429 exerceri
1585 396 1685 436 solita,
1709 406 1864 440 pauperes
1886 397 2007 441 puellas

1265 448 1394 489 dotare,
1419 455 1449 482 et
1476 459 1594 492 egenos
1622 449 1660 482 ad
1689 449 1803 482 dietam
1830 449 1943 483 Urbem
1969 459 2007 483 ex

1265 502 1405 535 eiusdem
1419 503 1585 536 ducatibus
1599 513 1657 547 pro
1671 508 1813 546 tempore
1825 502 2009 536 aecedentes

1266 556 1473 601 eleemosynis
1491 557 1606 597 iuvare,
1621 557 1799 601 dictamque
1813 556 2009 601 cappellam¹,

1265 620 1345 653 quae
1371 611 1558 644 marmoreis
1583 611 1739 654 lapidibus
1759 616 1790 644 et
1813 610 1945 655 picturis
1966 610 2010 643 in-

1266 664 1407 707 signibus
1439 665 1598 708 eleganter
1631 670 1762 706 ornata,
1786 675 1822 698 ac
1857 673 1951 698 cruce
1979 657 2025 697 et'

1266 718 1465 751 candelabris
1489 719 1656 762 argenteis,
1675 719 1799 763 aliaque
1823 717 2010 763 supellectili

1266 774 1354 805 saera
1379 771 1502 805 abunde
1523 773 1673 807 instructa
1691 778 1747 813 est,
1769 783 1824 816 per
1841 772 1920 806 duos
1941 781 2010 816 cap-

1266 824 1420 867 peltanos,
1445 824 1614 857 constituto
1640 824 1684 857 eis
1710 829 1872 857 menstruo
1895 823 2010 857 salario

1267 877 1466 920 competenti,
1481 877 1512 910 in
1526 877 1640 910 divinis
1654 877 1804 910 deserviri
1820 876 1924 910 facere
1939 886 2011 910 con-

1267 930 1441 969 sueverint;
1466 930 1603 974 aliquem
1636 941 1711 964 vero
1744 931 1849 964 locum
1885 939 1944 963 nec
1978 929 2011 962 in

1267 982 1356 1016 dieta*
1371 984 1502 1018 ecclesia
1527 984 1555 1018 S.
1577 983 1737 1024 Ltidovici,
1756 984 1901 1027 illiusque
1917 983 2012 1017 sacri-

1267 1037 1324 1070 stia
1352 1043 1383 1071 et
1413 1038 1582 1079 aedificiis,
1607 1049 1665 1072 nee
1697 1038 1773 1071 alibi
1802 1037 1953 1079 habeant,
1977 1037 2011 1070 in

1267 1102 1329 1136 quo
1360 1103 1419 1136 pro
1448 1092 1584 1135 negotiis
1614 1092 1714 1126 dietae
1746 1091 2011 1126 confraternitatis

1266 1146 1494 1189 pertractandis
1507 1147 1695 1189 congregari
1709 1146 1840 1191 possint,
1853 1151 1884 1179 et
1899 1156 1937 1179 ex
1950 1145 2011 1179 hoc

1266 1209 1328 1233 non
1342 1200 1408 1232 leve
1426 1199 1662 1234 incommodum
1681 1200 1894 1244 experiantur;
1911 1203 2012 1232 recto-

1266 1262 1317 1285 res
1340 1258 1444 1285 autem
1462 1258 1492 1285 et
1509 1253 1683 1286 confratres
1702 1252 1864 1297 praedicti,
1882 1251 2010 1296 speciali

1267 1305 1442 1339 devotionis
1453 1306 1566 1339 affectu
1579 1316 1654 1349 erga
1670 1306 1775 1350 ipsum
1792 1306 1821 1339 S.
1835 1305 2009 1346 Nicolaum,

1267 1369 1360 1402 quem
1378 1359 1423 1392 uti
1448 1359 1613 1392 tutelarem
1638 1364 1808 1403 patronum
1831 1358 1934 1393 omnis
1950 1358 2009 1392 Lo-

1266 1412 1441 1455 tliaringiae
1466 1412 1629 1456 provincia
1661 1412 1775 1455 insigni
1801 1411 2010 1446 venerationis
2212 1445 2218 1457 h

1266 1466 1352 1499 cuttu
1375 1466 1588 1509 prosequitur,
1604 1465 1750 1510 permoti,
1775 1465 1890 1500 dietam
1915 1465 2011 1499 eccle-
2045 1458 2225 1509 namatium-⁵

1267 1519 1344 1551 siam
1369 1520 1398 1552 S.
1424 1519 1554 1560 Nieolai,
1574 1519 1781 1564 praecedente
1806 1519 2010 1553 translatione
2024 1504 2212 1527 ⁰⁹⁶⁸⁶⁰⁸¹⁴¹“””'

1267 1583 1360 1606 curae
1385 1574 1562 1606 animarum
1588 1573 1784 1614 huiusmodi,
1808 1572 2013 1607 confratet·ni-'

1267 1627 1321 1660 tati
1345 1627 1523 1671 praedictae
1547 1627 1677 1660 concedi
1703 1637 1907 1671 summopere
1931 1625 2010 1660 desi-

1267 1680 1393 1721 derent;
1418 1685 1448 1715 ct
1472 1691 1508 1714 ex
1533 1681 1593 1714 hoc
1618 1681 1720 1714 dictae
1745 1679 2011 1715 confraternitatis

1267 1733 1460 1774 commodis,
1485 1739 1515 1767 et
1538 1734 1639 1778 ipsius
1662 1734 1813 1768 ecclesiae
1837 1733 1866 1768 S.
1891 1732 2011 1768 Nicotai

1268 1787 1495 1820 manutentioni
1519 1792 1550 1820 et
1573 1787 1708 1828 ornatui,
1725 1787 1884 1831 divinique
1908 1786 2011 1820 cultus

1269 1841 1299 1874 in
1324 1844 1361 1874 ea
1386 1847 1567 1885 augmento,
1591 1845 1771 1886 opportuna
1795 1842 1916 1875 ratione
1940 1850 2012 1875 con·
2035 1837 2040 1841 ’

1268 1895 1384 1928 sultum
1410 1897 1551 1929 futurum
1576 1895 1631 1935 sitf,

1313 1949 1327 1992 g
1344 1947 1374 1982 3.
1392 1949 1429 1981 Et
1447 1948 1631 1982 venerabilis
1645 1948 1741 1982 frater
1757 1953 1866 1982 noster
1882 1947 2011 1982 Alexan·
2024 1955 2210 2010 pmdfflgwgtitg

1269 2001 1325 2034 der
1350 2001 1516 2045 episeopus
1539 2002 1724 2035 Albanensis
1743 2001 1911 2035 cardinalis
1927 2001 2011 2035 Mon-
2023 2009 2211 2058 ggffovsseeaet-,ass

2021 2090 2137 2112 *ecetesiam
2161 2094 2210 2110 oon-

1270 2109 1376 2149 tarius,
1388 2109 1514 2152 negotio
1531 2109 1601 2153 ipso
1619 2109 1706 2153 prius
1723 2108 1761 2142 de
1777 2109 1845 2142 eius
1862 2108 2010 2142 mandato
2025 2116 2228 2169 fggeng-ssffnccffii·

1271 2167 1392 2195 mature
1416 2167 1447 2195 et
1473 2162 1645 2205 prudenter
1662 2161 1820 2202 discusso,
1845 2161 1883 2194 ad
1909 2165 2011 2195 trans·
2025 2172 2095 2222 {3332
2131 2195 2211 2217 omum-

1270 2216 1416 2249 lationem
1432 2227 1525 2249 curae
1539 2217 1714 2249 animarum
1728 2221 1758 2248 et
1775 2215 2009 2249 concessionem
2025 2221 2212 2276 &spanagium

1269 2270 1419 2303 eeclesiae
1436 2270 1464 2303 S.
1486 2270 1604 2303 Nicolai
1625 2268 1805 2302 huiusmodi
1822 2268 1942 2302 utiliter
1957 2267 2011 2301 de·
2025 2275 2212 2323 Esstell'tffi'ss'ss‘ut

1270 2323 1367 2356 veniri
1382 2333 1474 2367 posse
1489 2323 1681 2363 iudicaverit,
1692 2322 1816 2365 illisque
1829 2321 1897 2365 ipse
1910 2321 2012 2364 (dum-
2026 2329 2111 2350 erecti·-

1270 2376 1365 2409 modo
1385 2382 1490 2409 tamen
1515 2376 1595 2409 hona
1615 2381 1643 2409 et
1669 2375 1871 2420 propietates,
1890 2385 1926 2408 ac
1949 2374 2012 2407 fru-

1270 2434 1348 2470 ctus,
1362 2430 1512 2470 redditus,
1522 2435 1703 2473 proventus,
1718 2429 1796 2468 iura,
1806 2428 2011 2462 obventiones

1270 2489 1299 2515 et
1313 2483 1525 2516 emolumenta
1539 2483 1684 2515 universa
1701 2481 1839 2515 eiusdem
1860 2481 2011 2514 ecclesiae

1270 2538 1298 2569 S.
1314 2536 1431 2569 Nic-olai
1445 2536 1568 2569 duobus
1585 2535 1819 2569 canonicatibus
1835 2538 1865 2568 et
1881 2533 2011 2567 totidem

1270 2590 1457 2633 praebendis
1480 2600 1580 2634 nuper
1604 2589 1634 2622 in
1651 2589 1734 2622 dieta
1759 2588 1892 2622 ecclesia
1911 2587 2011 2621 sancti

1271 2642 1428 2676 Laurentii
1460 2642 1631 2686 apostolica
1663 2641 1848 2675 auctoritate
1877 2641 2010 2682 erectis,

1307 2707 1319 2732 1
1341 2705 1411 2732 Edit.
1428 2704 1506 2732 Maia.
1523 2704 1587 2740 tegit
1600 2705 1731 2739 dictaque
1745 2704 1877 2739 cappella
1890 2704 1929 2740 (a.
1945 2703 1995 2739 1⁸.)-

2151 2169 2211 2195 prim
2223 2169 2228 2178 ¹
