2293 3231
263 247 313 289 ¹An.
330 247 359 274 C.
377 246 441 274 1621

318 2025 450 2047 facultatem

266 2052 350 2073 domino
399 2052 451 2072 Cun-

265 2080 357 2100 nantino
378 2079 450 2099 abbati

265 2106 451 2131 ci›nceitit,utpos-

266 2136 293 2153 nit
329 2136 451 2153 construere

265 2160 453 2186 hospitiumetcol-

266 2187 342 2212 legium
372 2186 451 2212 Grego-

266 2219 348 2234 rianum
373 2219 452 2234 nuncu·

266 2241 358 2265 pandum
365 2246 401 2266 pru
409 2246 452 2261 mn·

266 2267 453 2288 rinchisiotiuzOr-

266 2293 322 2314 diuis
343 2294 365 2314 S,
385 2293 450 2314 Iti-ne·

266 2319 318 2340 dicti
333 2321 359 2340 ad
374 2320 451 2342 Urbem

266 2346 425 2368 accedentibus.

492 238 556 273 540

462 297 511 331 vel
525 296 563 330 ab
580 297 718 337 bomine,
736 296 843 340 quavis
865 296 1028 340 occasione
1046 297 1095 330 vel
1112 298 1206 331 causa

464 350 550 391 latis,
575 350 600 382 si
625 350 738 394 quibus
769 350 1009 394 quomodolibet
1039 350 1208 384 innodatus

463 404 576 443 existit,
593 403 631 436 ad
649 403 795 436 cll'cctuni
811 404 1025 448 praesentium
1047 404 1206 438 dumtaxat

464 456 731 499 ‹elisoque-ndum,
753 457 866 489 harum
893 457 973 490 serie
999 457 1206 499 absolventes,

464 515 491 541 rt
517 509 696 543 absolutum
723 510 788 543 t'orc
806 516 980 551 censentes,
1005 522 1140 555 eumque
1157 522 1208 555 pa-

465 565 550 595 terna
569 563 788 597 benevolentia
806 565 1068 609 complectentes,
1088 576 1123 599 ae
1141 576 1209 610 spc—

465 622 568 650 rantcs
590 617 685 661 quod,
704 618 728 650 si
747 617 866 651 dictum
886 618 1056 663 hospitium
1075 630 1130 652 seu
1147 620 1209 653 col-

464 670 580 714 legitur]
614 671 814 713 instituatur,
846 673 929 705 illius
962 673 1113 708 institutio
1145 684 1207 706 non

462 724 563 756 solum
585 724 616 757 in
637 724 733 757 divini
759 726 862 759 cultus
886 731 1091 770 augmentum
1119 738 1209 771 prae-

462 777 579 821 fatique
597 777 722 811 Ordinis
740 786 973 818 ornamentum,
991 792 1027 814 ac
1045 781 1128 813 illius
1145 792 1209 815 mo-

462 831 636 865 nachorum
670 832 931 872 subventionem,
964 835 1018 867 sed
1051 835 1144 868 etiam
1177 835 1208 868 in

462 885 563 919 dictae
589 885 681 919 Urbis
706 892 833 920 nostrae
857 893 1014 925 ornatum,
1033 899 1067 921 ac
1086 889 1209 922 christi-

463 939 603 973 tidelium
629 941 824 985 spiritualem
856 943 1106 977 consolationem
1135 955 1206 977 ces-

463 1004 536 1027 sura
561 995 621 1035 sit,
648 1006 769 1029 necnon
794 996 922 1038 situum,
943 998 1161 1031 aedificiorum
1180 1004 1209 1031 ct

463 1048 606 1082 locorum
631 1056 820 1094 emptorum,
846 1051 1086 1093 conductorum,
1111 1052 1209 1085 dona-

463 1107 568 1135 torum
587 1109 617 1136 et
642 1114 805 1137 eessorum
822 1106 997 1149 respective
1013 1106 1208 1147 situationes,

463 1156 612 1198 contines,
627 1158 777 1191 vocabula
793 1164 821 1192 et
836 1159 1108 1194 deuomimitioncs
1123 1172 1209 1205 prac-

463 1211 604 1244 scntibus
620 1222 678 1256 pro
694 1213 851 1257 expressis
875 1213 1041 1254 liailieiites;
1066 1225 1123 1248 nec
1146 1226 1209 1249 non

463 1270 643 1299 contractus
667 1267 863 1310 emptionum
890 1273 917 1300 ct
943 1268 1208 1311 emuluctionum,

462 1323 555 1362 atque
580 1319 775 1361 donationes,
801 1332 857 1354 seu
881 1321 1048 1362 cessiones,
1066 1327 1100 1355 ut.
1119 1334 1209 1366 prac-

464 1371 573 1413 sertin,
589 1373 695 1414 factas,
709 1385 744 1407 ac
759 1374 852 1407 ctiam
867 1375 1045 1419 emptiones
1059 1381 1088 1408 et
1106 1376 1210 1419 acqui-

464 1425 593 1459 sitiones
618 1427 752 1460 aliorum
781 1428 897 1462 situum
926 1434 955 1461 ct
987 1429 1145 1462 bonorum
1171 1429 1208 1462 ad

463 1490 555 1513 usum
579 1480 716 1514 fabricae
741 1481 815 1514 dicti
841 1482 969 1526 hospitii
1002 1493 1056 1515 seu
1084 1483 1209 1526 collegii

464 1544 523 1576 pro
549 1539 691 1578 tempore
716 1535 888 1573 faciendas,
920 1547 956 1568 ex
988 1547 1089 1577 nunc,
1115 1543 1208 1581 prout

463 1593 631 1632 postquam
656 1589 754 1621 sactae
780 1589 912 1630 suerint,
937 1600 974 1623 ea
997 1591 1210 1634 approbantes

464 1646 494 1674 et
531 1641 780 1684 confirmantes3
817 1654 994 1688 omnesque
1030 1650 1091 1678 tam
1133 1645 1209 1678 iuris

464 1706 558 1738 quam
585 1696 655 1729 sacti
681 1707 717 1729 ac
741 1697 988 1739 solemnitatum,
1008 1699 1210 1742 quantumvis

464 1749 729 1792 substantialium,
743 1756 771 1784 et
787 1751 871 1784 circa
888 1753 1061 1796 praemissa
1080 1753 1210 1798 requisi-

465 1808 568 1836 tarum
581 1814 636 1837 seu
653 1804 928 1849 requirendarum,
945 1806 1099 1847 detectus,
1115 1807 1139 1840 si
1156 1807 1209 1851 qui

465 1857 526 1889 iam
553 1856 790 1899 intervenerint,
812 1864 866 1892 aut
882 1870 940 1903 pro
960 1865 1102 1903 tempore
1118 1860 1211 1894 inter-

466 1911 587 1944 venisse
600 1913 816 1956 apparuerint,
834 1913 947 1946 harum
966 1914 1047 1946 serie
1065 1914 1211 1958 supplen-

467 1969 522 2006 tes,
546 1964 729 2000 huiusmodi
747 1967 1030 2011 supplicationibus
1053 1968 1208 2002 inclinati:

511 2020 526 2062 ἓ
551 2018 580 2052 6.
606 2019 713 2053 Eidem
739 2021 941 2055 Constantino
967 2021 1092 2061 abbati,
1119 2027 1151 2055 ut
1179 2023 1209 2054 in

466 2072 549 2107 dictu
574 2074 667 2111 Urbe.
692 2085 728 2108 ac
753 2075 874 2116 sitibus,
899 2075 1050 2109 aedificiis
1066 2081 1096 2109 ct
1113 2076 1211 2110 domi-

467 2127 535 2170 bus,
560 2138 576 2160 a
601 2127 715 2162 dilecto
739 2129 804 2162 tilio
828 2134 937 2163 nostro
963 2130 993 2162 in
1017 2130 1100 2163 dicta
1127 2130 1209 2163 l‘rbe

467 2180 598 2224 eiusque
623 2181 766 2216 districtu
796 2183 912 2216 vicario
937 2183 968 2215 in
993 2183 1209 2227 spiritualibus

467 2235 607 2277 generali
627 2241 657 2268 ct
685 2235 768 2269 dicto
786 2237 962 2270 Alexandro
976 2237 1128 2282 episcopo
1145 2249 1210 2271 car-

466 2289 570 2322 dinale
593 2290 682 2334 prius
705 2291 918 2335 approbandis
935 2296 965 2324 et
984 2291 1155 2333 visitandis,
1173 2304 1207 2325 u-

466 2352 542 2375 num
567 2343 741 2388 hospitium
768 2355 821 2378 seu
846 2345 1015 2388 collegium
1040 2356 1099 2390 pro
1122 2356 1208 2379 rece-

466 2395 573 2438 ptione
604 2397 833 2431 monachorum
865 2401 1089 2432 extraneorum
1115 2399 1209 2432 totius

465 2448 590 2482 Ordinis
615 2450 713 2484 sancti
738 2451 909 2492 Benedicti,
934 2457 963 2484 ct
988 2451 1046 2484 sub
1071 2452 1137 2485 cius
1162 2463 1209 2485 re-

466 2502 539 2544 gula
568 2503 792 2545 militantium,
818 2504 856 2537 ad
888 2504 1003 2538 Urbem
1035 2505 1208 2539 devolionis

466 2565 521 2588 seu
545 2557 745 2599 negotiorum
771 2559 817 2591 rel
839 2558 1014 2592 studiorum
1035 2561 1127 2592 causa
1148 2571 1208 2604 pro

466 2613 609 2653 tempore
619 2612 868 2653 accendentium,
877 2615 938 2645 una
947 2624 1018 2646 cum
1031 2613 1208 2654 refectorio,

1047 248 1227 273 BL'LLARIUM
1253 248 1408 274 ROMANUM

1222 2603 1297 2664 [per
1321 2613 1440 2647 (lictum
1471 2612 1707 2646 Constantinum
1740 2613 1888 2647 abbatem
1921 2613 1984 2648 iam

1999 252 2049 280 Αῑι.
2065 252 2096 281 C.
2114 252 2179 281 1621

1240 303 1435 339 construere,
1460 308 1515 331 seu
1540 299 1683 333 construi
1706 300 1820 342 facere,
1837 299 1937 334 libere
1955 306 1985 334 et

1240 350 1325 384 licite
1350 350 1448 395 possit
1474 356 1504 384 et
1528 351 1638 392 valeat,
1662 352 1822 386 licentiam
1845 359 1875 387 et
1891 352 1986 387 sacul-

1242 410 1347 445 tatem‚
1372 405 1544 449 apostolica
1567 406 1762 447 auctoritate,
1782 407 1985 441 concedimus

1241 462 1271 492 et
1296 458 1506 503 impertimur.

1286 512 1300 556 ξ
1326 512 1354 545 7.
1380 513 1523 557 llludque
1547 524 1584 547 ex
1609 523 1702 555 nunc,
1726 517 1821 558 prout
1845 520 1985 556 extunc,
2013 527 2187 559 ‘cniiegiisppp-

1242 571 1271 598 et
1296 576 1312 598 c
1337 571 1457 607 contra,
1482 571 1650 611 postquam
1668 573 1885 601 constructum
1901 573 1932 602 et
1947 568 1986 602 ad
2000 557 2187 612 iii'iissi'inssr'fassaffi

1243 619 1482 653 convenientem
1506 620 1658 662 formam,
1684 621 1725 655 ita
1746 627 1779 655 ut
1803 621 1834 654 in
1859 632 1896 656 eo
1921 632 1987 655 mo—
2000 608 2188 662 {iiiimv‘i'i'ese'ff

1242 673 1334 706 uaclii
1365 674 1464 718 recipi
1493 678 1523 708 ct
1549 675 1690 710 habitare
1716 675 1860 720 possint,
1890 665 2188 720 redu-l‘ss'lffirffffii'-

1242 732 1327 760 ctum
1350 728 1462 769 suerit,
1487 728 1519 761 in
1543 728 1716 773 hospitium
1741 739 1796 762 seu
1815 729 1986 772 collegium
2001 719 2043 737 “¹³¹¹
2061 716 2125 738 mm

1244 781 1475 814 monachorum
1510 787 1734 816 extraneorum
1761 781 1836 816 dicti
1861 781 1987 816 Ordinis

1243 834 1474 877 Gregorianum
1500 835 1763 879 nuncupandum;
1781 835 1812 868 in
1828 845 1891 879 quo
1908 834 1988 868 adsit

1243 898 1325 921 unus
1339 889 1496 933 superior,
1509 889 1564 932 qui
1579 889 1675 922 abbas
1689 888 1882 933 praesidens,
1896 898 1990 923 unus-

1243 953 1303 986 que
1329 942 1581 987 x'icepraesidens
1596 970 1603 983 ,
1627 943 1682 987 qui
1706 942 1905 987 praepositus
1933 953 1988 976 vo-

1243 999 1370 1035 centur;
1396 1000 1427 1028 ct
1449 995 1483 1029 in
1507 1006 1571 1040 quo
1596 995 1744 1029 monachi
1760 995 1834 1030 dicti
1851 995 1987 1037 Ordinis,

1243 1049 1280 1082 ad
1306 1050 1449 1083 camdem
1476 1050 1594 1083 L'rbem
1618 1050 1794 1084 devotionis
1830 1060 1887 1083 seu
1921 1055 1987 1083 stu-

1243 1103 1368 1136 diorum
1383 1104 1431 1137 vel
1445 1104 1648 1147 negotiorum
1663 1106 1758 1138 causa
1770 1104 1986 1145 accendentes,

1243 1157 1361 1201 recipi,
1392 1157 1497 1202 ibique
1530 1158 1675 1201 (durante
1705 1169 1817 1192 corum
1841 1158 1873 1192 in
1903 1158 1986 1192 dicta

1244 1210 1326 1244 l'rbe
1351 1211 1526 1256 mansione)
1552 1211 1704 1253 habitare,
1729 1217 1929 1256 pernoctare,
1947 1218 1986 1252 et,

1243 1264 1346 1309 quoad
1372 1265 1456 1298 illius
1473 1265 1613 1299 redditus
1631 1266 1712 1298 serre
1733 1271 1899 1310 poterunt,
1917 1266 1987 1299 clia-

1244 1319 1366 1352 ritative
1398 1320 1544 1360 tractari,
1569 1331 1680 1354 eorum
1712 1321 1913 1354 necessitates
1937 1331 1988 1354 su-

1243 1372 1372 1413 blevari,
1391 1374 1469 1420 etin
1486 1384 1560 1407 casu
1578 1374 1769 1407 infirmitatis
1793 1373 1900 1407 curari
1916 1384 1987 1418 pos-

1244 1427 1304 1459 sint
1328 1431 1357 1460 et
1381 1427 1531 1467 debeant,
1550 1433 1580 1460 et
1599 1428 1750 1472 quamdiu
1767 1428 1843 1461 inibi
1860 1428 1987 1469 fuerint,

1244 1481 1420 1525 theologiae
1445 1487 1475 1515 et
1499 1482 1576 1514 iuris
1608 1482 1769 1523 canonici,
1793 1482 1926 1527 aliisque
1950 1483 1987 1516 li-

1243 1535 1399 1568 beralium
1429 1535 1545 1568 artium
1577 1536 1705 1577 studiis,
1737 1536 1797 1569 sub
1828 1536 1988 1581 aliquibus

1243 1588 1384 1622 eiusdem
1394 1589 1522 1634 hospitii
1536 1600 1590 1623 seu
1604 1591 1729 1634 collegii
1742 1590 1987 1635 professoribus,

1244 1646 1306 1674 tam
1330 1642 1456 1687 publice
1477 1654 1572 1688 quam
1596 1643 1759 1689 privatim,
1784 1655 1895 1678 vacare
1919 1655 1988 1689 pos·
2033 1688 2037 1692 ι

1243 1696 1318 1736 sint;
1343 1701 1373 1731 et
1398 1697 1454 1730 sub
1479 1699 1567 1739 cura,
1584 1698 1740 1741 gubernio
1761 1704 1791 1731 et
1809 1698 1988 1732 obedientia

1243 1750 1318 1784 dicti
1339 1751 1460 1786 abbatis
1484 1751 1693 1796 praesidentis
1719 1753 1787 1797 (qui
1813 1753 1844 1786 in
1868 1763 1932 1796 eos,
1958 1764 1988 1788 a-

1243 1805 1363 1848 liasque
1383 1805 1458 1838 dicti
1474 1805 1602 1849 hospitii
1620 1816 1676 1839 seu
1692 1806 1817 1849 collegii
1835 1816 1987 1851 personas

1244 1863 1274 1891 et
1298 1858 1469 1892 servientes
1494 1859 1749 1903 superioritatem
1775 1865 1930 1902 exerceat,
1954 1860 1989 1894 il-

1244 1912 1366 1956 liusque
1390 1913 1473 1946 bona
1498 1912 1663 1955 gubernet,
1688 1924 1723 1947 ac
1748 1913 1786 1947 de
1811 1913 1987 1948 redditibus

1244 1965 1275 1997 in
1303 1965 1386 1999 illius
1415 1976 1508 1999 usum
1536 1966 1695 2010 disponat)
1726 1966 1849 2008 vivant,
1878 1967 1987 2012 illique

1243 2019 1288 2052 uti
1321 2020 1480 2064 superiori
1512 2020 1724 2054 obedientiam
1752 2025 1929 2065 praestent,
1957 2027 1988 2055 et

1243 2073 1332 2115 alias,
1357 2074 1395 2107 ad
1420 2074 1517 2107 instar
1549 2085 1824 2120 quorumcumque
1851 2075 1986 2110 aliorum

1243 2128 1455 2172 hospitiorum
1486 2139 1540 2161 scu
1570 2129 1778 2172 collegiorum
1802 2130 1986 2174 quorumvis

1243 2180 1396 2215 Ordinum
1433 2187 1496 2215 tam
1528 2182 1559 2215 in
1592 2182 1673 2215 dicta
1708 2183 1791 2216 Urbe
1826 2193 1922 2227 quam
1954 2182 1987 2216 in

1243 2245 1442 2279 quacumque
1467 2236 1529 2269 alia
1553 2236 1663 2269 mundi
1687 2242 1777 2280 parte
1801 2241 1832 2270 et
1855 2236 1986 2280 regione

1242 2289 1469 2330 institutorum,
1494 2295 1659 2334 perpetuo,
1673 2290 1740 2323 sinc
1753 2289 1885 2323 alicuius
1897 2300 1986 2334 prae-

1243 2344 1369 2385 iudicio,
1395 2345 1547 2389 erigimus
1572 2349 1602 2380 et
1625 2345 1828 2379 instituimus.

1287 2399 1302 2442 5
1326 2397 1354 2431 8.
1381 2398 1491 2443 Illique
1516 2398 1560 2432 sic
1583 2402 1688 2433 erecto
1705 2404 1736 2431 et
1752 2398 1905 2440 instituto,
1924 2409 1984 2443 pro
2077 2416 2186 2448 Quaem:

1242 2462 1376 2485 onerum
1401 2452 1445 2485 illi
1469 2451 1717 2485 incumbentium
1735 2453 1983 2496 supportatione,
1998 2443 2056 2492 {³¹⁰1}ss
2068 2443 2188 2492 ςξζὲηῃῖῗζ

1241 2506 1346 2539 onmia
1356 2511 1386 2539 ct
1403 2506 1536 2549 singula,
1547 2516 1608 2547 res,
1622 2506 1832 2550 proprietates
1845 2512 1876 2540 et
1891 2506 1984 2549 bona,
1998 2503 2073 2545 ῗὲἲῗέι,
2083 2497 2186 2551 Ἢᾞὲῗι

1241 2560 1273 2592 in
1296 2560 1461 2604 quibusvis
1486 2559 1580 2593 rebus
1605 2559 1825 2601 consistentia,
1849 2560 1894 2593 illi
1920 2565 1983 2594 tam
1998 2550 2186 2604 ῗέἑοῗὲἶῖἑξζζῧξὲἐ

1949 2603 1956 2610 ’
1998 2609 2036 2631 pro
2044 2606 2186 2630 onai-nmmo·

1997 2631 2120 2658 portatione
2148 2635 2186 2658 up·

467 2662 665 2706 dormitorio,
690 2665 777 2700 cellis
802 2672 830 2700 et
851 2666 995 2710 partibus
1011 2665 1367 2709 neccssa1·iis,l1·elicta,›
1384 2666 1422 2700 ad
1446 2666 1586 2701 valorem
1611 2675 1750 2701 annuum
1775 2672 1901 2715 centum
1917 2677 1986 2703 seu-
1997 2658 2071 2686 ‘'¹¹⁰²''
