2293 3231
82 260 132 286 Αιι.
151 259 180 285 C.
200 258 263 286 1621

120 795 268 822 Tun-umplo-

84 828 130 844 rum
144 821 202 843 fides.

118 2013 238 2036 Exordium.

120 2384 240 2410 Decretum.
249 2386 275 2407 do

95 2416 137 2437 quo
150 2412 171 2433 iii
184 2413 276 2435 rubrica.

886 256 1063 282 GnEGons
1083 256 1124 282 XV
1144 257 1192 282 ΡΡ,

281 305 512 345 insererentur,
538 305 758 348 praesentibus
782 316 841 349 pro
867 304 1022 348 expressis

280 358 463 401 habentes),
489 358 550 391 illis
574 358 649 391 alias
677 358 709 390 in
733 368 790 391 suo
815 358 932 391 robore
956 367 1023 402 per-

281 410 447 451 mansuris,
473 411 530 443 hac
557 411 620 444 vice
645 411 826 451 dumtaxat,
851 411 883 443 in
907 420 1022 453 genere

282 469 312 496 et
335 463 366 496 in
391 463 515 507 specie,
541 464 579 496 ad
610 464 755 497 effectum
788 463 1022 507 praesentium,

282 516 472 550 sufficienter
497 522 526 549 et
549 527 695 560 expresse
719 517 908 559 derogamus
925 521 954 549 et
974 516 1024 549 de-

283 575 427 612 rogatum
457 581 524 602 esse
555 570 770 609 decernimus,
796 569 944 613 quodque
969 580 1023 603 vos

282 616 425 667 primam*
442 633 505 656 non
530 623 665 656 feceritis
690 623 721 655 in
745 623 886 656 ecclesiis
914 623 1022 655 liuius-

283 675 368 709 modi
392 677 589 720 personalem
611 676 810 710 residentiam
831 682 1022 717 consuetam,

285 729 460 772 ceterisque
485 729 651 762 contrariis
675 730 934 774 quibuscumque.

329 783 344 826 g*
367 781 418 815 ΞΟ.
445 782 595 815 Volumus
620 788 735 823 autem,
760 787 795 816 ut
813 783 1023 826 praesentium

284 835 500 878 transumptis,
521 835 613 868 etiam
631 835 802 879 impressis,
820 846 915 869 manu
931 835 1025 869 alicu-

285 889 333 921 ius
358 889 472 922 notarii
496 889 614 932 publici
640 888 841 932 subscriptis,
866 894 895 923 et
920 889 1023 931 sigillo

285 942 416 975 alicuius
434 951 587 985 personae
602 942 635 974 in
648 941 798 984 dignitate
816 942 1024 974 ecelesiastica

285 995 470 1029 constitutae
494 995 640 1034 munitis,
665 995 774 1027 eadem
792 1005 924 1039 prorsus
948 995 1025 1028 tides

285 1049 318 1081 in
342 1048 459 1081 iudicio
483 1053 513 1080 et
537 1053 623 1080 extra
641 1048 716 1080 illud
733 1048 928 1089 adhibeatur,
946 1059 1025 1092 quae

284 1101 361 1145 ipsis
387 1100 605 1144 praesentibus
629 1101 849 1141 adhiberetur,
875 1102 899 1134 si
925 1102 1026 1135 forent

286 1154 440 1188 exhibitae
465 1155 512 1187 vel
537 1160 687 1188 ostensae.

329 1208 439 1242 Datum
457 1208 573 1241 Romae
585 1234 592 1248 ,
617 1208 700 1252 apud
721 1213 862 1241 sanctum
878 1209 1003 1241 Petrum
1018 1236 1024 1247 ‚
1041 1238 1043 1248 ξ

286 1261 343 1294 sub
354 1261 468 1293 annulo
482 1261 647 1295 Piscatoris
657 1261 706 1293 die
713 1271 781 1294 xxii
791 1262 884 1294 marti
895 1272 1025 1303 imcxxi,
1041 1253 1043 1292 l

284 1314 484 1358 pontificatus
509 1314 608 1347 nostri
634 1325 715 1348 anno
741 1326 758 1347 1.

321 1376 378 1403 Dat.
397 1376 439 1403 die
454 1376 487 1403 2⁴2
503 1376 590 1404 martii
609 1376 685 1411 1521,
703 1377 794 1411 pontif.
813 1385 856 1404 an.
873 1384 890 1403 i.

628 1527 688 1560 Vll.

286 1599 480 1632 Decernitur
503 1599 540 1631 in
565 1598 688 1632 Ordine
703 1599 809 1631 sancei
826 1599 966 1633 Antonii
990 1600 1027 1632 cle

331 1655 440 1685 sancto
457 1651 600 1685 Antonio
622 1651 797 1684 Viennensi
814 1662 879 1685 non
895 1653 1028 1686 admitti

327 1714 418 1748 posse
435 1705 583 1741 novitios,
605 1706 672 1737 m'si
689 1707 914 1739 iuramentum
931 1717 1043 1750 prae-3

330 1758 474 1791 stiterinl
504 1758 542 1791 de
577 1759 736 1791 servanda
773 1759 1001 1802 reformatione
1015 1788 1022 1801 ,
1041 1750 1043 1775 ³

330 1822 431 1855 quam
448 1812 544 1845 abbas
561 1813 726 1856 qeneralz's
743 1813 911 1847 indumerit
926 1812 942 1845 ¹.
1041 1834 1043 1857 i

489 1890 645 1924 Gregorius
667 1890 744 1925 Papa
764 1892 823 1925 XV,
1040 1859 1043 1919 i

434 1936 469 1962 ad
490 1935 621 1963 futuram
642 1935 686 1963 rei
703 1937 882 1963 memoriam.
1041 1966 1044 1992 ἢ

332 2006 376 2039 Ex
399 2006 539 2039 iniuncto
563 2007 653 2039 nobis
676 2007 811 2051 desuper
837 1997 1043 2051 apostolicae¹

289 2058 447 2092 servitutis
464 2059 567 2092 officio
583 2059 621 2092 ad
638 2071 673 2092 ea
698 2060 806 2093 sedulo
824 2060 1026 2102 intendimus,

288 2122 345 2156 per
369 2122 448 2155 quae
469 2113 646 2155 regulares,
672 2113 729 2145 sub
754 2114 839 2146 suari
865 2114 939 2156 iugo
964 2115 1027 2148 Deo

287 2165 492 2204 famulantes,
517 2165 547 2198 in
570 2166 765 2209 regularium
790 2172 819 2199 et
843 2168 1026 2201 salutarium

289 2219 504 2252 institutorum
530 2220 747 2254 observatione
763 2230 826 2254 non
846 2221 940 2255 modo
957 2233 1029 2255 con-

290 2278 474 2312 serventur,
500 2273 554 2305 sed
576 2273 614 2305 ad
634 2273 686 2306 illa
707 2274 901 2307 observanda
927 2275 1027 2308 modis

291 2325 439 2368 congruis
456 2325 652 2358 inducantur.

334 2380 358 2422 §-
388 2379 412 2411 1.
438 2379 515 2412 Cum
540 2380 664 2423 itaque,
689 2380 768 2414 sicut
788 2380 921 2413 dilectus
945 2380 1028 2414 silius

290 2431 459 2466 modernus
483 2432 579 2465 abbas
603 2433 759 2476 generalis
783 2433 907 2467 Ordinis
931 2435 1028 2467 sancti

291 2485 415 2518 Antonii
440 2486 478 2519 de
503 2492 610 2519 saneto
633 2487 767 2520 Antonio
785 2487 951 2520 Viennensi
972 2498 1029 2521 no-

291 2538 339 2571 bis
351 2549 452 2584 nuper
465 2539 578 2584 exponi
594 2540 675 2580 feeit,
689 2541 754 2584 ipse
773 2541 1028 2575 reformationem

328 2655 339 2680 1
360 2652 399 2681 Ex
417 2653 523 2691 Regest.
543 2655 571 2683 in
589 2655 693 2684 Secret.
714 2655 790 2685 Brev.

1056 304 1087 337 in
1105 314 1161 337 suo
1179 303 1304 344 Ordine,
1318 304 1522 338 benedicente
1538 305 1681 344 Domino,
1695 304 1794 338 intro-

1056 358 1172 391 ducere
1190 358 1336 396 intendam
1354 367 1420 399 nos,
1435 357 1590 391 laudabile
1611 358 1709 402 ipsius
1727 368 1794 391 mo-

1056 411 1145 443 derni
1177 411 1298 444 abbatis
1330 412 1527 456 propositum
1558 411 1730 454 plurimum
1764 410 1793 443 in

1056 463 1188 497 Domino
1206 464 1472 505 commendantes,
1497 475 1533 496 ae
1557 475 1619 507 quo
1644 464 1796 497 reforma-

1057 517 1149 550 tionis
1165 516 1355 551 introductio
1372 516 1562 558 huiusmodi,
1584 516 1713 549 sublatis
1730 516 1797 560 qui-

1056 568 1193 601 buslibet
1211 568 1389 609 obstaculis,
1411 568 1531 602 felicem
1550 569 1699 601 sortiatur
1715 568 1796 602 effe-

1057 628 1140 655 ctuni
1165 622 1331 665 providere
1347 623 1496 663 volentes,
1514 622 1552 655 de
1571 622 1796 655 venerabilium

1057 676 1189 708 fratrum
1214 680 1396 708 nostrorum
1417 679 1539 709 sanetae
1558 676 1714 708 Romanae
1740 675 1796 709 Ec-

1058 728 1170 761 clesiae
1201 727 1406 761 cardinalium
1439 728 1573 771 negotiis
1603 728 1795 771 regularium

1058 781 1314 825 praepositorum
1340 781 1489 822 consilio,
1516 781 1616 815 eidem
1646 782 1797 815 moderno

1058 839 1087 866 et
1104 844 1163 877 pro
1181 839 1323 877 tempore
1342 834 1483 867 existenti
1501 834 1574 868 dicti
1596 834 1720 868 Ordinis
1745 835 1798 867 ab·

1057 887 1120 919 bati
1138 887 1278 929 generali
1295 887 1326 919 in
1347 887 1480 920 virtutae
1502 892 1625 921 sanctae
1650 888 1796 921 obedien-

1059 940 1129 979 tiae,
1143 945 1171 972 et
1186 939 1244 972 sub
1258 940 1591 973 excommunicationis
1605 943 1717 985 poena,
1729 951 1800 985 apo-

1059 993 1169 1025 stolica
1193 993 1401 1034 auctoritate,
1425 998 1536 1026 tenore
1562 993 1798 1037 praesentium.

1060 1046 1275 1089 praecipimus
1292 1051 1323 1079 et
1341 1046 1544 1087 mandamus,
1569 1057 1607 1078 ne
1632 1047 1669 1079 de
1695 1050 1799 1080 cetero

1059 1099 1182 1143 aliquos
1210 1099 1241 1131 in
1268 1098 1421 1142 religione
1452 1099 1634 1132 huiusmodi
1666 1100 1800 1133 novitios

1059 1152 1199 1196 recipiat,
1217 1163 1272 1185 seu
1289 1152 1350 1185 iam
1364 1158 1507 1197 receptos
1521 1153 1558 1186 ad
1571 1154 1799 1197 professionem

1060 1206 1219 1246 admittat,
1240 1206 1299 1238 nisi
1317 1206 1404 1249 prius
1421 1207 1464 1239 sic
1482 1206 1653 1250 recipiendi
1673 1217 1726 1240 seu
1751 1207 1801 1241 ad-

1059 1259 1202 1293 mittendi
1228 1260 1259 1292 in
1284 1260 1429 1293 manibus
1452 1260 1605 1304 praedicti
1622 1260 1744 1294 abbatis
1768 1272 1801 1294 se

1059 1314 1314 1346 reformationem
1340 1314 1467 1357 regulae
1494 1314 1634 1347 eiusdem
1657 1314 1801 1355 Ordinis,

1060 1377 1164 1410 quam,
1183 1372 1215 1399 ut
1230 1368 1418 1410 praefertur,
1437 1367 1519 1400 idem
1533 1367 1628 1401 abbas
1645 1368 1801 1410 generalis

1061 1419 1261 1453 introducere
1279 1420 1426 1461 intendit,
1444 1422 1663 1465 amplexuros,
1689 1428 1719 1455 et
1743 1423 1800 1456 sub

1061 1476 1097 1506 ea
1115 1474 1262 1514 victuros,
1280 1474 1462 1515 iuraverint,
1483 1475 1525 1507 ita
1543 1481 1656 1516 tamen,
1682 1482 1716 1509 ut
1741 1476 1801 1510 iam

1061 1527 1204 1571 professi,
1224 1528 1312 1561 nullo
1328 1529 1423 1562 modo
1448 1529 1485 1561 ad
1510 1530 1723 1563 iuramentum
1748 1531 1802 1564 hu-

1060 1579 1194 1613 iusmodi
1212 1584 1383 1623 cogantur,
1405 1582 1553 1625 quodque
1577 1583 1614 1615 de
1639 1589 1745 1617 cetero
1770 1584 1800 1617 in

1060 1634 1249 1677 recipiendis
1266 1635 1391 1668 novitiis
1405 1636 1574 1680 supradicti
1590 1637 1714 1671 Ordinis
1730 1649 1801 1672 con-

1060 1686 1179 1720 stitutio
1196 1686 1296 1720 felicis
1318 1688 1545 1722 reeordationis
1568 1690 1644 1723 Sitti
1664 1691 1685 1722 V
1702 1696 1731 1723 et
1747 1692 1802 1724 de-

1060 1746 1145 1774 creta
1162 1742 1328 1775 Clementis
1342 1742 1405 1776 vill
1415 1754 1450 1776 ac
1461 1743 1546 1776 Pauli
1559 1744 1801 1778 VRonianorum

1060 1795 1248 1829 Pontificum
1264 1797 1543 1840 praedecessorum
1558 1804 1739 1832 nostrorum
1753 1798 1803 1832 dc-

1061 1860 1154 1893 super
1169 1849 1251 1882 edita
1267 1850 1396 1883 omnino
1413 1855 1587 1884 serventur.

1106 1904 1119 1945 g
1137 1903 1165 1935 ⁹2.
1184 1903 1250 1936 Non
1268 1903 1465 1937 obstantibus
1483 1905 1759 1939 constitutionibus
1772 1912 1800 1940 et

1061 1956 1313 1991 ordinationibus
1345 1959 1545 2002 apostolicis,
1575 1970 1624 1994 ac.
1650 1966 1803 2004 quatenus

1061 2021 1140 2054 opus
1165 2011 1213 2051 sit,
1239 2011 1312 2044 dit-ti
1337 2012 1461 2046 Ordinis
1483 2014 1590 2056 (etiam
1613 2015 1803 2051 iuramento.

1061 2064 1301 2097 confirmatione
1318 2066 1502 2109 apostolica,
1518 2067 1564 2099 vel
1582 2067 1691 2111 quavis
1708 2068 1803 2101 sirmi-

1062 2122 1121 2150 tate
1142 2117 1202 2150 alia
1220 2118 1389 2161 roboratis)
1411 2120 1533 2153 statutis
1553 2125 1582 2154 et
1606 2122 1805 2154 consuetudi-

1061 2169 1164 2208 nibus,
1174 2171 1348 2215 ceterisque
1362 2173 1528 2206 contrariis
1542 2174 1802 2219 quibuscumque.

1106 2224 1217 2257 Datum
1243 2225 1369 2263 Romae,
1391 2226 1472 2270 apud
1498 2233 1641 2260 sanetum
1665 2228 1803 2267 Petrum,

1043 2316 1045 2324 k
1062 2277 1119 2309 sub
1132 2279 1247 2311 annulo
1262 2279 1438 2320 piscatoris,
1452 2280 1502 2313 die
1516 2290 1537 2313 n
1551 2281 1659 2323 aprilis
1674 2291 1802 2321 uocxxi,

1063 2331 1261 2373 pontificatus
1278 2333 1376 2366 nostri
1394 2343 1475 2366 anno
1493 2344 1512 2366 1.

1099 2393 1156 2420 Dat.
1178 2394 1221 2421 die
1240 2395 1256 2421 2
1277 2395 1370 2429 api-ilis
1390 2396 1466 2429 1621,
1489 2397 1584 2432 pontif.
1602 2404 1645 2424 aii.
1663 2405 1680 2422 1.

1396 2528 1468 2560 Vlll.

1065 2596 1218 2630 Universo
1245 2597 1364 2632 Ordim·
1379 2598 1597 2633 Eremitarum
1617 2602 1722 2635 sancti
1739 2603 1804 2636 Au-

1104 2650 1243 2693 atcslini,
1260 2650 1359 2685 etiam
1379 2652 1551 2698 utriusque
1568 2664 1672 2693 sexus,
1692 2654 1801 2688 indul·
1822 2665 1826 2668 ·

1697 248 1760 280 510
1809 258 1857 283 An,
1875 257 1902 284 c.
1928 257 1989 286 162¹

1887 1918 2002 1947 Deregatio

1819 1948 1981 1965 contrariorum.
