2293 3231
89 345 139 374 An.
158 343 186 372 C.
207 342 274 371 1622

104 776 233 800 Mandatum,
249 775 274 796 itu

91 808 133 830 quo
147 803 168 824 iu
182 802 274 823 rubrica.

140 2314 223 2335 Poenas
238 2318 286 2333 eon-

101 2342 135 2362 tra
161 2340 289 2361 inobedien·

36 2357 42 2387 '.
51 2382 54 2383 γ
102 2369 134 2388 tos
146 2367 251 2393 designat.

893 338 1069 364 anGonms
1090 339 1130 363 XV
1149 339 1199 363 PP.

287 388 442 423 creditum
468 388 558 421 nobis
589 388 723 432 desuper
754 387 942 431 apostolicae
967 397 1028 420 ser-

290 442 394 476 vitutis
419 442 568 481 osticium,
593 451 693 485 nuper
719 440 970 474 commiserimus
998 446 1027 472 et

289 494 591 533 demandavei·in·1us;
617 493 746 537 dignum
764 493 839 536 quin
859 492 961 536 potius
978 492 1028 524 de-

289 547 389 580 bitum
410 551 602 590 reputamus,
620 556 654 578 ca
670 544 911 588 Congregationi
925 544 1028 577 liuius-

290 599 373 632 modi
389 599 572 640 concedere,
587 609 643 642 per
657 609 737 642 quae
750 597 881 630 faciliori
895 608 1027 630 onerum

290 653 334 685 illi
348 652 596 685 incumbentium
611 650 839 695 supportationi
853 655 1028 694 opportune

291 706 481 739 consulatur.

335 759 350 802 ξ
374 758 403 791 «1.
428 758 512 791 Motu
537 758 640 802 itaque
665 758 805 801 propriO,
831 762 861 790 et
885 767 920 789 ex
943 758 1029 789 certa

291 811 420 844 scientia
436 822 471 844 ac
489 813 578 844 mera
591 811 815 844 deliberatione
836 809 960 849 nostris,
981 808 1030 841 de-

291 875 354 909 que
363 864 551 908 apostolicae
562 864 723 908 potestatis
736 862 936 907 plenitudine,
946 861 1030 905 quod

293 918 331 951 de
364 921 468 951 cetero
500 917 660 961 perpetuis
691 916 803 950 futuris
835 915 1030 959 temporibus

292 981 508 1015 quaecumque
532 976 682 1014 patentes,
708 980 763 1002 seu
777 969 837 1002 alio
854 968 964 1012 quovis
980 978 1032 1000 no-

292 1025 378 1057 mine
399 1028 628 1067 nuncupentur,
645 1023 777 1063 litterae,
805 1021 1031 1064 chirographa,

294 1077 513 1117 instrumenta,
528 1081 712 1109 testamenta
729 1081 759 1108 et
775 1075 852 1107 aliae
869 1084 1034 1118 quaecum-

293 1141 356 1175 que
381 1130 565 1174 scripturae,
589 1139 789 1172 quocumque
814 1128 940 1160 nomine
965 1137 1033 1160 cen-

293 1189 430 1223 seantur,
445 1193 568 1216 necnon
589 1192 805 1225 quaecumque
822 1182 943 1214 litterae
963 1190 1034 1223 apo-

294 1237 433 1283 stolicae,
458 1241 522 1268 tam
539 1235 596 1268 sub
613 1235 754 1279 plumbo,
779 1245 873 1278 quam
891 1234 923 1266 in
940 1234 1033 1266 simili

294 1289 396 1323 forma
428 1289 556 1329 Brevis,
588 1288 835 1331 earumdemque
859 1287 1033 1320 litterarum

296 1343 541 1387 apostolicarum
566 1342 820 1386 supplicationes,
846 1352 939 1385 super
965 1341 1035 1384 qui-

294 1397 491 1440 buscumque
523 1397 675 1440 negotiis,
700 1397 857 1440 rebusque
881 1401 911 1428 et
935 1395 1034 1435 bonis,

297 1456 360 1483 tam
384 1450 553 1484 mobilibus
577 1461 671 1494 quam
696 1449 920 1490 immobilibus,
938 1449 976 1481 ad
993 1449 1037 1492 ip-

295 1514 361 1537 sam
385 1504 666 1547 Congregationem
695 1503 931 1547 quomodolibet
961 1512 1032 1545 spe-

296 1559 451 1595 ctantibus
463 1565 493 1592 et
505 1559 743 1603 pertinentibus,
753 1569 788 1591 ac
801 1558 927 1590 demum
943 1557 1038 1601 quod-

296 1613 586 1658 cumqueinteresse
596 1613 738 1647 eamdem
745 1610 1036 1655 Congregationem¹

298 1668 409 1713 quovis
434 1668 528 1701 modo
553 1673 583 1700 et
607 1678 644 1701 ex
669 1668 778 1712 quavis
795 1669 889 1700 causa
913 1677 1038 1699 concer-

297 1726 417 1763 nentes,
442 1732 500 1766 pro
524 1726 666 1765 tempore
687 1721 898 1754 conficiendae
915 1726 945 1753 et
959 1720 1038 1762 regi-

299 1777 443 1811 strandae
458 1789 466 1818 3
497 1788 619 1810 necnon
652 1776 795 1810 similiter
820 1785 1037 1819 quaecumque

299 1832 431 1872 litterae,
457 1841 534 1876 quas
552 1841 587 1863 ex
606 1830 752 1863 omnibus
773 1829 880 1862 mundi
897 1828 1038 1872 partibus

298 1884 401 1918 eidem
416 1883 658 1927 Congregationi
683 1882 872 1921 scribentur,
897 1892 932 1913 ac
958 1881 1037 1920 illae,

298 1949 378 1983 quae
391 1939 530 1972 eiusdem
543 1937 801 1981 Congregationis
814 1936 939 1969 nomine
953 1940 1039 1967 extra

300 1992 416 2024 almam
441 1992 556 2025 Urbem
580 1996 720 2024 nostram
746 1990 917 2031 mittentur,
943 1988 1039 2032 gratis

301 2045 439 2086 omnino,
465 2050 495 2078 et
517 2045 635 2089 absque
659 2045 724 2077 ulla
749 2043 904 2083 mercede,
921 2046 973 2075 aut
989 2042 1040 2074 ali-

301 2097 389 2131 cuius
420 2097 488 2138 rei,
519 2097 613 2130 etiam
644 2096 843 2141 quantumvis
874 2095 1038 2135 minimae,

302 2151 456 2185 solutione
480 2152 628 2195 expediri,
653 2151 776 2191 confici,
801 2150 974 2193 registrari,
996 2160 1041 2181 re-

302 2205 409 2246 laxari,
431 2205 511 2238 tradi
530 2209 559 2239 et
576 2206 657 2238 mitti
674 2205 816 2243 debeant,
834 2210 941 2237 tenore
954 2214 1041 2247 prae-

302 2259 437 2292 sentium
461 2259 663 2292 concedimus
685 2263 714 2291 et
738 2258 946 2300 indulgemus.

346 2314 361 2356 ἓ
384 2312 414 2346 ⁶2.
440 2313 483 2345 Ac
499 2312 530 2345 in
551 2312 663 2346 virtute
687 2317 810 2344 sanctae
835 2310 1040 2350 obedientiae,

302 2371 333 2399 et
344 2366 401 2398 sub
414 2365 636 2408 indignationis
648 2370 773 2397 nostrae
791 2369 820 2396 et
837 2364 905 2396 aliis
919 2363 1040 2395 arbitrii

301 2418 401 2452 nostri
426 2419 545 2462 poenis,
570 2418 780 2462 praecipimus
804 2423 834 2449 et
859 2416 1041 2449 mandamus

302 2471 423 2505 dilectis
447 2471 520 2504 filiis
544 2470 795 2504 rescribendario
819 2480 855 2502 ac
879 2477 1041 2513 computa-

302 2526 362 2560 tori
383 2526 557 2558 litterarum
576 2525 830 2568 apostolicarum,
848 2534 904 2556 nec
921 2533 983 2556 non
999 2533 1042 2555 se-

303 2579 444 2613 cretariis
458 2579 636 2623 apostolicis
653 2584 682 2611 et
698 2578 840 2611 brevium
854 2577 1042 2621 apostolico-

342 2697 350 2721 1
369 2694 511 2722 videretur
519 2694 763 2730 potiuslegendum
777 2693 906 2721 eiusdem
921 2693 1041 2727 Congre-

304 2741 431 2776 9alionis
446 2742 483 2775 (n.
499 2743 547 2774 Τ.).

1060 397 1130 419 rum
1156 386 1307 429 magistro
1332 396 1367 418 ac
1393 383 1600 428 scriptoribus
1625 387 1654 417 et
1678 383 1798 425 regenti

1060 439 1224 481 montium,
1239 438 1378 477 notariis,
1393 436 1623 477 tabellionibus,
1637 441 1799 480 postarum

1060 492 1228 535 magistris,
1247 492 1376 535 aliisque
1395 490 1580 524 officialibus
1597 494 1628 522 et
1645 488 1798 521 ministris

1061 556 1259 589 quocumque
1288 544 1413 577 nomine
1446 543 1649 587 nuncupatis,
1679 541 1799 575 etiamsi

1061 598 1163 632 officia
1186 598 1276 630 titulo
1301 601 1329 631 et
1355 599 1447 629 causa
1474 607 1559 629 mere
1583 595 1725 629 onerosis
1749 595 1802 628 ob—

1061 652 1188 692 tineant,
1212 656 1246 683 ut
1269 651 1388 683 litteras
1413 649 1605 694 praedictas,
1629 659 1665 681 ac
1689 649 1798 681 chiro-

1062 705 1199 748 grapha,
1224 704 1447 742 instrumenta,
1473 707 1502 735 et
1526 702 1602 734 alias
1630 701 1801 745 scripturas

1062 757 1242 790 huiusmodi
1267 767 1361 800 super
1392 755 1573 800 praemissis
1600 754 1747 787 omnibus
1772 759 1802 786 et

1063 810 1211 853 singuliS,
1236 815 1300 842 tam
1325 808 1516 842 coniunctim
1541 818 1634 851 quam
1660 806 1800 847 divisim,

1064 863 1161 906 gratis
1178 863 1215 895 de
1232 862 1378 895 mandato
1397 867 1505 894 nostro
1523 861 1638 904 ubique
1656 860 1687 892 in
1703 859 1803 893 omni-

1063 916 1122 948 hus
1145 915 1238 947 etiam
1264 914 1528 954 abbreviatorum,
1553 913 1802 952 sollicitatorum,

1065 968 1318 1008 secretariorum,
1342 967 1537 1011 plumbique,
1563 971 1593 998 et
1617 965 1753 1008 registri,
1769 976 1805 998 ac

1065 1022 1133 1054 aliis
1150 1021 1312 1064 quibusvis
1328 1020 1439 1053 officiis
1456 1020 1573 1062 absque
1594 1019 1698 1062 aliqua
1714 1029 1806 1062 pecu-

1065 1075 1190 1106 niarum
1216 1073 1386 1113 exactione,
1411 1073 1504 1105 etiam
1528 1071 1729 1115 quantumvis
1749 1071 1806 1104 mi-

1065 1128 1167 1168 nima,
1195 1128 1287 1161 etiam
1312 1138 1369 1171 per
1394 1127 1475 1159 viam
1501 1125 1737 1169 compositionis
1761 1125 1805 1157 sa-

1067 1183 1204 1223 ciendae‚
1230 1183 1315 1215 omni
1340 1181 1586 1215 contradictione
1609 1185 1638 1213 et
1658 1179 1805 1212 dilatione

1068 1236 1271 1276 cessantibus,
1287 1236 1419 1278 signent,
1436 1234 1611 1278 expediant,
1627 1233 1806 1276 registrent,

1068 1290 1253 1332 mittamque
1278 1294 1307 1321 et
1331 1289 1481 1327 relaxent,
1508 1298 1543 1319 ac
1567 1286 1694 1329 signari,
1717 1296 1807 1329 expe-

1068 1342 1138 1382 diri,
1154 1342 1328 1384 registrari,
1349 1341 1494 1384 mittique
1507 1345 1535 1373 ct
1550 1339 1681 1372 relaxari
1695 1344 1807 1371 curent

1069 1400 1098 1427 et
1123 1395 1232 1427 faciant
1258 1395 1383 1427 realiter
1408 1399 1438 1426 et
1462 1404 1533 1426 cum
1558 1392 1679 1425 effectu.

1114 1449 1128 1492 ξ
1151 1448 1181 1481 3.
1207 1448 1424 1488 Decernentes,
1441 1452 1621 1491 praesentes
1633 1446 1762 1486 litteras,
1779 1450 1809 1477 et

1070 1503 1100 1535 in
1114 1502 1157 1534 eis
1169 1506 1313 1535 contenta
1330 1510 1556 1544 quaecumque,
1567 1499 1653 1532 nullo
1670 1509 1809 1543 unquam

1070 1561 1227 1598 tempore,
1252 1554 1345 1587 etiam
1370 1564 1407 1586 ex
1431 1564 1468 1586 eo
1493 1552 1578 1596 quod
1602 1551 1752 1596 praedicti
1778 1557 1808 1584 et

1070 1608 1260 1652 quicumque
1275 1608 1327 1640 alii
1344 1607 1376 1640 in
1393 1607 1574 1651 praemissis
1590 1607 1741 1639 interesse
1759 1607 1810 1639 ha-

1070 1662 1189 1701 bentes,
1207 1672 1262 1694 seu
1285 1661 1401 1693 habere
1425 1660 1673 1704 praetendentes,
1691 1659 1730 1692 ad
1750 1660 1809 1693 hoc

1072 1715 1181 1755 vocati,
1198 1714 1281 1747 citati
1299 1719 1327 1746 et
1345 1713 1442 1746 auditi
1457 1723 1519 1746 non
1533 1713 1658 1753 fuerint,
1678 1723 1731 1745 seu
1749 1712 1810 1745 alio

1071 1779 1271 1812 quocumque
1288 1772 1460 1811 praetextu,
1478 1768 1571 1799 causa
1588 1771 1618 1798 et
1637 1766 1809 1805 occasione,

1071 1822 1109 1854 de
1134 1821 1346 1864 subreptionis
1370 1820 1419 1853 vel
1443 1819 1638 1863 obreptionis
1669 1822 1720 1852 aut
1743 1819 1810 1851 nul-

1072 1875 1166 1907 litatis
1182 1874 1268 1914 xitio,
1284 1884 1339 1906 seu
1355 1873 1536 1906 intentionis
1549 1877 1673 1905 nostrae
1685 1872 1733 1904 rel
1750 1872 1810 1905 alio

1072 1929 1183 1972 quovis
1207 1928 1328 1960 defectu
1352 1927 1465 1968 notari,
1490 1926 1678 1970 impugnari,
1703 1925 1811 1958 redar-

1072 1982 1135 2025 gui,
1153 1982 1291 2024 infringi,
1311 1981 1350 2014 ad
1367 1981 1414 2013 ius
1432 1981 1479 2014 vel
1498 1980 1745 2013 controversiam
1766 1989 1812 2012 re-

1074 2035 1188 2073 vocari,
1205 2045 1306 2079 neque
1331 2035 1388 2067 sub
1413 2034 1575 2077 quibusvis
1597 2033 1746 2066 similium
1764 2034 1811 2066 vel

1073 2089 1272 2121 dissimilium
1290 2088 1464 2131 gratiarum
1474 2087 1733 2127 revocationibus,
1751 2097 1813 2119 sus-

1072 2142 1284 2187 pensionibus,
1304 2141 1554 2180 limitationibus,
1578 2140 1626 2173 vel
1650 2139 1718 2173 aliis
1743 2150 1813 2173 con-

1073 2195 1178 2228 trariis
1202 2194 1459 2238 dispositionibus
1488 2194 1644 2226 ullatenus
1671 2203 1813 2236 compre-

1074 2248 1167 2281 hendi
1187 2259 1288 2291 posse,
1306 2247 1358 2280 sed
1378 2258 1502 2290 semper
1518 2252 1547 2279 et
1564 2251 1716 2289 perpetuo
1737 2246 1813 2278 vali-

1702 325 1764 361 767
1813 335 1861 361 An.
1878 334 1905 362 c.
1930 333 1996 362 16²2

1850 1456 1959 1476 Ctaumtas
1972 1460 2007 1475 ne-

1823 1488 1928 1512 cessarms
1943 1488 2007 1508 appo-

1824 1512 1861 1530 uu.

1073 2302 1144 2341 das,
1168 2302 1276 2334 firmas
1300 2306 1329 2334 et
1352 2301 1493 2333 efficaces
1518 2299 1650 2332 existere
1675 2304 1705 2331 et
1729 2299 1812 2339 fore,
1837 2303 1846 2314 '

1074 2366 1209 2398 suosque
1219 2355 1375 2398 plenarios
1385 2360 1413 2387 et
1424 2354 1562 2396 integros
1571 2353 1698 2386 effectus
1707 2353 1814 2385 sortiri

1074 2414 1104 2441 et
1117 2409 1270 2448 obtinere,
1284 2409 1400 2451 sicque,
1418 2413 1447 2441 et
1462 2418 1524 2440 non
1541 2407 1640 2447 aliter,
1654 2417 1709 2450 per
1723 2417 1814 2452 quos-

1075 2472 1208 2504 cumque
1240 2462 1358 2494 iudices
1388 2460 1564 2493 ordinarios
1583 2465 1613 2492 et
1637 2459 1813 2502 delegatos,

1075 2515 1166 2547 etiam
1186 2525 1352 2547 causarum
1377 2514 1484 2557 palatii
1508 2512 1671 2556 apostolici
1696 2512 1814 2545 audito-

1075 2578 1124 2600 res
1143 2568 1276 2610 (sublata
1297 2568 1340 2600 eis
1366 2573 1393 2599 et
1419 2577 1529 2599 eorum
1555 2566 1683 2598 cuilibet
1707 2565 1815 2609 quavis

1076 2621 1165 2653 aliter
1189 2620 1346 2653 iudicandi
1371 2625 1401 2653 et
1426 2619 1650 2663 interpretandi
1670 2619 1814 2652 facultate

1075 2678 1104 2707 et
1120 2673 1333 2716 auctoritate),
1350 2673 1481 2705 iudicari
1498 2678 1528 2705 et
1543 2672 1666 2705 definiri
1689 2672 1814 2712 debere,
1830 2675 1834 2678 '

1076 2738 1111 2760 ac
1130 2727 1256 2760 irritum
1275 2731 1304 2760 et
1327 2726 1419 2759 inane
1446 2726 1470 2759 si
1495 2736 1584 2759 secus
1609 2736 1708 2770 super
1731 2725 1780 2758 his
1797 2735 1815 2757 a
