2293 3231
54 271 102 297 An.
119 270 148 298 C.
168 270 232 298 ¹621

840 269 1016 294 GREGORIUS
1042 270 1082 293 XV
1109 270 1156 293 Pr.

253 322 283 351 et
295 326 511 361 quoscumque
527 317 604 350 alios
621 317 761 350 eiusdem
779 318 807 350 S.
820 318 853 351 R.
872 317 904 350 E.
923 327 987 351 car·
1002 320 1003 325 ’

249 369 375 410 dinales,
393 368 487 402 etiam
511 369 548 402 de
574 369 671 403 latere
695 370 825 413 legatos,
845 375 875 403 et
897 362 1003 414 quos-¹

248 433 383 466 cumque
403 423 481 456 alios
499 422 629 463 iudices,
647 423 739 456 etiam
764 423 940 456 ordinarios
957 428 984 456 ct

247 475 426 519 delegatos,
454 480 485 509 et
508 475 595 509 Sedis
627 475 804 519 praedictae
836 475 1003 523 nuncios„

247 538 304 562 nec
325 539 387 563 non
411 539 577 562 causarum
602 528 676 562 dicti
695 528 801 572 palatii
826 528 985 561 auditores

248 582 383 625 (sublata
400 582 444 615 eis
461 587 491 615 et
507 593 618 615 eorum
633 582 760 614 cuilibet
773 582 883 625 quavis
896 582 986 614 aliter

247 635 405 669 iudicandi
421 641 451 668 et
471 635 699 679 interpretandi
724 635 868 668 facultate
885 638 915 668 et
931 645 986 668 au·
1001 652 1003 679 .'

248 688 406 732 ctoritate)
427 688 559 721 iudicari
584 693 615 720 et
638 687 762 720 definiri
786 687 901 720 debere
908 699 916 728 ;
942 688 1003 729 ir-,³

247 741 342 775 ritum
367 751 491 785 quoque
508 746 538 774 et
554 740 655 780 inane,
673 741 698 773 si
715 751 805 773 secus
824 751 920 784 super
936 740 985 773 his

247 805 263 826 a
288 804 467 838 quoquam,
496 793 604 837 quavis
628 793 826 833 auctoritate,
851 792 1002 826 scienter*

248 847 294 881 vel
318 847 501 891 ignoranter
525 846 692 889 contigerit
715 847 869 886 attentari,
890 846 984 880 etiam

245 905 398 945 perpetuo
422 900 621 933 decernimus
646 905 675 932 et
699 899 904 933 declaramus.
922 901 1002 933 Nec:

246 964 309 988 non
331 953 492 998 praedicto
524 952 677 987 moderno
702 958 732 986 et
756 963 815 996 pro
842 957 984 996 tempore

246 1006 388 1040 existenti
409 1006 648 1050 archiepiscopo
664 1005 839 1045 Elborensi,
858 1016 983 1038 eorum-

246 1069 307 1104 que
330 1059 483 1093 ministris
507 1064 537 1092 et
560 1058 755 1099 officialibus,
772 1063 801 1091 et
823 1058 985 1102 quibusvis

246 1112 314 1146 aliis
335 1112 366 1145 in
391 1117 421 1146 et
445 1123 540 1156 super
569 1112 754 1156 praemissis
784 1112 930 1145 omnibus
955 1118 1002 1149 et{

246 1166 377 1209 singulis
393 1171 581 1210 perpetuum
599 1165 756 1198 silentium
774 1165 984 1208 imponimus;

246 1219 352 1263 sicque
368 1218 636 1253 incommutabilis
654 1218 820 1252 voluntatis
838 1223 867 1252 et
884 1219 984 1251 inten-
1000 1225 1001 1260 ζ

244 1271 338 1305 tionis
366 1275 491 1306 nostrae
523 1276 552 1304 et
576 1271 664 1305 Sedis
687 1271 865 1315 praedictae
889 1272 984 1304 fuisse

245 1331 275 1358 et
298 1335 365 1358 esse
389 1335 424 1358 ac
448 1330 601 1369 perpetuo
625 1326 692 1357 fore
718 1330 910 1357 attestamur.
936 1325 1002 1371 Di-{

245 1378 383 1413 strictius
402 1379 580 1412 inhibentes
599 1378 761 1423 praedicto
786 1378 939 1412 moderno
955 1384 984 1412 et
1000 1375 1002 1390 ¹

245 1443 304 1476 pro
329 1437 473 1477 tempore
497 1432 639 1466 existenti
669 1432 908 1476 archiepiscopo
934 1432 1002 1474 E1-3

244 1485 390 1527 hoiensi,
415 1496 589 1529 eorumque
614 1485 765 1519 ministris
790 1490 820 1518 et
843 1483 1001 1529 officiali-l

245 1540 322 1580 bus,
347 1549 382 1572 ac
406 1538 569 1583 quibusvis
599 1538 667 1571 aliis
694 1538 854 1582 personis,
879 1536 1001 1578 cuius-ff

245 1603 380 1637 cumque
403 1592 572 1635 dignitatis,
594 1597 703 1632 status,
721 1591 848 1635 gradus,
865 1585 1001 1633 ordinis]

245 1651 274 1678 et
305 1645 493 1679 conditionis
526 1645 679 1685 existant,
710 1645 740 1677 in
772 1644 887 1679 virtute
919 1636 1002 1691 san—{

244 1704 312 1732 ctae
335 1698 530 1732 obedientiae
551 1703 579 1731 et
606 1698 664 1731 sub
686 1697 910 1741 indignationis
931 1708 1001 1731 no-,

244 1756 336 1792 strae,
361 1751 524 1795 dictaeque
548 1751 637 1785 Sedis
654 1751 860 1795 Apostolicae,
881 1751 984 1794 quoad

245 1804 432 1838 modernum
457 1804 598 1838 videlicet
623 1808 653 1839 et
671 1815 729 1848 pro
755 1809 897 1848 tempore
923 1800 1002 1850 exi-ff

244 1862 376 1892 stentem
400 1857 683 1902 archiepiscopum,
709 1858 767 1890 sub
792 1857 958 1890 interdicto
976 1854 1002 1873 ¹

245 1913 404 1955 ingressus
428 1912 579 1945 ecclesiae
604 1917 634 1944 et.
657 1911 873 1955 suspensionis
896 1921 911 1942 a
937 1910 1002 1960 di—3‘

245 1965 333 2006 vinis,
347 1965 450 2009 quoad
463 1966 539 1999 alios
552 1976 627 1999 vero
642 1965 806 1998 inferiores
820 1965 912 1997 ctiam
927 1965 984 1997 sub
1000 1964 1002 1968 '

244 2018 577 2052 excommunicationis
609 2019 739 2062 aliisque
765 2017 1002 2052 ecfflesiasticisl

245 2071 414 2112 sententiis,
431 2071 573 2105 censuris
589 2077 619 2105 et
635 2071 755 2116 poenis,
769 2082 807 2104 ne
824 2072 834 2088 ²
854 2082 891 2105 ex
912 2077 984 2105 tunc
1000 2062 1002 2097 l

1000 2100 1002 2116 l

1000 2117 1002 2130 l

244 2125 391 2169 deinceps
405 2125 436 2157 in
452 2130 643 2168 perpetuum
660 2124 724 2157 ullo
742 2135 893 2168 umquam
911 2130 985 2158 tem·
1000 2131 1002 2150 ὲ

244 2189 321 2222 pore
345 2178 563 2223 praesentibus
591 2178 703 2211 litteris
732 2178 762 2210 in
788 2178 903 2221 aliquo,
927 2189 984 2222 per

244 2244 286 2273 se,
311 2232 359 2265 vel
384 2231 497 2272 alium,
523 2241 577 2264 seu
602 2231 689 2271 alios,
710 2231 834 2274 publice
863 2232 909 2264 vel
935 2242 985 2264 oc-

244 2285 336 2327 culte,
362 2285 480 2318 directe
506 2284 552 2317 vel
578 2284 738 2324 indirecte,
766 2284 854 2318 tacite
871 2284 919 2317 vel
937 2294 1001 2317 exn

243 2348 360 2382 presse,
381 2337 491 2382 quovis
515 2336 657 2381 quaesito
681 2337 802 2376 colore,
822 2341 983 2380 praetextu

245 2392 292 2425 vel
316 2391 454 2435 ingenio,
479 2389 715 2435 quomodolibet
741 2395 850 2423 contra
870 2390 983 2431 facere,

244 2445 349 2479 dicere
367 2445 414 2478 vel
435 2444 552 2484 venire;
573 2454 675 2487 neque
696 2443 923 2488 praepositum,
939 2449 1001 2479 re-}

244 2498 384 2542 ligiosos,
409 2503 577 2538 rectorem,
601 2497 782 2540 collegium,
803 2497 985 2531 universita-

246 2557 319 2593 tem,
342 2551 533 2595 illorumque
557 2550 735 2594 collegiales
759 2556 789 2583 ct
813 2551 1001 2592 scholares,¹

283 2624 291 2649 l
317 2622 407 2650 Potius
425 2623 476 2650 sub
496 2622 654 2656 interdicti,
667 2629 763 2657 nempe
774 2630 870 2656 poena
885 2626 921 2656 (a.
934 2622 981 2656 iu).

280 2667 295 2694 2
310 2667 457 2703 Perperam
472 2666 536 2694 edit.
552 2666 631 2694 Main.
647 2666 713 2701 legit.
727 2674 777 2694 nec
791 2667 829 2700 (a.
846 2666 893 2696 12).

330 2719 409 2749 Ball.
429 2720 512 2748 Rom.
534 2736 565 2741 -
585 2720 643 2747 Vol.
660 2720 726 2748 XII.
907 2719 940 2746 78

1020 322 1081 350 tam
1094 317 1279 361 peregrinos
1293 326 1386 360 quam
1401 316 1614 355 dioecesanos,
1628 320 1661 348 ut
1672 325 1761 359 prae-

1019 370 1117 402 fertur
1140 369 1326 413 descriptos,
1345 373 1396 401 aut
1418 379 1527 401 eorum
1548 368 1684 412 aliquem
1705 367 1759 400 de-

1020 434 1115 466 super
1143 422 1379 465 quomodolibet
1412 421 1601 460 molestare,
1629 420 1676 453 vel
1701 420 1758 453 im-

1019 475 1136 518 pedire,
1158 475 1189 507 in
1214 475 1329 507 iudicio
1349 480 1377 507 ct
1403 479 1491 507 extra
1516 474 1602 514 illud,
1627 473 1758 506 audeant

1001 527 1003 535 ¹
1019 539 1074 561 seu
1095 533 1313 572 praesumant,
1330 528 1534 560 decernentes
1555 527 1758 560 nihilominus

1001 581 1112 626 3etiam
1145 581 1268 613 irritum
1301 587 1330 614 ct
1363 581 1453 613 inane
1486 580 1637 624 quidquid
1669 591 1758 613 secus
1806 606 1811 612 .

1020 644 1115 678 super
1139 634 1187 666 his
1212 644 1229 666 a
1253 644 1422 677 quoquam,
1440 635 1547 677 quavis
1564 634 1757 669 auctoritate,

1019 689 1153 721 scienter
1163 688 1210 720 vel
1225 687 1417 730 ignoranter,
1428 687 1593 730 contigerit
1603 692 1629 719 at
1637 688 1757 720 tentari.

1063 741 1153 785 §123
1187 742 1254 774 Non
1286 740 1483 773 obstantibus
1515 741 1699 785 praedictis,
1728 746 1754 773 et

1019 804 1216 838 quacumque
1241 794 1304 827 litis
1327 793 1503 837 pendentia,
1528 798 1559 826 et
1582 794 1699 827 nostris
1719 794 1756 827 de

1018 858 1081 881 non
1106 847 1244 881 tollendo
1269 847 1337 879 iure
1361 847 1513 890 quaesito,
1535 852 1564 879 ct
1584 847 1615 879 in
1641 848 1757 880 cancel-

1018 902 1096 934 laria
1121 900 1293 945 apostolica
1318 900 1486 933 novissime
1511 900 1678 944 publicata,
1696 911 1757 944 qua

1018 959 1156 994 cavetur,
1172 964 1210 986 ne
1227 954 1384 997 eligantur
1400 953 1430 985 in
1448 958 1684 986 conservatores
1698 953 1755 986 nisi

1018 1017 1170 1051 personae
1190 1007 1221 1039 in
1241 1007 1391 1050 dignitate
1411 1006 1621 1040 ecelesiastica
1646 1006 1757 1039 consti—

1018 1066 1112 1100 tutae,
1132 1061 1185 1104 qui
1206 1060 1299 1093 etiam
1324 1060 1356 1093 in
1379 1060 1498 1093 iudices
1523 1059 1688 1104 synodales
1708 1059 1757 1092 de-

1018 1115 1115 1158 putati
1134 1113 1295 1155 existunt¹,
1308 1114 1455 1157 quodque
1472 1114 1523 1146 hic
1536 1114 1547 1130 ³
1564 1114 1654 1147 electi
1670 1119 1757 1147 extra

1018 1168 1208 1207 dioecesim,
1233 1168 1263 1200 in
1285 1168 1374 1200 cuius
1398 1167 1517 1212 synodo
1542 1167 1661 1200 iudices
1685 1173 1755 1200 sunt

1018 1221 1168 1265 deputati,
1182 1221 1428 1254 iurisdictionem
1448 1231 1593 1253 exercere
1611 1231 1673 1253 non
1690 1231 1758 1264 pos-

1000 1289 1002 1306 :
1019 1275 1089 1315 sint,
1107 1285 1239 1318 eamque
1251 1274 1262 1290 ³
1281 1275 1313 1306 in
1330 1274 1431 1306 causis
1448 1274 1618 1312 dumtaxat,
1639 1274 1670 1306 in
1690 1274 1757 1317 qui-

1017 1328 1076 1361 bus
1093 1328 1123 1368 ii,
1141 1328 1193 1371 qui
1209 1338 1262 1360 eos
1275 1327 1438 1370 elegerint,
1455 1332 1526 1359 sunt
1539 1327 1594 1366 rei,
1612 1327 1756 1368 habeant,

1000 1412 1002 1419 ,
1018 1381 1149 1425 aliisque
1166 1381 1304 1414 eiusdem
1320 1381 1524 1414 cancellariae
1538 1381 1655 1423 regulis
1668 1380 1757 1413 editis

1019 1440 1047 1467 et
1071 1435 1218 1475 edendis,
1250 1444 1306 1467 nec
1331 1444 1394 1467 nou
1426 1434 1611 1467 recolendae
1643 1444 1759 1467 memo—

1018 1489 1083 1521 riae
1108 1489 1258 1521 Bonisacii
1284 1489 1383 1532 Papae
1400 1488 1463 1520 Vlll
1489 1488 1606 1531 pariter
1626 1488 1758 1531 praede-

1019 1542 1153 1575 cessoris
1176 1541 1287 1581 nostri,
1314 1542 1346 1573 in
1370 1541 1484 1584 quibus
1505 1541 1597 1573 etiam
1620 1546 1757 1581 cavetur,

1018 1595 1102 1638 quod
1115 1595 1219 1627 nullus
1237 1600 1325 1627 extra
1339 1605 1426 1627 suam
1441 1595 1597 1627 civitatem
1611 1595 1659 1626 vel
1675 1593 1759 1627 dioe-

1019 1648 1126 1689 cesim,
1150 1648 1210 1681 nisi
1234 1649 1265 1680 in
1290 1648 1544 1691 certisexceptis
1570 1648 1703 1688 casibus,
1729 1653 1756 1680 et

1019 1703 1049 1735 in
1075 1702 1136 1735 illis
1167 1702 1249 1734 ultra
1281 1712 1375 1735 unam
1408 1702 1522 1735 dietant
1548 1712 1564 1734 a
1590 1701 1651 1733 tine
1685 1711 1757 1734 suae

1019 1756 1180 1796 dioecesis,
1198 1755 1236 1787 ad
1254 1755 1403 1787 iudicium
1419 1759 1643 1796 ‹1¹¹.·ocet¹„u‘,seu
1660 1764 1698 1787 ne
1715 1754 1759 1786 iu-

1019 1810 1102 1842 dices
1128 1814 1157 1842 et
1181 1814 1420 1841 conservatores
1444 1820 1461 1841 a
1486 1808 1567 1841 dicta
1597 1808 1675 1841 Sede
1705 1808 1758 1840 de-

1018 1864 1117 1907 putati
1134 1868 1243 1895 contra
1260 1873 1475 1906 ‹pioscumque
1493 1862 1756 1905 extrajcivitateni

1018 1917 1066 1949 vel
1086 1916 1267 1957 dioecesim,
1286 1916 1317 1948 in
1337 1916 1449 1959 quibus
1474 1915 1613 1959 deputati
1631 1915 1757 1955 suerint,

1019 1971 1225 2015 pl'ocedel‘e·''‚
1251 1981 1306 2002 seu
1330 1969 1381 2001 alii
1410 1969 1456 2001 vel
1481 1969 1550 2001 aliis
1580 1969 1662 2001 vices
1687 1979 1758 2002 suas

1019 2024 1215 2057 connnittere
1241 2028 1441 2067 praesumant
1466 2022 1652 2066 (dummodo
1677 2022 1757 2055 ultra

1018 2083 1083 2111 tres
1103 2077 1200 2110 dietas
1221 2077 1333 2121 aliquis
1349 2077 1386 2109 ad
1405 2076 1555 2110 iudiciuin
1575 2086 1638 2109 non
1659 2076 1759 2109 traha<

1019 2132 1092 2175 tur),
1118 2142 1174 2164 seu
1197 2130 1281 2174 quod
1305 2131 1342 2163 de
1367 2130 1436 2163 aliis
1468 2140 1563 2173 quam
1588 2128 1758 2163 manifestis

1000 2211 1001 2232 ἢ
1018 2184 1141 2217 iniuriis
1152 2189 1180 2217 et
1196 2183 1351 2217 violentiis
1364 2188 1394 2215 et
1407 2183 1475 2216 aliis
1487 2193 1566 2226 quae
1581 2182 1757 2216 iudicialem

1000 2248 1081 2282 tnon
1103 2238 1271 2281 requirunt
1295 2237 1474 2279 indaginem
1501 2236 1624 2280 (poenis
1643 2236 1674 2268 in
1695 2246 1758 2274 eos,

1018 2291 1043 2324 si
1061 2302 1151 2325 secus
1175 2291 1315 2334 egerint,
1333 2296 1360 2323 ct
1384 2291 1413 2323 in
1432 2290 1462 2323 id
1486 2295 1692 2334 procurantes
1710 2289 1759 2321 ad-

1000 2345 1119 2384 iectis)
1140 2349 1375 2378 conservatores
1400 2356 1431 2377 se
1457 2344 1634 2376 nullatenus
1659 2343 1757 2375 intro-

1017 2398 1155 2438 mittant,
1181 2398 1312 2441 aliisque
1337 2397 1527 2441 apostolicis,
1552 2407 1587 2429 ac
1612 2396 1705 2429 etiam
1726 2394 1757 2426 in

1054 2488 1064 2514 1
1078 2485 1234 2521 Potiuslege
1243 2485 1377 2515 emis-tant,
1389 2488 1415 2512 et
1426 2484 1485 2512 vide
1496 2485 1652 2520 sup-Consi.
1663 2490 1757 2514 xxxnt,

999 2531 1072 2566 t§⁶2,
1087 2538 1149 2566 pag.
1165 2530 1216 2558 597
1233 2538 1249 2557 α
1263 2530 1302 2563 (a.
1318 2530 1367 2560 T.).

999 2574 1001 2600 t
1052 2576 1068 2602 2
1084 2575 1227 2601 Videretur
1242 2573 1384 2608 legendum
1400 2573 1439 2599 sic
1454 2580 1502 2608 pro
1518 2573 1563 2600 hic
1577 2575 1615 2607 (a.
1631 2573 1679 2607 Τ.],

1052 2620 1067 2647 3
1083 2619 1154 2646 Edit.
1172 2618 1250 2645 Μελίη.
1267 2617 1331 2652 legit
1346 2625 1502 2651 earumque
1514 2618 1550 2652 (R.
1566 2617 1614 2652 r).

1000 2688 1001 2692 ,
1053 2665 1068 2691 4
1083 2663 1153 2691 Edit.
1170 2663 1250 2690 Main.
1267 2662 1331 2697 legit
1343 2662 1516 2697 praecedere
1530 2668 1567 2696 tn.
1584 2662 1632 2697 ¹12).

1778 269 1825 293 An.
1838 268 1866 292 (Σ.
1892 266 1951 292 1621

1786 802 1854 827 θοι-ομ
1863 804 1899 820 utin
1910 808 1926 818 c·
1937 809 1947 818 ι,

1773 830 1846 848 trarwi
1854 834 1894 848 uin,
