2293 3231
293 270 340 296 Αι.
359 269 386 296 c.
411 268 476 296 1623
521 258 585 293 802

309 597 420 620 erest-›nu‹
432 594 474 614 ΧΠ

293 624 358 644 ott-dit
374 622 476 641 ticinium-

293 654 370 672 nun-m
379 656 419 677 qua
430 657 475 669 ›mu-

293 681 356 698 cessit
371 678 475 702 rapi-etla-

301 712 324 725 iis
340 706 402 724 multa
413 710 475 729 prin»

293 733 347 757 tha
363 734 382 750 et
397 731 475 750 indulta

294 762 316 780 ιι
331 760 370 779 Mc.

1060 265 1238 290 numanum

491 323 591 350 tutum
607 317 726 356 merita,
741 316 854 358 quibus
866 324 975 347 eorum
989 323 1149 357 personas,
1164 318 1225 345 tam
1244 319 1246 354 ξ

492 370 636 402 familiari
662 367 863 411 experientia,
884 377 979 410 quam
997 366 1090 399 etiam
1108 365 1168 398 sido
1186 365 1229 397 di·
1244 360 1246 398 Ῐ

493 433 626 463 {snorum
640 420 824 453 testimoniis
838 419 935 452 iuvari
951 419 1162 463 percepimus,
1171 428 1228 451 nos
1244 415 1246 463 j

493 463 651 509 inducunt,
669 479 699 505 ut
720 473 779 505 illis
799 472 968 505 reddamur
985 472 1023 504 ad
1040 471 1172 514 gratiam
1191 471 1228 503 li-
1244 470 1246 494 l

491 528 620 560 bei-ales.
1245 540 1246 554 ι

535 582 549 623 g
577 580 600 612 1.
626 579 708 612 Alias
738 578 892 622 siquidem
917 588 934 610 a
959 578 1056 610 felicis
1080 564 1247 622 recorda-f

491 634 583 667 tionis
607 632 760 675 Gregorio
778 632 840 664 ΧΠ
862 630 1103 675 praedecessore
1119 636 1228 664 nostro
1245 625 1247 643 ²

491 691 674 720 emanarunt
687 685 808 717 litterae
821 684 937 718 tenoris
948 683 1177 727 subsequentis,
1189 683 1230 715 vi·
1245 707 1247 727 ;

490 740 618 774 delicet:
1244 731 1247 770 l

657 782 831 826 Greqorius
856 782 950 825 Papa
973 781 1026 814 XI
1032 781 1064 821 V,

583 837 625 870 ad
648 839 831 880 perpetuam
854 835 902 867 rei
926 834 1127 867 memoriam.

535 901 766 942 Circumspecta
786 897 916 931 Romani
936 896 1095 929 Pontificis
1113 897 1229 939 gratia-

492 964 560 987 rum
578 951 800 997 dispensatoris
818 950 1014 995 providentia
1031 950 1229 992 singulorum

491 1007 600 1040 merita
616 1006 720 1039 debita
743 1004 943 1037 meditatione
969 1003 1180 1044 considerans,
1199 1003 1231 1036 il-

491 1061 547 1101 los,
574 1065 666 1104 prout
692 1069 826 1102 aequum
851 1063 914 1096 est,
941 1057 1120 1101 potioribus
1145 1056 1229 1089 favo-

492 1114 578 1146 ribus
596 1119 625 1145 et
645 1112 754 1155 gratiis
778 1111 946 1144 efficaciter
969 1110 1184 1154 prosequitur,
1201 1114 1231 1143 et

492 1166 655 1209 condignis
672 1165 844 1199 honoribus
865 1164 987 1205 attollit,
1005 1174 1084 1208 quos
1100 1164 1159 1196 sibi
1176 1163 1230 1196 de—

493 1226 579 1254 votos
593 1226 621 1253 et
636 1219 850 1263 obsequiosos,
865 1223 893 1251 et
912 1217 1119 1262 amplioribus
1138 1227 1232 1260 agno-

492 1275 548 1308 scit
564 1274 682 1308 meritis
695 1273 845 1306 adiuvari.
858 1273 896 1306 Ut
905 1272 1139 1316 quamprimum
1150 1276 1232 1304 ante·

493 1330 549 1362 hac
563 1328 694 1361 Romani
711 1326 876 1360 Pontifices
892 1326 1019 1359 intimos
1032 1325 1232 1369 cappellanus
1247 1333 1250 1371 j

493 1387 522 1414 et
546 1381 715 1413 familiares
739 1390 811 1413 suos
842 1379 1016 1423 privilegiis
1041 1383 1071 1412 et
1094 1378 1233 1411 muneri-

493 1435 550 1467 bus
574 1433 769 1478 apostolicis,
793 1433 837 1467 uti
869 1437 1047 1476 temporum
1072 1437 1103 1465 et
1125 1442 1232 1475 perso-

493 1498 603 1520 narum
614 1487 750 1520 conditio
762 1487 841 1527 tulit,
851 1487 881 1519 in
892 1486 1003 1530 primis
1016 1486 1231 1525 honestarunt;

493 1541 535 1574 ita
558 1551 632 1581 nos,
658 1540 695 1573 ad
719 1540 888 1584 praecipua
923 1539 1074 1572 virtutum
1102 1538 1231 1578 merita,

493 1605 613 1627 necnon
637 1605 712 1637 erga
735 1604 793 1627 nos
809 1599 839 1626 et
863 1594 1035 1627 Romanam
1060 1592 1230 1625 Ecclesiam

493 1648 665 1696 devotion-is
682 1647 838 1687 affectum,
856 1657 891 1680 ae
908 1652 997 1690 grata
1013 1646 1233 1679 familiaritatis

494 1701 651 1744 obsequia,
668 1711 746 1744 quae
771 1700 960 1743 infrascripti
978 1699 1162 1743 cappellani,
1179 1698 1232 1742 qui

494 1754 661 1787 familiares
677 1765 712 1787 ac
729 1753 867 1787 continui
885 1753 1113 1787 commensales
1133 1751 1232 1785 nostri
1249 1753 1251 1768 ²

495 1808 644 1847 existunt,
669 1807 759 1840 nobis
782 1807 932 1841 hactenus
952 1806 1185 1850 impenderunt,
1203 1810 1234 1838 et

495 1860 597 1894 adhuc
616 1860 743 1893 solicitis
768 1860 878 1893 studiis
903 1860 1086 1904 impendere
1102 1870 1167 1893 non
1183 1859 1235 1892 de-

496 1913 616 1954 sistunt,
641 1920 670 1947 et
694 1914 796 1958 quae¹
818 1915 848 1947 in
872 1920 979 1948 nostro
999 1925 1035 1947 ac
1052 1913 1140 1947 Sedis
1156 1914 1235 1957 Apo-

497 1967 623 2000 stolieae
648 1973 827 2011 conspectu,
850 1972 879 2000 et
904 1967 1048 2000 familiari
1073 1967 1235 2010 experien-

498 2019 556 2060 tia,
581 2031 617 2053 ac
641 2021 741 2053 famae
772 2020 937 2053 laudabilis
961 2020 1234 2054 commendatione

498 2073 580 2106 clare
612 2073 856 2116 dignoscuntur,
886 2074 1026 2107 debitum
1055 2079 1232 2117 respectum

498 2125 666 2166 habentes,
693 2137 729 2159 ac
753 2133 919 2170 propterea
947 2138 1099 2171 personas
1124 2137 1232 2160 eorum

499 2179 644 2222 condigni
667 2180 780 2213 favoris
805 2180 905 2223 gratia
929 2185 959 2213 et
979 2180 1123 2224 specialis
1140 2181 1236 2214 hono-

499 2233 542 2265 ris
562 2243 597 2266 ac
621 2233 822 2266 excellentiae
847 2234 1006 2277 dignitatis
1028 2234 1118 2268 titulo
1143 2234 1236 2267 subli-

500 2296 587 2318 mare
611 2286 765 2327 volentes,
790 2297 825 2320 ac
849 2287 979 2320 dilectos
1003 2287 1085 2320 filios
1110 2287 1235 2320 Petrum

500 2337 641 2371 Fulvium
667 2340 840 2372 Romanum
866 2340 886 2373 l.
907 2340 939 2372 U.
957 2340 1002 2379 D„
1026 2340 1152 2373 Petrum
1178 2341 1238 2374 Ma-

501 2391 578 2423 riam
596 2392 775 2424 Anselmum
792 2392 1019 2433 Cremonensis,
1038 2393 1163 2427 Petrum
1180 2395 1237 2426 An-

502 2444 620 2476 tonium
650 2444 833 2487 Poggiolum
862 2446 1060 2486 Mutinensis,
1085 2447 1236 2480 Tbomam

503 2495 667 2530 Oldoinum
685 2498 912 2539 Cremonensis,
930 2499 1130 2532 Benedictum
1150 2500 1238 2533 Gior-

505 2559 630 2591 gescum
657 2550 750 2593 Burgi
776 2551 877 2584 Sancti
897 2551 1062 2595 Sepulchri
1087 2553 1106 2585 l.
1134 2552 1167 2586 U.
1192 2552 1237 2592 D.,

506 2602 683 2634 Faustinum
715 2604 928 2637 Facliincttum
960 2605 1144 2646 Patavinae,
1169 2606 1239 2639 Cor—

542 2666 552 2691 1
570 2664 711 2693 Videt-etur
725 2667 812 2702 potius
827 2667 969 2703 tegendum
985 2669 1035 2704 qui
1048 2670 1087 2704 (R.
1103 2670 1151 2703 τ.).

1262 264 1418 289 nominum

1262 312 1381 344 nelium
1415 312 1617 346 Cantarinum
1653 313 1803 347 Fanensis
1816 341 1824 355 ,
1856 308 2003 349 loannem

1263 365 1432 409 Baptistam
1458 365 1629 398 Fortunam
1656 366 2004 411 Forosemproniensis,

1263 418 1410 451 Iacobum
1427 418 1546 451 Mitium
1572 418 1727 459 Barensis,
1747 419 1910 453 Nicolaum
1934 421 2006 455 Far—

1263 470 1404 503 mianum
1419 471 1640 512 FerrariensiS,
1654 472 1816 506 Caesarem
1831 473 1950 506 Gorum
1967 473 2006 507 de

1263 523 1346 556 Setia
1359 523 1604 564 Terracinensis,
1618 528 1648 559 et
1663 524 1892 558 Bernardinum
1906 525 2008 559 Salva-

1263 586 1375 609 ranum
1401 576 1564 619 Regiensis
1588 578 1761 621 respective
1792 577 1952 611 civitatum
1976 581 2007 612 et

1263 628 1454 670 dioecesum,
1471 630 1672 674 cappellanos
1688 641 1724 664 ac
1740 630 1911 664 familiares
1935 641 2006 664 con-

1263 682 1367 715 tinuos
1391 683 1619 716 commensales
1641 688 1777 724 nostros,
1802 694 1914 717 eorum
1943 694 2006 717 me-

1263 735 1332 768 ritis
1345 740 1375 768 et
1388 736 1549 781 obsequiis
1562 737 1607 770 sic
1619 737 1826 780 exigentibus,
1839 737 2005 781 condignis

1264 788 1440 822 honoribus
1456 794 1487 822 et
1499 789 1609 832 gratiis
1629 800 1665 823 ac
1680 790 1839 824 favoribus
1854 790 2004 835 prosequi

1264 842 1435 886 cupientes,
1460 843 1608 887 ipsosque
1632 848 1663 876 et
1686 853 1798 877 eorum
1822 843 1965 886 singulos
1987 853 2005 876 a

1264 895 1430 939 quibusvis
1455 896 1802 939 excommunicationis,
1827 897 2008 941 suspensio-

1264 949 1312 982 nis
1329 953 1358 983 et
1374 950 1542 991 interdicti,
1556 950 1688 994 aliisque
1705 950 1924 984 ecclesiasticis
1941 960 2007 984 sen-

1264 1003 1379 1044 tentiis,
1405 1004 1547 1037 censuris
1572 1010 1602 1037 et
1626 1005 1748 1048 poenis,
1765 1015 1783 1037 a
1806 1005 1875 1038 iure
1899 1004 1947 1037 vel
1968 1004 2007 1037 ab

1265 1057 1403 1098 homine,
1421 1057 1530 1101 quavis
1555 1058 1721 1091 occasione
1744 1058 1792 1091 vel
1813 1059 1906 1091 causa
1928 1057 2007 1098 latis,

1264 1110 1289 1142 si
1306 1111 1421 1154 quibus
1443 1111 1681 1154 quomodolibet
1704 1111 1843 1145 innodati
1863 1111 2009 1152 existunt,

1264 1163 1303 1196 ad
1319 1163 1466 1196 effectum
1489 1165 1704 1208 praesentium
1728 1164 1888 1198 dumtaxat
1903 1174 2009 1198 conse-

1264 1217 1435 1260 quendum,
1449 1218 1563 1250 harum
1583 1217 1664 1251 serie
1680 1217 1895 1258 absolventes,
1912 1222 1940 1250 et
1958 1217 2009 1250 ab·

1265 1270 1383 1304 solutos
1400 1271 1467 1304 fore
1491 1276 1664 1311 censentes,
1681 1274 1770 1304 motu
1789 1270 1931 1314 proprio,
1944 1281 2008 1304 non

1265 1324 1302 1356 ad
1317 1324 1570 1368 supradictorum
1585 1325 1679 1366 Petri,
1692 1325 1774 1358 Petri
1788 1325 1913 1365 Mariae,
1925 1324 2008 1358 Petri

1265 1377 1400 1417 Antonii,
1417 1377 1565 1419 Thomae,
1582 1377 1751 1419 Benedicti,
1771 1377 1921 1418 Faustini,
1933 1378 2009 1411 Cor-

1265 1431 1358 1471 nelii,
1383 1431 1507 1464 Ioannis
1530 1431 1702 1475 Baptistae,
1727 1431 1847 1473 Iacchi,
1872 1431 2009 1472 Nicolai‚

1266 1483 1405 1517 Caesaris
1430 1487 1460 1518 et
1483 1484 1680 1526 Bernardini,
1704 1485 1752 1518 vel
1777 1483 1909 1518 alicuius
1928 1484 2011 1529 ipso-

1267 1548 1338 1570 rum
1363 1542 1417 1571 aut
1441 1538 1653 1583 aliorumjpro
1670 1539 1714 1572 eis
1730 1549 1827 1583 super
1842 1539 1904 1572 hoc
1919 1537 2012 1573 nobis

1267 1592 1389 1626 oblatae
1413 1592 1572 1636 petitionis
1596 1593 1793 1634 instantiam,
1817 1593 1871 1626 sed
1895 1592 1934 1626 de
1957 1603 2012 1627 no-

1267 1648 1330 1679 stra
1348 1648 1437 1679 mera
1453 1646 1690 1688 deliberatione,
1707 1657 1744 1680 ac
1760 1648 1845 1680 certa
1870 1646 2009 1687 scientia,

1249 1727 1251 1750 t
1267 1699 1440 1743 apostolica
1453 1700 1650 1740 auctoritate,
1664 1705 1773 1734 tenore
1786 1699 2009 1744 praesentium,

1268 1753 1412 1795 Petrum,
1439 1754 1567 1788 Petrum
1593 1755 1738 1795 Mariam,
1764 1755 1889 1788 Petrum
1917 1754 2010 1788 Anto-

1267 1807 1365 1848 nium,
1390 1808 1555 1848 Thomam‚
1580 1808 1793 1848 Benedictum‚
1814 1807 2008 1848 Faustinum,

1267 1861 1457 1902 Cornelium,
1481 1862 1628 1895 Ioannem
1653 1862 1833 1906 Baptistam‚
1851 1861 2010 1903 Iacobum,

1268 1914 1442 1956 Nicolaum,
1467 1914 1631 1948 Caesarem
1657 1920 1687 1948 et
1710 1914 1938 1948 Bernardinum
1963 1925 2012 1948 su-

1268 1966 1436 2010 pradictos,
1461 1972 1492 2000 et
1516 1968 1644 2001 illorum
1668 1968 1820 2011 singulos,
1837 1967 1869 2000 in
1885 1972 2011 2002 nostros

1269 2025 1299 2054 et
1322 2021 1522 2064 Apostolieae
1546 2021 1634 2054 Sedis
1662 2021 1802 2055 notarios
1826 2020 2010 2064 recipimus,

1269 2083 1304 2106 ac
1325 2074 1406 2106 sacri
1430 2074 1538 2117 palatii
1562 2079 1593 2107 et
1615 2074 1704 2107 aulae
1729 2073 1946 2108 Lateranensis
1962 2083 2012 2107 co-

1270 2127 1360 2160 mites
1374 2127 1454 2170 (sine
1469 2132 1572 2160 tamen
1596 2127 1782 2161 dilectorum
1806 2127 1945 2160 filiorum
1958 2137 2012 2160 no·
2041 2140 2210 2171 Ργφιοηοωῑος,

1269 2180 1422 2214 tariorum
1439 2180 1477 2214 de
1493 2191 1627 2214 numero
1651 2181 1906 2224 participantium
1924 2190 2012 2225 prae·
2025 2169 2210 2242 ΞΞΞιιῗΞξὲἓῗ-ἶῖἱ

1270 2235 1404 2278 iudicio)
1429 2245 1550 2268 necnon
1575 2240 1702 2268 auratae
1730 2235 1860 2268 militiae
1890 2234 2012 2278 equites

1270 2298 1305 2320 ac
1329 2288 1451 2321 nobiles
1475 2288 1643 2328 Romanos,
1664 2293 1694 2320 et
1717 2287 1806 2320 urbis
1828 2287 1957 2328 Romae,
1981 2297 2013 2320 0-

1271 2341 1454 2384 mniumque
1478 2346 1508 2374 et
1532 2341 1727 2384 singularum
1752 2341 1885 2374 aliarum
1909 2339 2014 2374 civita-

1271 2399 1515 2435 tum‚terrarum
1527 2400 1556 2427 et
1572 2394 1716 2428 locorum
1730 2393 1758 2428 S.
1776 2394 1810 2427 R.
1827 2394 1861 2427 E.
1879 2393 2014 2426 mediate

1271 2448 1318 2480 vel
1336 2447 1517 2480 immediate
1537 2447 1751 2481 subiectorum
1769 2446 1852 2480 cives
1869 2455 2014 2479 creamus

1272 2506 1301 2533 et
1326 2501 1555 2542 constituimus,
1580 2511 1616 2534 ac
1640 2501 1671 2533 in
1695 2510 1863 2533 numerum
1889 2503 1919 2532 et
1943 2509 2014 2533 con-

1272 2554 1404 2587 sortium
1438 2553 1574 2587 aliorum
1603 2559 1785 2586 nostrorum
1811 2557 1840 2585 et
1871 2551 2014 2585 eiusdem

1272 2607 1360 2640 Sedis
1379 2607 1585 2648 notariorum,
1601 2617 1724 2640 necnon
1748 2605 1854 2650 palatii
1874 2611 1904 2638 et
1923 2605 2014 2638 aulae

1273 2659 1434 2702 comitum,
1458 2660 1610 2705 equitum,
1631 2664 1661 2693 et
1682 2658 1836 2693 nobilium
1859 2658 2014 2692 Romano-

2009 267 2060 295 An.
2079 266 2109 295 C.
2131 266 2200 297 1628
