2293 3231
879 267 975 292 mnax
990 267 1106 292 nanum
1647 257 1711 292 827

315 320 418 353 tiones
442 320 474 353 in
498 318 681 353 huiusmodi
706 318 900 352 admissione
918 319 1128 363 apponendae
1153 318 1197 351 illi
1216 317 1492 361 praescribuntur,
1511 317 1553 352 32
1569 318 1586 352 b
1602 329 1662 363 seq.
1680 319 1758 354 Data

316 371 361 406 illi
384 373 562 406 commissio
588 376 618 406 et
643 372 773 406 facultas
799 372 981 417 inquirendi
1006 373 1044 405 de
1072 371 1143 411 lide,
1171 373 1234 404 vita
1259 374 1288 404 ct
1309 371 1449 405 moribus
1473 371 1569 406 Marci
1595 372 1685 406 electi
1711 382 1760 406 ar-

317 426 512 470 chiepiscopi
537 424 801 468 Salisburgensis,
827 425 889 458 165
914 425 939 458 b.
965 425 1042 458 item
1068 425 1286 469 suspendendi
1312 425 1468 470 quaedam
1494 430 1610 460 statuta
1634 435 1651 459 a
1676 428 1761 470 capi-

316 481 381 514 tulo
405 484 436 514 et
459 481 620 514 canonicis
645 479 728 513 illius
753 479 928 520 ecclesiae,
958 478 1017 511 166
1043 478 1075 520 b,
1101 482 1129 511 et
1156 478 1320 512 relaxandi
1345 480 1557 513 iuramentum
1582 489 1678 523 super
1703 480 1760 513 liar

317 542 351 566 re
375 532 415 567 ab
439 533 501 567 illis
526 535 721 577 praestitum.
750 533 811 566 168
836 533 861 565 Ι),

230 586 384 620 Antonius
408 588 578 630 episcopus
596 586 781 629 vigiliensis
799 586 890 619 Sedis
908 585 1108 629 Apostolicae
1128 586 1263 618 nuncius
1283 586 1314 618 in
1340 585 1483 629 partibus
1506 587 1664 620 inferioris
1686 586 1763 620 Ger-

317 640 453 681 maniae,
480 639 542 672 164
566 650 594 672 a.
618 639 667 672 Illi
692 639 764 672 data
789 638 919 672 facultas
944 638 1127 672 conserendi
1156 638 1311 672 beneficia
1336 639 1411 673 Sedi
1436 640 1636 683 Apostolicae
1661 649 1762 673 reser-

317 696 388 726 vata
413 693 443 725 in
469 693 560 726 terris
586 692 770 726 Westlaliae
795 696 826 725 ct
850 692 1081 736 Aquisgranae,
1106 691 1246 724 Romano
1267 692 1401 735 imperio
1420 697 1562 734 meante,
1583 692 1658 725 ibid.
1684 693 1762 726 Non-

317 746 404 779 nulla
420 745 562 778 decernit
588 754 686 788 super
702 749 829 779 tonsura
855 749 886 779 ct
910 744 1019 778 habitu
1041 746 1228 778 clericorum
1247 747 1278 778 in
1295 745 1436 779 dioecesi
1455 746 1632 788 Leodiensi,
1652 746 1710 780 211
1737 746 1762 779 b.

317 798 421 843 Atque
450 800 545 832 etiam
572 808 670 842 super
696 798 842 832 clausura
868 798 1074 839 monialium,
1105 799 1167 831 212
1195 809 1224 830 a.
1250 798 1287 832 Et
1312 809 1409 841 super
1434 798 1656 832 observatione
1682 800 1764 833 sacri

317 852 451 887 Concilii
475 853 669 893 Tridentini,
697 853 758 886 213
783 863 812 885 a.
837 852 981 885 Facultas
1015 853 1043 884 ei
1077 860 1227 884 concessa
1253 851 1404 885 visitandi
1429 853 1592 885 civitatem
1617 854 1647 884 et
1677 850 1765 884 dioe-

318 907 415 939 cesim
440 905 674 950 Moguntinam,
701 906 762 940 278
787 905 813 939 b.
840 906 944 950 Atque
970 906 1065 938 etiam
1097 905 1257 937 civitatem
1290 907 1322 937 et
1354 904 1527 938 dioecesim
1552 903 1766 947 Bambergen-

318 968 403 1001 sem,
430 960 491 994 417
519 960 547 993 b.

231 1012 386 1046 Antonius
410 1012 633 1051 Covarruvias,
660 1013 757 1046 iudex
774 1014 881 1046 curiae
898 1011 1176 1055 archiepiscopalis
1194 1011 1400 1055 Hispalensis,
1419 1012 1481 1046 545
1499 1023 1529 1044 a.
1554 1011 1667 1046 Contra
1693 1021 1764 1045 eum

320 1068 476 1101 sententia
500 1067 562 1101 lata
587 1067 648 1100 546
675 1077 710 1106 a;
736 1070 766 1100 et
791 1067 986 1107 confirmata,
1012 1065 1074 1098 546
1100 1064 1126 1097 b.

234 1119 324 1164 Aqua
348 1119 497 1154 Sabatina
521 1123 551 1153 et
576 1119 737 1161 Alsietina,
763 1119 836 1153 olim
861 1119 1003 1161 Augusta
1028 1128 1046 1152 a
1070 1117 1185 1152 cesare
1211 1116 1354 1161 Augusto
1380 1122 1570 1163 nuncupata⁷
1588 1119 1620 1153 in
1646 1116 1764 1152 Urbem

320 1171 360 1205 ad
385 1172 589 1205 naumachias
613 1171 828 1214 derivabatur,
855 1172 918 1205 186
943 1182 971 1204 α,

233 1223 343 1268 Aquae
367 1224 482 1258 Paulae
507 1224 579 1257 vide
603 1224 824 1268 Congregatio.
1458 1244 1460 1246 ν

233 1277 462 1322 Aquaeductus
485 1282 577 1312 vetus
602 1279 788 1323 antiquitate
813 1282 844 1312 et
867 1279 972 1322 operis
996 1279 1218 1321 magnitudine
1242 1279 1483 1321 celeberrimus,
1502 1280 1563 1314 186
1589 1290 1625 1320 ας
1650 1289 1667 1313 3
1691 1279 1768 1315 Cae-

321 1340 391 1364 sare
416 1331 558 1375 Augusto
583 1335 614 1365 et
638 1331 755 1365 deinde
779 1331 818 1365 ab
843 1331 983 1365 Adriano
1008 1331 1092 1375 Papa
1117 1333 1127 1365 Ι
1152 1332 1329 1375 adhibitus,
1356 1333 1418 1366 186
1444 1332 1476 1372 b;
1502 1341 1519 1365 a
1544 1332 1641 1366 Paulo
1665 1332 1690 1365 V
1719 1342 1767 1367 re-

320 1388 463 1426 novatus,
489 1385 540 1419 vel
562 1395 663 1420 novus
688 1389 861 1427 extructus,
886 1389 996 1419 vetere
1021 1385 1184 1429 dissipato,
1209 1385 1283 1419 ibid.
1308 1386 1378 1420 Duo
1403 1386 1488 1420 illius
1510 1387 1688 1420 visitatores
1712 1386 1767 1420 de-

320 1440 430 1483 putati⁷
456 1439 519 1473 188
544 1439 560 1472 b
585 1449 646 1483 seq.
671 1439 731 1473 Pro
755 1439 839 1472 illius
863 1440 1104 1473 conservatione
1129 1438 1185 1472 dos
1209 1440 1360 1481 insutum,
1387 1440 1449 1473 189
1475 1450 1504 1473 a.

232 1491 449 1536 Aquileiensis
474 1492 673 1536 patriarchae
700 1496 730 1526 et
754 1494 911 1526 ecclesiae
936 1493 985 1526 ius
1012 1493 1042 1525 in
1070 1494 1183 1525 castris
1207 1494 1310 1526 sancti
1333 1493 1475 1526 Danielis
1507 1495 1539 1526 et
1568 1493 1669 1526 sancti
1693 1492 1770 1534 Viti,

323 1545 387 1579 310
411 1556 450 1585 a;
484 1546 545 1579 437
572 1545 598 1579 b.
622 1545 758 1580 Decreta
782 1546 938 1590 quaedam
963 1554 1061 1589 super
1086 1545 1179 1579 datiis
1205 1549 1235 1579 et
1258 1547 1438 1588 cognitione
1468 1555 1637 1580 causarum
1669 1547 1700 1579 in
1731 1546 1770 1580 iis

323 1598 399 1632 locis
424 1599 509 1633 edita
537 1600 702 1634 irritantur
724 1609 741 1633 a
766 1599 861 1633 Paulo
886 1598 928 1640 V,
956 1599 1018 1632 310
1043 1609 1063 1632 a
1088 1602 1119 1632 et
1143 1598 1169 1632 b.
1194 1598 1272 1632 Item
1306 1600 1446 1633 irritatur
1476 1598 1596 1633 datium
1626 1599 1770 1633 macinae

323 1661 341 1686 a
365 1652 483 1686 Senatu
508 1652 631 1686 Veneto
658 1655 857 1697 impositum,
883 1653 945 1686 437
972 1653 990 1685 b
1015 1656 1045 1686 et
1069 1662 1129 1697 seq.

235 1704 574 1741 Archiconlraternitas
599 1706 768 1741 Charitatis
792 1707 832 1740 de
857 1706 956 1749 Urbe,
975 1707 1038 1741 738
1056 1707 1082 1740 b.
1107 1707 1185 1740 Eius
1209 1707 1323 1740 notarii
1344 1706 1512 1750 privilegia
1532 1705 1637 1751 quoad
1661 1715 1772 1741 causas

324 1761 415 1793 extra
431 1757 559 1802 Urbem,
577 1758 667 1801 ibid„
686 1762 716 1793 et
735 1759 839 1804 quoad
856 1761 991 1803 gratias,
1009 1769 1090 1804 quae
1107 1768 1124 1793 a
1141 1769 1232 1794 sacra
1256 1760 1400 1794 consulta
1417 1760 1645 1802 conceduntur,
1663 1760 1726 1795 739
1742 1771 1771 1794 α.

237 1811 385 1846 Armenis
408 1811 590 1846 Jubilaeum
621 1822 808 1847 concessum
839 1812 878 1847 ad
910 1822 989 1857 quos
1018 1814 1183 1848 mittuntur
1208 1814 1398 1847 missionarii
1424 1812 1554 1849 Ordinis
1577 1813 1774 1849 Praedicato-

323 1875 411 1906 rum,
439 1865 502 1900 787
528 1876 590 1911 seq.

239 1917 464 1953 Assistentium
489 1918 658 1963 Cappellae
682 1920 866 1954 Pontificiae
891 1918 1071 1963 privilegia,
1096 1919 1159 1953 720
1184 1919 1210 1953 b.

238 1970 408 2016 Augustini
433 1972 491 2016 (S.)
515 1972 726 2007 Eremitarum
750 1972 852 2016 Ordo,
879 1975 938 2008 264
965 1985 995 2007 a.
1027 1974 1144 2008 Prioris
1168 1974 1346 2018 generalis,
1372 1975 1572 2020 aliorumque
1592 1974 1774 2009 officialium

327 2025 441 2059 electio
477 2036 535 2070 per
565 2027 717 2070 suffragia
740 2030 862 2061 secreta
890 2027 1058 2068 facienda,
1087 2027 1164 2061 ibid.
1190 2027 1311 2062 Electio
1340 2030 1557 2062 assistentium
1586 2029 1700 2071 prioris
1723 2036 1776 2071 ge-

327 2078 444 2112 neralis
466 2079 506 2112 ad
532 2089 629 2124 quem
654 2082 829 2124 pertineat,
857 2080 919 2114 290
944 2091 965 2112 a
989 2084 1017 2113 et
1040 2080 1066 2113 b.
1093 2080 1182 2122 Quae
1212 2091 1282 2115 esse
1304 2081 1422 2116 debeat
1454 2084 1537 2115 inter
1567 2091 1621 2114 eos
1646 2090 1776 2125 praece-

329 2130 454 2173 dentia,
480 2131 539 2165 291
570 2143 591 2166 α
625 2136 657 2166 et
680 2132 743 2166 293
769 2133 795 2165 b.
820 2132 1031 2177 Congregatio
1056 2133 1202 2175 Siciliae,
1227 2135 1290 2169 377
1322 2135 1348 2169 b.
1382 2135 1504 2169 Statuta
1536 2134 1687 2168 nonnulla
1718 2143 1776 2178 pro

328 2192 366 2218 ea
390 2183 494 2226 edita,
521 2185 601 2218 ibid.
632 2185 671 2219 Et
695 2196 713 2219 a
738 2186 836 2220 Paulo
860 2185 884 2218 V
917 2188 1124 2229 confirmata,
1150 2188 1213 2221 378
1238 2187 1264 2221 b.
1300 2187 1364 2232 Ipsi
1400 2188 1587 2222 conceditur
1618 2186 1776 2222 indultum

330 2236 515 2272 celebrandi
540 2239 655 2273 festum
679 2239 710 2272 S.
735 2238 874 2272 Thomae
899 2239 939 2272 de
965 2239 1129 2273 villanova
1154 2249 1227 2274 cum
1251 2240 1353 2274 officio
1379 2244 1410 2275 et
1433 2242 1540 2281 missa,
1567 2239 1630 2272 520
1656 2250 1686 2272 α.

240 2290 411 2334 Augustini
434 2291 493 2336 (S.)
518 2291 731 2326 Eremitarum
750 2292 1019 2326 Discalceatorum
1036 2292 1246 2337 Congregatio
1263 2293 1389 2328 Siciliae
1409 2293 1654 2337 Congregationi
1670 2292 1778 2327 ltaliae

328 2345 444 2386 unitur,
470 2349 501 2378 et
524 2347 600 2379 unio
624 2346 836 2387 confirmatur,
863 2345 926 2379 652
953 2347 970 2379 b
991 2350 1021 2380 et
1044 2357 1105 2391 seq.

239 2396 401 2440 Augustus
417 2397 533 2432 Caesar
545 2397 758 2432 Romanorum
776 2400 958 2442 imperator,
978 2399 1040 2432 186
1055 2410 1084 2441 α,
1099 2399 1138 2433 ab
1156 2409 1193 2433 eo
1211 2400 1412 2433 denominata
1429 2408 1510 2445 aqua
1528 2399 1682 2443 Augusta,
1698 2398 1776 2432 ibid.

241 2449 391 2484 Aurelius
413 2450 556 2493 Raphael
583 2449 715 2485 Ordinis
744 2451 916 2485 Servorum
947 2450 1061 2485 beatae
1090 2452 1207 2486 Mariae
1235 2456 1419 2496 procurator
1447 2453 1626 2496 generalis,
1661 2451 1722 2485 427
1747 2461 1777 2484 α’

331 2503 413 2538 Petit
435 2514 531 2548 posse
555 2504 711 2538 celebrari
736 2505 874 2539 officium
899 2505 939 2538 de
963 2505 995 2538 B.
1021 2505 1166 2548 Philippo
1190 2506 1323 2543 Benitio.
1347 2505 1422 2539 ibid.

244 2555 485 2592 Aurelianensis
510 2557 646 2592 ecclesia
670 2557 858 2592 Parisiensis
883 2559 1102 2602 suffraganea,
1128 2559 1189 2592 751
1217 2559 1243 2592 b.

245 2608 487 2646 Avenionenses
512 2611 713 2646 concordiam
737 2621 808 2646 cum
833 2611 993 2646 Ludovico
1022 2612 1196 2647 Galliarum
1220 2622 1295 2656 rege
1321 2614 1431 2646 ineunt
1457 2621 1554 2655 super
1578 2612 1724 2647 confiniis
1747 2614 1781 2647 et
1818 2616 1821 2618 '

335 2663 467 2701 flumine
489 2665 673 2710 Durantiae,
699 2665 762 2702 810
782 2665 797 2700 ὁ
821 2675 884 2709 seq.
907 2664 1116 2702 Confirmatur
1140 2675 1158 2701 a
1183 2666 1336 2710 Gregorio
1360 2664 1426 2709 XV,
1450 2665 1513 2700 823
1538 2665 1582 2699 bs
