2293 3231
274 285 320 310 An.
346 284 371 310 ι’.
395 283 458 310 int-3
506 274 569 307 <204

298 721 388 747 Dema-nt
407 726 454 741 con-

271 751 348 769 turus.

310 1093 367 1114 Hanc
388 1094 454 1117 tegern

271 1122 291 1141 in
320 1123 454 1141 monasteriis

270 1147 354 1173 publice

270 1174 363 1195 mundat.

310 1466 455 1492 'l‘ransnniptis

272 1496 329 1515 credi
340 1495 405 1515 iubet.

305 2543 425 2565 Exordium.

472 338 633 376 quaerant.
651 337 701 364 aut
731 332 824 364 etiam
850 336 960 374 sponte
984 329 1095 362 oblatis
1127 329 1212 362 savo-

474 386 559 418 ribus
585 392 611 418 et
639 385 767 417 minime
792 382 976 427 conquisitis
998 387 1148 421 utantur,
1181 381 1212 413 in

473 439 586 471 virtute
604 443 727 471 sanctae
743 436 949 476 obedientiae,
967 446 1001 468 ac
1020 435 1078 468 sub
1091 445 1214 468 excom-

472 491 692 524 municationis
718 491 794 522 latae
820 489 990 522 sententiae
1019 490 1130 533 poena,
1155 499 1212 532 per

472 544 731 577 contrafacientes
756 543 823 586 ipso
849 543 929 575 facto
954 542 1153 582 incurrenda,
1170 541 1214 574 di-

471 599 577 631 stricte
602 596 822 641 praecipimus,
841 596 1036 635 mandamus,
1053 606 1088 629 ac
1109 595 1214 639 prohi-

470 652 589 684 bemus.

515 706 530 746 ,Q
554 704 583 736 lt.
610 704 677 737 Non
702 704 898 737 obstantibus
923 703 1114 747 praemissis,
1143 713 1214 736 nec-

471 866 526 898 riis
550 865 820 909 quibuscumque;
839 870 891 897 aut
912 865 937 896 si
961 863 1129 907 praedietis
1150 873 1214 896 mo-

469 918 587 959 nachis,
605 919 652 951 vel
669 918 833 962 quibusvis
848 917 917 949 aliis
934 916 1145 950 communiter
1161 921 1211 948 aut

470 972 595 1004 divisim
619 972 658 1004 ab
679 971 858 1014 Apostolica
884 970 921 1002 sit
942 969 1020 1003 Sede
1046 969 1212 1009 indultum,

469 1025 553 1067 quod
572 1024 727 1063 interdici,
744 1028 814 1064 etc„
832 1024 1034 1056 mentionem.

515 1079 529 1122 ἓ
555 1078 583 1110 5.
611 1078 647 1110 [t
665 1083 768 1110 autem
784 1078 896 1110 harum
911 1077 1088 1109 litterarum
1104 1076 1214 1110 notitia

470 1132 507 1164 ad
533 1142 642 1165 omnes
660 1131 734 1163 dicti
758 1130 882 1163 Ordinis
909 1133 938 1163 et
954 1129 1214 1173 Congregationis

471 1185 643 1217 monachos
663 1183 785 1216 facilius
802 1183 962 1223 deveniat,
979 1183 1124 1215 volumus
1145 1183 1214 1215 illas

471 1239 501 1270 in
526 1237 726 1272 monasteriis
750 1237 850 1269 dictae
874 1237 1136 1279 Congregationis
1161 1247 1215 1280 pu-

470 1293 550 1325 blice
576 1291 649 1334 legi,
675 1291 805 1333 illasque
830 1291 861 1322 in
886 1290 1086 1323 monasteriis
1110 1290 1215 1323 huius-

470 1346 555 1379 modi
581 1346 676 1378 lectas
714 1345 757 1376 sic
792 1349 933 1384 arctare,
959 1354 992 1376 ac
1025 1344 1051 1376 si
1076 1344 1232 1397 legitime⁴

472 1399 639 1442 unicuique
657 1398 817 1430 intimatae
835 1402 955 1430 essent.

516 1453 530 1495 ξ
547 1452 576 1485 6.
595 1452 785 1495 lllarumque
803 1451 954 1494 exemplis
974 1450 1066 1482 etiam
1085 1450 1215 1493 impres-

471 1505 535 1541 sis,
561 1515 654 1537 manu
687 1504 800 1537 notarii
831 1503 947 1547 publici
977 1503 1162 1546 subscriptis
1186 1508 1212 1535 ct

473 1613 518 1644 rel
545 1612 674 1645 alterius
705 1620 858 1654 personae
889 1610 919 1642 in
944 1609 1095 1652 dignitate
1121 1610 1217 1642 cccle-

472 1666 595 1699 stastica
632 1665 819 1698 constitutae
853 1663 1046 1706 obsignatis,
1072 1663 1215 1696 eamdem

473 1729 604 1762 prorsus
629 1718 723 1750 tidem
749 1717 868 1757 haberi,
894 1727 974 1760 quae
998 1716 1217 1760 praesentibus

473 1773 695 1813 baberet111*,si
718 1772 845 1804 eaedem
870 1771 1104 1804 exhiberentur.

517 1828 628 1860 Datum
640 1827 757 1859 Romae
768 1825 850 1869 apud
859 1830 1001 1858 sanctum
1010 1825 1148 1865 Petrum,
1159 1824 1216 1856 sub

473 1880 589 1913 annulo
608 1879 785 1919 piscatoris,
803 1878 853 1910 die
873 1888 938 1911 xxx
956 1877 1059 1910 martii
1085 1886 1216 1917 ntncxnt,

473 1933 673 1976 pontificatus
691 1932 790 1966 nostri
808 1942 890 1964 anno
907 1941 972 1964 vul.

509 1996 567 2023 Dat.
585 1995 628 2023 die
642 1995 676 2023 30
691 1995 779 2022 martii
798 1995 875 2028 1613,
896 1993 990 2029 pontis.
1007 2001 1078 2020 anno
1093 1999 1150 2020 vin.

779 2129 911 2162 CCXXX.

476 2211 655 2255 Collegium
665 2210 700 2244 H
701 2210 886 2243 ibernorum
899 2207 938 2241 Ul
940 2208 1146 2251 yssiponense
1154 2216 1218 2239 ere-

519 2269 607 2298 ctum
631 2263 790 2297 escimilm·
812 2273 831 2295 a
864 2261 1091 2295 iurisdictione
1122 2260 1217 2294 Ordi-

520 2318 620 2357 ηανίί,
638 2321 667 2350 ει
687 2316 762 2351 Secti
786 2314 990 2360 Apostolicae
1009 2314 1213 2348 subiicitur&

718 2397 829 2425 Paulus
846 2397 924 2430 Papa
939 2396 972 2427 V,

597 2452 633 2478 ad
653 2454 828 2486 perpetuam
848 2450 892 2478 rei
912 2449 1094 2478 memorium.

520 2522 688 2556 pastoralis
712 2522 806 2556 officii
823 2532 914 2562 cura,
932 2521 1054 2554 meritis
1075 2520 1148 2554 licet
1163 2520 1220 2552 im-

476 2575 615 2619 paribus,
639 2576 730 2609 nobis
747 2586 783 2608 ex
801 2576 863 2608 alto
880 2574 1051 2608 commissa
1070 2574 1217 2618 postulat,

478 2633 511 2663 ut
529 2640 574 2669 ea,
592 2639 671 2673 quae
689 2629 814 2672 piorum
832 2630 975 2662 locorum
992 2627 1217 2672 quorumlibet,

515 2693 525 2719 1
550 2692 586 2719 Ex
607 2692 711 2728 Regest.
733 2692 759 2719 in
779 2692 879 2719 Secret.
901 2692 981 2719 Brev.

1045 281 1223 305 RVLLARIUM
1248 281 1402 305 nostANmt

1247 329 1433 372 praesertim
1458 329 1664 372 collegiorum
1689 333 1719 362 et
1743 328 1987 363 seminariorum

1246 381 1283 414 ad
1308 381 1478 414 iuventutis
1501 381 1683 423 religiosam
1707 381 1936 421 educationem,
1952 392 1987 414 ac

1247 435 1277 467 in
1294 435 1522 475 ecclesiasticis,
1540 435 1672 479 aliisque
1694 435 1883 469 salutaribus
1899 435 1990 468 disci-

1246 488 1340 532 plinis
1353 488 1592 521 instructionem
1606 487 1656 532 pie
1669 487 1895 528 institutorum,
1909 493 1991 521 tran-

1246 541 1344 585 quillo
1368 541 1472 587 statui,
1497 541 1642 585 felicique
1665 541 1848 585 progressui
1876 541 1991 574 condu-

1247 598 1330 635 cunt,
1358 594 1492 628 libenter
1520 594 1740 636 concedamus,
1757 599 1852 639 prout
1878 594 1910 627 in
1933 594 1991 627 Do-

1247 649 1334 682 mino
1350 649 1564 693 conspicimus
1587 649 1756 683 salubriter
1779 648 1936 693 expedire.

1292 703 1306 746 g
1345 703 1369 735 l.
1402 703 1508 747 ltaque
1536 702 1668 736 dilectos
1699 702 1780 737 filios
1811 707 1991 742 rectorem,
2029 711 2190 743 neemena-
2234 691 2238 694 ⁶

471 768 533 791 non
557 758 705 791 omnibus
730 758 801 798 illis,
826 768 906 800 quae
931 757 960 789 in
985 756 1077 790 dictis
1100 756 1213 789 litteris
1247 756 1416 797 scholares,
1435 756 1607 796 ministros,
1624 762 1654 789 et
1670 756 1747 790 alias
1761 765 1913 800 personas
1930 744 2047 790 col-⁴³⁰¹
2061 745 2084 761 ¹¹²
2097 739 2189 762 ΝΜ*

471 812 628 844 voluimus
652 821 713 844 non
738 811 873 850 obstare,
891 811 1068 855 ceterisque
1092 811 1231 862 contra-3

1248 809 1320 852 legii
1353 819 1408 842 seu
1433 809 1594 843 seminarii
1617 809 1753 843 nationis
1777 809 1988 842 Hibernorum

1248 863 1379 896 civitatis
1404 862 1624 897 Ulixbonensis
1648 862 1797 896 canonice
1820 862 1932 903 erecti,
1956 867 1991 895 ut

1247 916 1419 960 apostolico
1444 915 1601 960 praesidio
1631 915 1751 949 suffulti
1780 925 1797 948 a
1828 915 1992 959 quibusvis

1247 969 1538 1013 perturbationibus
1553 975 1583 1003 et
1599 969 1835 1013 gravaminibus
1854 969 1992 1002 releven-

1248 1029 1309 1064 tur,
1326 1029 1354 1056 et
1380 1024 1410 1057 in
1435 1026 1490 1056 sua
1508 1023 1668 1056 vacatione
1687 1022 1796 1056 utilius
1811 1022 1989 1067 persistant,

1247 1077 1436 1121 specialibus
1470 1076 1628 1110 favoribus
1652 1081 1682 1109 et
1706 1075 1815 1119 gratiis
1839 1075 1989 1120 prosequi

1248 1131 1396 1170 volentes,
1422 1135 1451 1163 et
1476 1140 1588 1163 eorum
1613 1130 1789 1173 singulares
1804 1139 1956 1174 personas
1972 1138 1990 1162 a

1247 1183 1410 1227 quibusvis
1422 1183 1765 1223 excommunicationis,
1779 1182 1990 1226 suspensionis

1248 1240 1278 1270 et
1309 1236 1483 1277 interdicti,
1515 1236 1645 1280 aliisque
1677 1235 1896 1269 ecclesiasticis
1925 1245 1992 1268 sen-

1249 1289 1362 1325 tentiis,
1387 1289 1529 1323 censuris
1553 1295 1583 1322 et
1606 1289 1727 1333 poenis,
1748 1299 1766 1321 a
1789 1289 1858 1322 iure
1882 1288 1930 1322 vel
1951 1288 1991 1321 ab

1249 1343 1386 1384 homine,
1404 1343 1514 1386 quavis
1534 1343 1699 1376 occasione
1723 1342 1771 1375 vel
1796 1343 1891 1375 causa
1911 1341 1991 1382 latis,

1249 1397 1273 1429 si
1287 1397 1403 1441 quibus
1415 1396 1654 1440 quomodolibet
1665 1396 1831 1430 innodatae
1845 1396 1991 1436 existunt,

1249 1451 1286 1483 ad
1311 1450 1457 1483 effectum
1482 1450 1677 1494 presentium
1703 1449 1863 1482 dumtaxat
1887 1459 1993 1482 conse-

1231 1536 1232 1540 ,
1249 1504 1419 1548 quendum,
1444 1504 1556 1537 harum
1575 1503 1655 1537 serie
1673 1503 1880 1544 absolventes,
1895 1507 1926 1536 et
1942 1502 1994 1536 ab·

472 1559 575 1601 sigillo
601 1557 810 1602 praesidentis
827 1557 924 1600 ipsius
945 1556 1214 1599 Congiegationis,
1231 1552 1233 1567 '¹

1250 1558 1367 1591 solutas
1398 1558 1464 1590 sore
1496 1561 1680 1598 censentes,
1712 1556 1993 1600 supplicationibus

1250 1622 1360 1645 eorum
1385 1611 1512 1645 nomine
1537 1610 1627 1644 nobis
1643 1620 1738 1655 super
1753 1610 1814 1643 hoe
1831 1609 1993 1643 humiliter

1249 1665 1404 1708 porrectis
1428 1664 1585 1707 inclinati,
1603 1663 1772 1707 collegium
1789 1673 1844 1696 seu
1861 1662 1999 1696 seminam

1250 1719 1332 1752 rium
1357 1717 1565 1762 praedictum,
1590 1717 1736 1761 illiusque
1761 1722 1932 1757 rectorem,
1956 1726 1993 1750 ac

1251 1772 1426 1811 scholares,
1450 1771 1630 1810 ministros,
1655 1780 1691 1803 ae
1719 1770 1794 1803 alias
1824 1779 1992 1814 personas,

1250 1835 1307 1858 nec
1324 1835 1387 1858 non
1403 1824 1545 1858 eiusdem
1563 1835 1614 1858 res
1631 1829 1661 1857 ct
1675 1824 1758 1857 bona
1773 1832 1992 1867 quaecumque

1250 1889 1333 1912 nunc
1357 1884 1387 1911 et
1410 1889 1468 1922 pro
1493 1883 1636 1922 tempore
1660 1877 1834 1917 existentia,
1851 1876 1890 1909 ab
1905 1876 1992 1910 omni

1251 1938 1280 1966 et
1304 1942 1502 1977 quacumque
1526 1931 1755 1971 iurisdictione,
1780 1930 1992 1970 correctione,

1251 1986 1446 2026 visitatione,
1471 1985 1691 2029 superioritate
1709 1989 1739 2016 et
1755 1988 1908 2027 potestate
1929 1993 1994 2017 mo-

1251 2039 1341 2072 derni
1365 2044 1396 2071 et
1420 2049 1479 2083 pro
1511 2043 1654 2082 tempore
1685 2037 1845 2071 existentis
1875 2036 1994 2070 archie-

1251 2091 1370 2136 piscopi
1397 2091 1615 2125 Ulixbonensis
1642 2091 1787 2135 illiusque
1811 2090 1993 2124 officialium

1251 2150 1282 2178 et
1294 2145 1512 2179 ministrorum
1527 2154 1811 2189 quorumcumque,
1821 2143 1992 2189 apostolica

1251 2199 1452 2239 auctoritate,
1478 2202 1585 2232 tenore
1613 2198 1842 2242 praesentium,
1870 2202 1933 2230 tam
1961 2197 1993 2230 in

1252 2252 1432 2285 universum
1447 2261 1541 2295 quarn
1557 2251 1750 2295 singillatim,
1762 2254 1915 2295 perpetuo
1931 2249 1994 2282 exi-

1252 2306 1368 2339 mimus
1391 2309 1421 2339 et
1444 2305 1625 2344 liberamus,
1647 2304 1781 2348 illosque
1804 2308 1834 2337 et
1858 2303 1911 2336 illa
1933 2303 1992 2336 sub

1251 2359 1333 2392 beati
1352 2357 1435 2391 Petri
1459 2368 1496 2391 ac
1519 2359 1626 2391 nostra
1642 2361 1673 2390 et
1689 2356 1777 2389 Sedis
1794 2355 1991 2399 Apostolicae

1252 2412 1445 2457 protectione
1469 2411 1678 2455 suscipimus,
1703 2409 1856 2453 nobisque
1879 2412 1910 2442 et
1932 2418 1992 2454 pro

1251 2469 1393 2510 tempore
1416 2464 1558 2499 existenti
1582 2464 1724 2497 Romano
1740 2462 1883 2496 Pontifici
1897 2462 1992 2496 etiam

1250 2523 1403 2563 perpetuo
1431 2517 1630 2558 subhcimus,
1655 2516 1733 2550 itaut
1764 2515 1935 2549 modernus
1961 2519 1993 2549 et

1250 2583 1309 2617 pro
1325 2579 1467 2617 tempore
1483 2571 1619 2605 existens
1634 2569 1889 2613 archiepiscopus
1904 2578 1993 2613 prae—

1251 2626 1363 2667 dictus,
1385 2626 1513 2668 eiusque
1529 2623 1678 2657 officiales
1695 2627 1722 2655 et
1740 2622 1877 2656 ministri
1894 2621 1992 2655 ullam

1251 2679 1361 2724 quovis
1384 2683 1557 2721 praetextu.
1574 2682 1601 2709 et
1622 2687 1659 2709 ex
1676 2686 1874 2720 quacumque
1897 2676 1991 2710 causa

2001 279 2050 306 An.
2070 279 2101 307 c.
2118 279 2189 308 wia
2220 257 2261 318 ii:
