2293 3231
103 290 152 317 An.
172 289 200 317 C.
220 287 286 317 1612

938 285 1056 309 rAtJLt's
1083 286 1099 307 V
1125 285 1171 308 ΓΡ.

301 334 559 368 iurisdictionalia
576 334 607 367 in
628 334 715 367 Statu
728 339 837 367 nostro
853 332 1044 366 Ecclesiasti-

302 390 369 433 co),
386 398 614 431 recognoscere
637 392 811 420 teneantur:
838 386 955 419 idcirco
976 396 1042 422 nos,

302 451 338 474 ex
349 440 499 474 relatione
513 439 705 479 huiusmodi,
719 445 745 471 et
763 439 848 479 alias,
859 439 1045 481 depraeten-

303 494 427 527 sionum
450 493 523 526 dicti
546 493 663 527 Nic-olai
686 492 823 536 episcopi
852 491 993 524 nullitate
1015 495 1042 523 ct

303 557 319 580 e
345 551 454 580 contra
477 546 566 580 Sedis
588 551 615 579 et
641 546 788 579 Gamerae
813 543 1044 588 praedit-tarum

303 599 386 633 bono
411 599 479 632 iure
501 600 591 643 plene
617 598 792 638 informati,
811 607 936 630 omnem
962 596 1046 629 cirea

303 653 476 697 praemissa
497 653 535 686 dc
556 658 661 686 cetero
682 651 843 685 dubitandi
867 655 896 682 et
925 655 1047 683 contro-

305 705 445 739 vertendi
462 706 627 738 materiam
644 705 682 738 de
699 704 802 737 medio
819 704 930 736 tollere
945 702 1047 735 volen-

304 764 368 800 tes,
395 764 425 792 et
447 764 641 792 assertorum
660 757 908 802 privilegiorum,
932 756 1048 788 littera-

304 823 374 845 rum
386 839 394 853 ,
411 813 651 851 sententiarum,
668 812 864 854 aliarumque
881 809 1048 853 seriptura-

304 876 375 899 rum
385 865 616 909 praedictarum
627 870 752 897 tenores
760 862 977 907 praesentibus
990 871 1047 905 pro

305 919 496 952 sufficienter
523 918 680 962 expressis
709 917 876 956 habentes,
903 915 1047 959 ipsasque

304 972 489 1011 sententias,
506 977 660 1015 quatenus
684 981 763 1014 opus
788 970 840 1009 sit,
865 974 1048 1002 revocantes

305 1030 336 1058 et
351 1025 548 1058 annullantes
559 1051 566 1065 ,
584 1029 672 1057 motu
689 1023 834 1068 proprio,
852 1027 881 1055 et
902 1033 939 1055 ex
961 1023 1047 1054 certa

305 1078 435 1111 scientia
452 1079 571 1117 nostra,
585 1088 619 1110 ac
634 1077 672 1109 de
686 1075 874 1120 apostolicae
886 1074 1048 1119 potestatis

305 1131 508 1176 plenitudine,
519 1130 679 1175 praedicta
695 1134 757 1163 cast
763 1140 796 1162 ra
807 1129 929 1168 Ceutae,
942 1128 1050 1161 Mutel—

307 1186 364 1226 lae,
376 1185 511 1225 Cersolii,
528 1184 677 1218 Fenoeuli
695 1189 724 1217 et
738 1183 824 1217 Putei
841 1183 879 1216 de
896 1182 981 1216 Statu
996 1192 1050 1215 no-

307 1243 373 1272 stro
393 1238 612 1272 Ecclesiastico
630 1243 660 1271 et
690 1236 904 1270 iurisdictione
925 1240 1049 1268 sanctae

308 1293 464 1325 Romanae
487 1292 644 1326 Ecclesiae
668 1291 819 1334 Sedisque
844 1296 874 1322 et
902 1290 1049 1323 Gamerae

307 1345 502 1389 Apostolicae
518 1345 614 1378 fuisse
629 1350 656 1377 et
675 1355 759 1383 esse;
773 1354 808 1377 ae
824 1354 881 1387 pro
897 1342 988 1376 dictis
1004 1353 1051 1375 ca-

307 1398 395 1439 stris,
416 1403 446 1432 et
465 1399 593 1432 illorum
611 1397 791 1437 occasione,
809 1397 996 1430 modernum
1021 1401 1051 1428 et

307 1462 366 1496 pro
382 1457 526 1496 tempore
543 1452 710 1485 existentes
727 1451 891 1495 episcopos
915 1450 1051 1484 Sarsina-

308 1511 412 1539 tenses
439 1511 469 1539 et
496 1505 680 1539 eorumdem
705 1510 882 1538 castrorum
907 1504 1051 1537 homines

309 1565 339 1592 et
360 1559 552 1592 habitatores
573 1559 611 1591 ad
634 1558 777 1592 eamdem
803 1558 981 1591 Romanam·
998 1557 1052 1590 Ec-

309 1612 454 1653 clesiam,
472 1612 647 1656 Sedemque
670 1617 698 1644 et
721 1611 884 1645 Cameram
901 1610 1052 1654 Apostoli-

310 1675 394 1706 cam,
420 1665 673 1710 superioritatem
699 1674 946 1709 supremumque
967 1668 994 1696 et
1012 1664 1052 1695 al-

310 1724 377 1752 tum
393 1719 569 1752 dominium
588 1719 618 1751 in
637 1718 696 1751 illis
712 1718 892 1757 habentem,
910 1717 1003 1750 etiam
1020 1716 1051 1749 in

310 1772 547 1816 temporalibus,
561 1771 863 1815 recognoscendum,
877 1781 1007 1814 seseque
1021 1770 1052 1802 in

312 1825 458 1858 omnibus
485 1826 529 1858 illi
549 1825 780 1858 subiiciendum
808 1823 925 1860 teneri:
956 1829 986 1856 et
1014 1823 1052 1855 ad

313 1888 381 1911 eam
406 1878 451 1911 uti
474 1879 569 1911 talem
593 1878 623 1911 in
647 1877 794 1911 omnibus
819 1882 849 1910 ct
871 1887 928 1921 per
947 1876 1052 1909 onmia

313 1932 541 1966 recurrendum
555 1932 621 1965 sore
633 1937 662 1965 et
675 1943 754 1971 esse,
766 1942 837 1965 eum
850 1930 1010 1974 regalibus
1023 1935 1051 1963 et

312 1986 549 2029 praerogativis,
573 1985 826 2029 superioritatem
857 1994 1054 2028 supremum-

314 2049 375 2082 que
391 2044 422 2071 et
437 2039 535 2071 altum
549 2038 723 2071 dominium
737 2038 864 2070 habenti
878 2042 1054 2081 competen-

316 2091 412 2131 tibus;
438 2091 481 2124 ita
507 2096 542 2124 ut
569 2091 740 2124 modernus
768 2096 799 2124 et
825 2101 884 2134 pro
911 2096 1054 2134 tempore

316 2144 483 2177 existentes
504 2144 642 2188 episcopi
658 2144 890 2178 Sarsinatenses
902 2143 1053 2187 praedicti

315 2207 374 2241 pro
398 2197 516 2230 eisdem
540 2197 651 2230 castris
673 2202 703 2229 et
730 2196 857 2230 illorum
874 2196 1054 2229 hominibus

316 2255 347 2283 et
362 2249 591 2283 habitatoribus
602 2277 609 2290 ‚
626 2249 818 2293 illorumque
839 2249 1054 2282 iurisdictione

315 2303 499 2347 temporali,
528 2312 680 2346 meroque
708 2307 737 2334 et
769 2302 866 2335 mixto
898 2302 1053 2346 Imperio,

316 2356 401 2400 quod
417 2356 449 2388 in
465 2356 556 2389 dictis
573 2355 682 2389 castris
696 2360 726 2387 et
749 2365 844 2398 super
858 2355 985 2388 illorum
1002 2355 1056 2387 ho-

318 2409 419 2442 mines
435 2414 466 2442 et
479 2408 671 2442 habitatores
687 2408 828 2441 obtinent
845 2413 875 2441 et
891 2413 1053 2449 exercent,

318 2473 354 2496 ac
370 2462 462 2496 etiam
481 2462 538 2506 ipsi
558 2462 704 2495 homines
729 2467 758 2493 et
776 2461 976 2501 habitatores,
986 2472 1054 2499 nos,

319 2521 505 2560 nostrosque
530 2526 727 2549 successores
750 2515 907 2548 Romanos
931 2514 1056 2547 Pontifi-

319 2581 385 2611 ceS,
401 2570 578 2614 Sedemque
600 2575 629 2603 et
650 2569 811 2603 Cameram
829 2568 1054 2611 Apostolieam,

319 2629 350 2657 et
369 2624 496 2657 illorum
518 2623 680 2656 ministros
697 2628 727 2656 et
743 2622 903 2661 officiales,
920 2621 951 2654 in
968 2630 1056 2665 supe-

319 2677 430 2718 riores,
441 2683 469 2711 et
479 2688 542 2712 non
550 2677 646 2711 alium
655 2687 709 2711 seu
721 2677 798 2709 alios
808 2676 934 2720 quosvis
948 2675 1055 2719 (modo

1076 337 1106 365 et
1134 334 1234 364 forma
1262 336 1355 375 prout
1384 329 1495 363 l'aciunt
1533 334 1559 360 et
1588 334 1815 370 recognoscunt

1077 385 1127 417 alii
1154 384 1349 428 possidentes
1371 389 1471 416 eastra
1495 388 1524 414 et
1549 382 1616 414 lora
1634 381 1818 414 iurisdictio-

1077 438 1158 470 nalia
1180 438 1209 469 in
1225 438 1312 470 Statu
1337 442 1446 469 nostro
1467 434 1710 477 Ecclesiastico),
1732 444 1818 467 reco-

1078 501 1229 534 gnoscere
1246 496 1420 529 tenmutur,
1438 490 1551 522 harum
1569 488 1649 520 serie
1666 492 1818 531 perpetuo

1078 544 1292 577 declaramus:
1311 549 1338 576 et
1354 543 1438 575 dicto
1454 542 1590 581 Nicolao,
1608 552 1642 573 ae
1665 550 1722 584 pro
1743 545 1820 573 tem-

1078 608 1154 641 pore
1172 597 1314 630 existenti
1345 597 1492 641 episcopo
1516 594 1735 634 Sarsinatensi,
1752 604 1820 638 per-

1079 655 1207 694 petuum
1233 661 1327 694 super
1348 649 1529 694 praemissis
1547 648 1705 681 silentium
1724 647 1821 691 impo-

1079 713 1193 736 nimus.

1124 757 1139 799 ξ
1152 756 1180 789 5.
1194 756 1402 789 Dfflssernontes
1415 755 1632 800 praesentibus
1645 753 1761 787 nostris
1774 754 1821 786 lit-

1081 809 1156 841 teris
1177 814 1204 841 et
1223 808 1253 840 in
1271 809 1314 841 eis
1333 808 1486 841 contentis
1502 807 1665 840 eeclesiam
1682 806 1820 840 Sarsina-

1081 867 1211 902 tensem‚
1229 862 1411 904 dictumque
1429 872 1482 893 seu
1500 861 1577 893 alios
1597 871 1654 904 pro
1677 864 1819 903 tempore

1081 914 1249 947 existentes
1267 914 1407 946 eiusdem
1432 913 1581 945 ecclesiae
1604 913 1767 956 episcopos
1790 916 1819 943 et

1081 968 1251 1011 praesules,
1265 973 1348 1000 stare
1361 972 1389 999 et
1405 967 1604 1010 acquiescere
1621 966 1744 998 debere:
1759 976 1821 997 eas-

1081 1021 1151 1053 dem
1181 1031 1255 1053 vero
1277 1025 1473 1064 praesentes,
1497 1024 1523 1051 et
1551 1019 1580 1051 iu
1607 1019 1651 1051 eis
1675 1024 1820 1051 contenta

1081 1084 1307 1117 quaecumque,
1322 1073 1359 1105 de
1373 1072 1599 1116 subreptionis,
1617 1071 1821 1115 obreptionis,

1082 1132 1134 1159 aut
1150 1126 1301 1159 nullitatis
1318 1126 1406 1165 vitio,
1424 1136 1478 1158 seu
1496 1125 1676 1158 intentionis
1696 1129 1821 1158 nostrae

1082 1180 1214 1217 defectu,
1228 1185 1281 1212 aut
1296 1179 1356 1212 alio
1369 1179 1478 1222 quovis
1492 1183 1665 1222 praetextu,
1681 1178 1757 1217 iure,
1774 1178 1821 1210 vel

1083 1235 1188 1273 causa,
1204 1234 1298 1266 etiam
1319 1233 1349 1265 in
1367 1243 1500 1275 corpore
1526 1232 1602 1264 iuris
1625 1232 1746 1270 clausa,
1770 1236 1823 1263 aut

1082 1287 1158 1320 alias
1172 1286 1405 1331 quomodolibet
1430 1285 1547 1325 notari,
1566 1284 1759 1328 impugnari,
1777 1294 1823 1317 re-

1083 1341 1192 1380 scindi,
1208 1340 1365 1379 revocari,
1383 1339 1560 1379 retractari,
1578 1344 1628 1371 aut
1649 1339 1678 1370 in
1706 1338 1754 1370 ius
1775 1338 1822 1371 vel

1084 1394 1330 1428 controversiam
1344 1393 1454 1426 adduci
1468 1394 1644 1425 nullatenus
1657 1402 1758 1436 posse,
1770 1392 1824 1424 sed

1084 1449 1202 1481 litteras
1222 1448 1407 1492 praedictas,
1424 1447 1541 1490 absque
1558 1447 1691 1479 aliorum
1707 1445 1824 1478 iurium

1084 1507 1114 1535 et
1138 1503 1422 1535 instrumentorum
1448 1500 1639 1534 exhibitione
1668 1505 1721 1532 aut
1752 1499 1825 1532 alio-

1085 1566 1155 1588 rum
1165 1555 1412 1599 praemissorum
1429 1553 1652 1592 velificatione,
1666 1552 1704 1585 ad
1720 1552 1825 1585 onmia

1085 1614 1113 1641 et
1139 1609 1261 1651 singula
1281 1607 1473 1640 sufficienter
1497 1607 1527 1639 iu
1554 1606 1667 1639 iudicio
1691 1611 1721 1638 ct
1738 1611 1824 1638 extra

1084 1663 1174 1706 plene
1199 1661 1396 1706 probandum
1423 1660 1551 1693 omnino
1582 1660 1743 1698 sufficere,
1767 1669 1824 1690 nes·

1085 1716 1213 1749 alterius
1226 1714 1421 1759 probationis
1437 1713 1662 1746 adminiculum
1677 1712 1715 1745 ad
1733 1712 1762 1744 id
1780 1722 1825 1744 re-

1085 1769 1182 1813 quiri,
1203 1769 1391 1811 easdemque
1418 1771 1616 1811 praesentes,
1646 1765 1765 1798 etiamsi
1794 1765 1824 1797 in

1085 1824 1211 1855 camera
1233 1820 1404 1865 apostolica
1422 1825 1452 1852 et
1470 1820 1499 1852 in
1517 1819 1581 1852 suis
1605 1818 1693 1851 libris
1714 1818 1826 1850 admis-

1086 1886 1137 1908 sae
1165 1881 1195 1908 et
1220 1875 1404 1918 registratae
1433 1884 1495 1906 non
1518 1873 1596 1912 sint,
1621 1871 1825 1904 nihilominus

1086 1939 1211 1973 semper
1225 1934 1252 1961 et
1270 1932 1422 1972 perpetuo
1440 1926 1555 1959 validas
1572 1926 1638 1958 sore
1656 1930 1685 1957 et
1703 1935 1780 1964 esse,
1794 1930 1823 1957 et

1086 1984 1239 2026 perpetua
1262 1980 1386 2015 roboris
1411 1979 1558 2012 firmitate
1584 1978 1765 2015 subsistere,
1790 1988 1825 2010 ac

1087 2036 1125 2068 ab
1142 2035 1288 2068 omnibus
1306 2040 1333 2068 et
1352 2033 1492 2077 singulis,
1510 2033 1548 2065 ad
1565 2043 1643 2076 quos
1660 2037 1777 2076 spectat
1797 2036 1825 2063 et

1087 2089 1119 2122 in
1135 2090 1276 2122 futurum
1294 2087 1455 2132 spectabit,
1472 2086 1606 2119 firmiter
1622 2091 1652 2118 et
1669 2084 1827 2118 inviolabi-

1087 2143 1159 2175 liter
1178 2142 1339 2175 observari
1352 2141 1480 2179 debere;
1499 2140 1621 2183 sicque,
1638 2144 1668 2171 et
1691 2149 1754 2171 non
1775 2138 1827 2171 ali-

1087 2201 1145 2236 ter,
1163 2196 1194 2228 in
1209 2195 1390 2240 praemissis
1415 2193 1561 2227 omnibus
1585 2198 1615 2225 et
1640 2191 1770 2234 singulis
1795 2191 1826 2223 in

1088 2259 1286 2293 quacumque
1310 2247 1455 2280 instantia
1479 2252 1508 2279 et
1530 2257 1587 2290 per
1609 2255 1826 2289 quoscumque

1089 2302 1207 2335 iudices
1229 2301 1405 2335 ordinarios
1429 2305 1459 2333 et
1484 2300 1643 2342 delegatos
1666 2298 1759 2330 etiam
1777 2309 1827 2330 cu-

1088 2355 1153 2388 riae
1184 2365 1350 2388 causarum
1391 2363 1534 2386 camerae
1573 2351 1762 2395 apostolicae
1797 2356 1827 2383 et

1088 2409 1193 2452 palatii
1211 2408 1309 2441 nostri
1327 2407 1500 2447 auditores,
1517 2417 1551 2438 ac
1577 2410 1701 2438 sanctae
1717 2406 1828 2438 Roma*

1088 2472 1146 2494 nae
1170 2460 1326 2494 Ecclesiae
1350 2459 1559 2493 camerarium
1583 2464 1611 2491 et
1637 2457 1826 2497 cardinales,

1089 2514 1182 2547 etiam
1210 2514 1248 2546 de
1280 2514 1376 2546 latere
1404 2514 1541 2555 legatos,
1569 2512 1768 2554 vice-legatos
1797 2517 1825 2543 et

1088 2567 1229 2607 nuncios,
1244 2567 1373 2599 iudicari
1385 2572 1413 2599 et
1428 2566 1551 2598 deliniri
1566 2565 1680 2598 debere
1690 2565 1826 2608 (sublata

1089 2621 1133 2654 eis
1158 2626 1188 2653 et
1212 2630 1322 2653 eorum
1347 2620 1475 2653 cuilibet
1498 2619 1607 2663 quavis
1638 2619 1728 2651 aliter
1751 2618 1826 2651 iudi-

1089 2675 1177 2709 candi
1198 2680 1225 2706 et
1244 2673 1468 2718 interpretandi
1490 2673 1632 2706 facultate
1650 2678 1676 2706 et
1696 2671 1828 2706 auctori-

1739 271 1781 305 -29
1827 281 1876 308 An.
1898 279 1926 306 c.
1946 256 2033 307 1612'

1861 763 1972 785 clancula·
1977 779 1982 785 .
