2293 3231
66 352 117 383 An.
134 352 164 382 G.
181 351 250 381 1622

66 2423 76 2443 '.
103 2415 244 2439 Prooemium.

871 349 1047 374 GREGORIUS
1070 349 1110 374 XV
1134 349 1182 374 PP-

266 397 427 440 terminos,
443 398 497 431 ubi
511 408 590 442 opus
606 398 674 437 erit,
687 397 833 441 ponendi,
851 408 906 430 seu
929 397 1004 441 poni

267 451 409 491 faciendi,
434 456 464 484 et
489 451 519 484 in
544 456 699 491 eventum,
721 451 750 484 in
774 461 867 494 quem
887 450 956 483 lites
975 456 1005 483 ct

267 503 472 544 differentiae,
496 508 530 536 ut
554 504 741 547 praefertur,
758 503 919 536 terminari
943 513 1004 536 non

267 556 398 600 possint,
423 556 454 588 in
478 556 623 598 arbitros,
648 556 702 600 qui
727 566 788 597 eas,
809 560 903 599 prout
927 555 1004 588 iuris

268 609 371 650 suerit,
396 614 426 642 et
449 620 520 642 cum
545 609 775 642 conditionibus
801 609 854 641 libi
879 609 1004 641 benevi-

268 661 326 703 sis,
351 661 537 702 terminent,
566 661 858 705 compromittendi,
883 661 1004 705 aliaque

268 714 374 748 omnia
398 719 428 747 et
451 714 574 757 singula
598 714 628 746 in
652 714 833 758 praemissis
861 718 891 746 et
922 714 1004 746 circa

268 776 304 798 ea
327 766 504 798 necessaria
528 771 558 798 et
580 771 767 810 opportuna,
792 766 913 798 etiamsi
932 766 1005 798 talia

268 817 330 851 sint
361 829 440 862 quae
476 818 657 851 mandatum
683 819 880 862 requirerent
904 818 1004 861 magis

269 870 414 914 speciale,
438 871 588 912 faciendi,
614 871 743 914 gerendi
768 876 798 904 et
822 870 1005 914 exequendi,

268 924 438 967 apostolica
454 923 648 964 auctoritate,
661 929 769 957 tenore
782 923 1005 967 praesentium,

268 976 447 1009 facultatem
468 977 668 1010 concedimus
692 981 721 1009 et
744 976 952 1020 impertimur.
973 976 1006 1008 In

269 1029 462 1062 contrarium
475 1029 659 1062 facientibus
668 1039 731 1062 non
739 1028 934 1063 obstantibus
942 1028 1007 1072 qui-

267 1080 472 1124 buscumque.

312 1133 422 1166 Datum
447 1134 573 1173 Romae,
597 1133 680 1176 apud
704 1138 845 1166 sanctum
870 1133 1006 1173 Petrum,

268 1185 326 1218 sub
350 1186 465 1219 annulo
490 1186 667 1227 piscatoris,
681 1186 731 1218 die
754 1196 807 1219 xix
831 1185 1007 1219 decembris

268 1248 412 1280 MDCXXH,
437 1239 639 1283 pontificatus
662 1239 762 1272 nostri
787 1249 869 1272 auno
886 1249 917 1271 11.

304 1300 361 1328 Dat.
383 1300 426 1328 die
443 1301 475 1328 19
489 1300 642 1328 decembris
657 1300 735 1334 1622,
754 1300 848 1336 pontif.
864 1308 909 1327 an.
925 1306 952 1327 11.

585 1450 685 1484 XCIII.

269 1532 503 1568 Secularizatio
527 1531 800 1564 monasteriorum
816 1530 922 1562 sancti
940 1529 1009 1562 Gil-

314 1586 402 1619 dasii
418 1589 447 1619 et
464 1585 725 1629 quidoleusis,
741 1594 778 1616 ac
791 1583 957 1627 prioratus
972 1581 1009 1614 cle

317 1640 509 1674 Grammom
539 1638 674 1672 Ordinis
709 1637 815 1670 sancti
842 1636 1009 1669 Benedicti

315 1693 532 1728 Bituriceusis
553 1693 713 1731 dioecesis,
733 1696 760 1724 et
781 1691 894 1724 erectio
916 1689 1010 1723 colle-

314 1748 423 1791 9iatae
433 1746 580 1779 ecclesiae
589 1749 616 1778 et
623 1744 752 1788 cotteyii
760 1744 927 1778 Societatis
936 1743 1007 1776 Iesu

315 1801 353 1834 in
384 1800 492 1833 eodem
523 1798 658 1843 oppido,
690 1808 763 1830 cum
792 1797 1011 1840 applicatione

318 1855 474 1888 bonorum
504 1853 776 1886 monasteriorum
796 1858 824 1884 et
846 1851 1011 1895 prioratus

314 1908 559 1953 praedictorum
591 1906 738 1939 ecclesiae
769 1905 955 1948 colteyiatae
983 1907 1011 1936 et

317 1962 450 2005 colleqio
467 1959 666 2000 huiusmodi,
683 1970 719 1991 ac
734 1958 948 1991 reservatione
961 1957 1011 1989 iu-

317 2014 557 2057 rispatrouatus
565 2013 600 2046 H
600 2023 656 2046 eur
661 2012 705 2045 ico
715 2012 752 2045 cte
761 2010 913 2044 Bourbon
922 2010 978 2053 pri
981 2020 1013 2042 u-

319 2067 384 2110 cipi
394 2066 548 2107 Gouolaeo,
562 2070 591 2099 et
600 2066 669 2100 eius
676 2063 934 2099 successoribus¹.

471 2144 627 2179 Gregorius
645 2144 818 2178 Episcopus,

453 2205 557 2225 servus
583 2205 737 2225 servorum
762 2197 830 2230 Dei,

277 2251 392 2280 Dilecto
406 2250 468 2278 filio
483 2252 587 2277 nostro
597 2252 628 2277 et
639 2250 725 2277 Sedis
737 2249 926 2283 Apostolicae
941 2255 1014 2275 nun-

313 2295 368 2328 cio,
389 2294 420 2321 in
439 2301 529 2328 regno
548 2294 687 2321 franciae
707 2292 909 2324 commoranti,
931 2293 1013 2319 salu-

312 2342 373 2367 tem
392 2342 422 2366 et
441 2338 637 2373 apostolicam
654 2338 903 2366 benedictionem.

321 2411 356 2444 In
379 2420 529 2454 supremo
552 2409 748 2453 Apostolicae
772 2408 859 2441 Sedis
883 2408 961 2440 solio
985 2412 1015 2440 et

277 2464 437 2508 potestatis
460 2462 652 2507 plenitudine
672 2472 689 2494 a
708 2461 840 2494 Domino
865 2460 1014 2494 constitu-

277 2518 309 2558 ti,
322 2518 361 2550 ad
378 2517 582 2551 ecclesiarum
599 2515 807 2559 quarumlibet
831 2513 1015 2562 praesertim

277 2570 536 2615 collegiatarum²
560 2570 607 2613 (ut
627 2569 659 2602 in
680 2570 724 2601 eis
741 2569 778 2601 ad
798 2568 894 2601 divini
914 2568 1015 2600 cultus

315 2652 326 2678 1
349 2650 386 2677 Ex
405 2651 515 2686 Regest.
537 2650 564 2676 in
584 2649 685 2676 Secret.
707 2648 783 2675 Brev.

313 2694 330 2720 2
338 2695 438 2722 Vocem
453 2694 636 2722 ecclesiarum
645 2692 777 2720 delemus.
788 2692 915 2719 Ceterum
926 2692 953 2718 in
963 2691 1015 2718 hac

279 2741 364 2767 const.
381 2738 458 2774 plura
471 2738 652 2772 corrigemus,
669 2745 751 2773 quam
768 2736 920 2764 notabimus
935 2735 1012 2771 (uxr).

362 2792 441 2821 Bull.
461 2792 542 2820 Rom.
562 2806 597 2814 -
613 2792 673 2820 Vol.
692 2790 759 2820 XII.
919 2789 952 2818 97

1038 396 1256 429 exaltationem
1274 405 1309 428 ac
1325 394 1433 439 populi
1451 394 1695 428 consolationem
1714 394 1776 426 lau-

1038 449 1092 481 des
1106 448 1263 482 Altissimo
1277 448 1426 481 continuo
1440 447 1671 491 persolvantur)
1693 456 1776 479 erec-

1037 502 1164 541 tionem,
1189 512 1311 534 necnon
1329 501 1367 534 ad
1386 500 1593 543 collegiorum
1613 499 1776 533 Societatis

1038 556 1106 588 lesu
1124 556 1174 598 (ex
1184 555 1297 599 quibus
1308 554 1387 598 grati
1401 554 1532 587 Domino
1547 558 1576 586 et
1589 552 1777 586 christianae

1037 607 1229 651 reipublic-ac
1252 607 1344 640 utiles
1373 605 1515 639 fruclus¹
1540 605 1678 649 quotidie
1702 615 1777 648 pro-

1037 661 1143 693 venire
1160 661 1345 704 noscuntur)
1360 659 1586 692 institutionem
1611 657 1777 701 propensis

1037 713 1146 745 studiis
1174 712 1385 752 intendimus,
1413 722 1448 744 ac
1476 711 1506 744 in
1534 711 1583 743 his
1611 709 1778 754 pastoralis

1038 765 1131 798 officii
1156 765 1255 799 nostri
1281 770 1403 808 partes,
1430 769 1460 797 et
1483 774 1540 807 per
1565 769 1777 807 opportunam

1038 818 1304 852 monasteriorum
1328 822 1358 851 et
1380 817 1578 861 prioratuum
1603 827 1639 849 ac
1663 815 1780 849 officio-

1038 881 1109 903 rum
1128 870 1395 914 suppressionem,
1412 868 1627 902 favorabiliter
1643 868 1779 912 interpo-

1038 923 1152 963 nimus,
1165 928 1259 966 prout
1272 922 1500 955 catholicorum
1514 921 1694 965 principum
1708 925 1780 953 vota

1039 979 1222 1019 exposcunt,
1243 986 1288 1016 ac,
1308 985 1426 1015 rerum,
1447 975 1590 1008 locorum
1608 977 1638 1007 et
1658 978 1779 1016 tempo·

1039 1040 1110 1062 rum
1124 1028 1366 1062 circumstantiis
1378 1027 1481 1060 debite
1498 1026 1645 1071 pensatiS,
1660 1025 1781 1070 conspi-

1040 1082 1139 1115 cimus
1163 1082 1195 1114 in
1219 1081 1352 1115 Domino
1377 1079 1545 1113 salubriter
1562 1078 1719 1123 expedire.

1084 1135 1098 1178 ἓ
1123 1134 1151 1167 1.
1177 1135 1254 1168 Cum
1279 1134 1393 1177 itaque,
1411 1133 1491 1166 sicut
1508 1132 1696 1176 accepimus,
1710 1140 1779 1164 mo-

1681 337 1746 372 769
1791 346 1843 372 An.
1859 344 1887 372 c.
1905 344 1973 373 ¹622

1838 1141 1920 1163 Causae
1934 1147 1978 1163 mo-

1793 1169 1887 1189 nasteria
1910 1169 1977 1190 sancti

1039 1187 1211 1219 nasterium
1235 1186 1333 1219 sancti
1356 1184 1483 1220 Gildasii
1508 1195 1544 1218 ac
1563 1184 1721 1228 prioratus
1741 1183 1779 1216 de
1793 1195 1978 1247 giissigiisfffflffe'

1040 1239 1191 1273 Gramont
1210 1238 1334 1272 Ordinis
1360 1237 1457 1272 sancti
1477 1237 1645 1276 Benedicti,
1670 1236 1780 1268 Bituri-
1793 1248 1910 1273 prioratum
1951 1247 1977 1268 de

1794 1274 1892 1295 Grnmont
1900 1274 1979 1296 secula-

1041 1292 1141 1325 censis
1162 1291 1323 1331 dioecesis,
1340 1291 1433 1324 certis
1453 1295 1527 1323 tunc
1543 1289 1699 1333 expressis
1716 1299 1780 1322 mo·
1794 1302 1882 1326 rizamtt,

1041 1345 1088 1377 dis
1112 1350 1222 1377 vacent
1245 1344 1284 1377 ad
1314 1354 1480 1388 praesens,
1506 1348 1536 1376 et
1559 1344 1664 1376 forsan
1694 1348 1780 1376 tanto

1041 1402 1183 1441 tempore
1206 1397 1393 1439 vacaverint,
1414 1396 1498 1440 quod
1518 1407 1628 1429 eorum
1645 1397 1780 1438 collatio,

1040 1451 1125 1484 iuxta
1149 1451 1365 1485 Lateranensis
1389 1455 1503 1483 statuta
1526 1450 1660 1490 concilii,
1677 1455 1724 1482 est
1743 1449 1781 1483 ad

1042 1504 1153 1537 Sedem
1173 1505 1385 1548 Apostolicam
1405 1503 1545 1546 legitime
1565 1503 1723 1543 devoluta;
1741 1507 1781 1544 et,

1042 1557 1123 1589 sicut
1146 1557 1285 1590 exhibita
1308 1556 1398 1590 nobis
1421 1566 1523 1600 nuper
1540 1567 1599 1600 pro
1624 1561 1714 1599 parte
1738 1555 1783 1589 di-

1042 1610 1113 1643 lecti
1130 1610 1185 1642 filii
1209 1610 1322 1643 nobilis
1347 1609 1406 1642 viri
1424 1609 1549 1642 Henrici
1567 1608 1605 1641 de
1623 1609 1781 1649 Bourbon,

1042 1663 1195 1707 principis
1226 1662 1360 1697 Condaei
1385 1667 1415 1695 et
1439 1662 1547 1706 oppidi
1578 1662 1675 1695 Castri
1712 1662 1782 1695 Rufi

1044 1727 1097 1749 seu
1117 1717 1155 1749 de
1179 1717 1411 1749 Chasteauroux
1437 1715 1536 1749 dictae
1560 1715 1713 1748 dioecesis
1729 1715 1782 1748 du-

1044 1769 1087 1802 cis
1107 1776 1137 1802 et
1160 1769 1309 1802 Franciae
1333 1769 1427 1812 primi
1451 1768 1537 1812 paris
1551 1794 1559 1808 ,
1579 1768 1687 1811 petitio
1711 1778 1783 1801 con-

1045 1823 1178 1863 tinebat,
1203 1828 1266 1855 tam
1290 1822 1450 1866 prioratus
1475 1826 1505 1853 et
1529 1821 1626 1854 sancti
1655 1820 1782 1854 Gildasii

1044 1876 1276 1920 praedictorum
1311 1885 1404 1918 quam
1436 1873 1579 1907 abbatiae
1610 1874 1783 1917 nuncupati

1045 1929 1288 1972 Burgidolensis,
1303 1928 1426 1961 Ordinis
1443 1932 1472 1960 et
1492 1927 1644 1960 dioecesis
1660 1927 1783 1970 praedi-

1045 1988 1177 2022 ctorum,
1192 1981 1456 2014 monasteriorum
1486 1980 1645 2020 ecclesiae,
1664 1986 1782 2013 cetera-

1044 2047 1104 2080 que
1114 2036 1235 2068 edificia
1244 2035 1368 2079 penitus
1378 2034 1480 2067 diruta
1490 2038 1519 2067 et
1527 2034 1666 2066 funditus
1676 2044 1784 2067 eversa

1046 2090 1193 2130 existant,
1218 2100 1253 2121 ac
1276 2099 1334 2132 pro
1366 2088 1428 2120 illis
1456 2087 1668 2120 restaurandis
1692 2092 1722 2119 et
1745 2087 1784 2120 ad

1046 2148 1159 2175 statum
1168 2141 1369 2174 habitationis
1381 2140 1567 2173 reducendis
1574 2140 1706 2172 ducenta
1719 2140 1786 2172 mil-

1047 2196 1086 2228 lia
1110 2199 1213 2235 scuta,
1237 2195 1286 2227 vel
1309 2194 1410 2234 circa,
1440 2193 1616 2226 necessaria
1647 2193 1724 2233 sint,
1749 2203 1785 2225 ac

1047 2248 1150 2281 dilecti
1167 2247 1222 2280 filii
1242 2246 1388 2279 monachi
1405 2245 1562 2278 dictorum
1577 2245 1784 2278 monasterio-

1047 2312 1117 2334 rum
1133 2301 1236 2333 nullas
1259 2299 1480 2339 habitationes,
1499 2309 1557 2330 nec
1576 2298 1784 2341 receptacula,

1047 2354 1100 2387 ubi
1117 2353 1256 2387 residere
1269 2358 1299 2385 et
1315 2352 1482 2385 convenire
1494 2351 1624 2395 possint,
1641 2351 1784 2390 habeant,

1047 2419 1082 2441 ac
1095 2407 1359 2440 monasteriorum
1374 2405 1425 2448 (ad
1443 2415 1532 2450 quac,
1542 2404 1615 2437 dum
1630 2415 1688 2447 pro
1705 2409 1784 2436 tem-

1048 2471 1125 2504 pore
1150 2465 1269 2499 vaeant,
1285 2458 1458 2492 nominatio
1481 2467 1634 2501 personae
1655 2457 1785 2490 idoneae

1047 2513 1085 2546 ad
1103 2511 1322 2546 charissimum
1338 2511 1369 2543 in
1386 2510 1510 2543 Christo
1525 2509 1625 2542 lilium
1642 2514 1784 2542 nostrum

1048 2565 1239 2599 Ludovicum
1256 2565 1449 2597 Francorum
1462 2567 1492 2596 et
1503 2563 1659 2596 Navarrae
1676 2573 1784 2605 regem

1048 2618 1352 2657 christianissimum,
1377 2616 1486 2659 vigore
1520 2615 1785 2649 concordatorum

1047 2673 1122 2706 alias
1150 2673 1231 2705 inter
1259 2670 1371 2704 Sedem
1394 2669 1587 2714 praedictam
1617 2674 1647 2702 et
1682 2669 1785 2702 clarae

1083 2738 1094 2763 1
1117 2735 1186 2763 Edit.
1203 2734 1284 2764 Main.
1301 2733 1365 2770 legit
1377 2736 1465 2769 prout
1479 2733 1538 2760 loco
1552 2734 1664 2768 fructus
1679 2732 1718 2768 (n.
1733 2732 1782 2768 τ.).
