2293 3231
279 290 327 315 An.
344 289 373 315 e.
395 288 464 315 1020
510 279 573 313 li'i't'»

1049 289 1227 313 majanum

481 338 618 376 idoneos,
647 341 686 374 et,
715 348 784 368 rum
810 336 846 368 ad
873 336 1019 367 ecelesias
1049 337 1131 379 ipsas
1161 349 1218 369 ac-

480 390 625 423 vesseriut
644 389 862 433 ‹·oi·poralit‹‘·i·,
885 390 935 421 illa
950 395 1104 432 praestent
1121 401 1126 421 :
1149 401 1237 443 nec-¹

480 444 561 475 uon¹
592 443 788 475 concordatis
824 442 958 474 nationis
993 442 1217 484 Germanicae,

479 509 512 525 .··.-
539 507 647 528 eorum
673 495 935 528 concordatorum
961 497 1217 535 ‹·011tirmatione;

479 562 511 580 .··.·
532 548 698 591 praedietis
716 554 742 579 et
758 548 1009 591 ‹piibuscumque
1033 549 1102 581 aliis
1119 559 1217 593 quan·
1234 555 1236 592 ’,

479 603 654 644 doc-umque
687 601 778 633 editis
802 607 830 633 et
862 601 990 634 edendis
1022 602 1236 657 constitutio-3

479 654 569 686 uibus
593 661 618 686 et
659 654 776 695 regulis
808 654 924 688 nostris
955 661 981 686 et
1015 655 1114 690 dietae
1139 666 1217 689 ran-

478 707 642 746 vellariae,
664 707 701 739 ad
734 717 868 750 quarum
901 708 1134 740 solemnitatum
1164 705 1235 742 att-t

477 760 665 792 strietiorem
684 760 826 800 sormam,
843 761 887 793 vel
903 761 1144 795 satisfactionem
1162 773 1216 795 seu

477 813 718 853 observantiam,
738 813 888 846 babentes
909 824 1019 858 preces
1040 825 1095 848 seu
1119 816 1236 849 nomi-t

476 865 633 898 nationem
659 866 838 898 huiusmodi
871 867 1000 899 minime
1031 873 1235 906 lCssssiHlull‘,t

476 930 531 951 ne<
558 919 603 963 ips
606 930 641 951 ae
666 930 775 963 preces
793 920 850 952 sub
869 920 928 952 illis
945 921 1216 965 c·‹uupieliend;-ui

476 978 526 1004 tur
550 982 678 1016 quoquo
705 973 807 1006 modo:
827 983 949 1006 necnon
974 974 1137 1019 quibusvis
1158 975 1218 1018 pri-
1233 976 1236 1025 ξ

475 1026 554 1069 vileg
546 1026 606 1067 iis,
633 1026 761 1066 indullis
786 1032 813 1060 et
836 1027 947 1060 litteris
971 1029 1162 1071 apostolicis,
1188 1027 1235 1063 et*

475 1053 638 1122 quibusvis
658 1080 778 1123 gratiis,
795 1081 1009 1125 expectativiss
1027 1082 1217 1126 specialibus

477 1133 521 1166 vel
547 1134 757 1176 generalibus,
783 1134 876 1166 etiam
903 1135 1101 1176 mentalibus,
1119 1146 1217 1168 reser-

477 1187 674 1227 vationibus,
705 1188 894 1228 unionibus,
927 1189 1153 1222 annexionibus
1188 1197 1214 1223 et

476 1240 794 1285 incorporationibus,
816 1242 1090 1286 suppressionibus
1115 1249 1140 1275 et
1168 1254 1217 1275 ex-

475 1294 698 1334 tinctionibus,
723 1295 881 1338 perpetuis
912 1301 938 1328 et
966 1289 1236 1340 temporalilius‚i

475 1347 762 1387 nominationibus,
788 1359 824 1381 ac
855 1349 1054 1389 reservandi,
1080 1350 1216 1391 uniendi,

474 1399 680 1441 adnectendi,
707 1401 950 1445 incorporandi,
983 1414 1017 1434 at·
1051 1404 1216 1436 nominatis

475 1459 502 1485 et
529 1453 597 1486 aliis
630 1454 828 1495 conserendi,
854 1456 1116 1491 conunendandi.
1146 1468 1234 1504 sup-t

475 1506 630 1550 primendi
657 1512 685 1539 et
711 1507 934 1551 extinguendi,
967 1509 1098 1552 aliisque
1123 1509 1215 1547 (eitra

474 1570 618 1593 accessus
643 1566 668 1592 et
699 1571 862 1603 regressus
882 1561 919 1593 de
937 1571 1106 1605 consensu)
1124 1564 1216 1595 sacul-

475 1613 600 1653 tatibus,
627 1614 748 1654 litteris,
767 1615 919 1648 mandatis
944 1620 969 1647 et
999 1615 1125 1648 indultis
1149 1617 1215 1660 qui-

474 1666 669 1710 buscumque
686 1694 693 1707 ,
725 1667 817 1699 etiam
854 1678 924 1699 eum
960 1669 1193 1711 provisionibus
1207 1697 1214 1710 ,

473 1720 715 1761 «muniendis-,et
735 1721 804 1753 aliis
816 1721 1075 1765 dispositionibus
1091 1734 1126 1755 ex
1142 1729 1214 1757 tunc

473 1777 503 1807 et
518 1774 638 1817 gratiis,
664 1774 917 1819 ‹pnitmsenmcpie
943 1777 1096 1819 personis,
1115 1777 1233 1811 [auus-t

473 1838 607 1872 cumque
624 1828 794 1872 dignitatis,
812 1833 919 1869 status,
937 1830 1062 1873 gradus,
1081 1832 1126 1863 vel
1144 1841 1215 1864 con-

472 1880 599 1914 ditionis
625 1882 839 1922 existentibus,
858 1888 884 1915 et
904 1893 1102 1927 (piacumsple
1120 1885 1212 1918 etiam

473 1934 639 1978 imperiali,
654 1935 763 1978 regali,
780 1936 923 1978 reginali,
940 1936 1053 1977 ducali,
1071 1938 1135 1971 sive
1152 1939 1214 1982 cpi-

473 1988 601 2031 scopali,
628 1988 901 2033 archiepiscopali,
927 1990 1139 2033 patriarchali,
1166 1992 1212 2024 rel

473 2040 583 2073 maiori
610 2041 804 2082 auctoritate,
831 2043 1087 2085 praeeminentia,
1104 2045 1213 2078 nobili-

474 2098 534 2125 tate
555 2099 583 2125 et
609 2095 802 2135 excellentia,
820 2095 913 2128 etiam
932 2096 1141 2130 cardinalatus
1162 2098 1214 2131 lio-

472 2157 560 2186 nore,
575 2147 776 2190 fulgentibus,
789 2154 815 2180 et
835 2148 1042 2182 familiaribus
1056 2151 1212 2184 continuis

473 2201 737 2235 commensalibus
761 2203 898 2241 nostris,
924 2203 1016 2236 etiam
1047 2204 1212 2248 descriptis

473 2260 500 2286 et
516 2255 662 2299 antiquis,
672 2261 702 2287 et
719 2255 749 2288 in
766 2266 874 2289 earum
888 2257 1103 2297 eeclesiarum,
1118 2258 1211 2290 etiam

473 2307 700 2341 cathedralium
727 2314 757 2341 et
777 2309 1089 2352 metropolitanaruni
1107 2321 1141 2342 ae
1159 2322 1212 2354 pa-
1228 2326 1230 2335 v

474 2359 745 2399 tria1·clialium,et
768 2361 987 2405 principalium
1010 2364 1230 2397 monasterio—l

476 2424 554 2453 rum,
573 2424 764 2454 mensarum,
785 2415 1005 2458 capitulorum,
1023 2415 1210 2458 dignitatum

474 2471 501 2499 rt
522 2467 656 2500 aliorum
681 2468 906 2501 beneficiorum
927 2471 1231 2518 quortmirumque,l

474 2525 525 2551 aut
552 2520 580 2551 iu
607 2520 689 2553 illius
714 2523 862 2559 savorem,
880 2527 929 2554 aut
953 2532 1073 2559 eorum„
1091 2533 1212 2557 necnon

476 2572 589 2604 iurimu
610 2584 782 2613 cessorum,
800 2575 845 2607 vel
867 2575 1052 2612 ablatorum,
1071 2581 1120 2608 aut
1143 2587 1213 2620 spo-

477 2624 606 2664 liorum,
634 2626 840 2667 damnorum,
869 2627 961 2660 etiam
989 2639 1045 2672 per
1071 2628 1212 2662 intidelcs

514 2690 520 2713 t
540 2689 715 2725 Subintellige
732 2698 788 2718 non
803 2690 980 2719 obstantibus
994 2696 1033 2725 (u.
1051 2694 1097 2725 ·r.).

1253 288 1405 313 ηοΜΑΝυΜ

1254 337 1421 375 illatorum,
1447 342 1474 368 et
1499 337 1724 380 obsequiorum
1750 338 1850 377 nobis,
1881 339 1991 371 Roma-

1252 398 1373 432 naeque
1397 389 1565 429 Ecclesiae,
1583 389 1629 422 vel
1650 389 1750 423 dictae
1770 390 1851 430 sedi,
1867 396 1920 423 aut
1933 401 1990 434 pro

1234 453 1237 479 i
1252 442 1313 475 side
1331 442 1486 475 catholiea
1511 441 1740 486 impensorum,
1757 453 1812 477 seu
1829 444 1990 488 quibusvis

1234 495 1320 545 :aliis
1345 495 1608 539 excogitabilibus
1642 501 1673 529 et
1704 497 1938 539 urgentissimis
1961 502 1990 531 et

1253 549 1396 590 insolitis,
1413 560 1535 584 necnon
1560 550 1773 594 exprimendis
1793 551 1904 591 causis,
1921 560 1992 584 con-

1252 603 1453 645 sideratione,
1478 604 1753 648 contemplatione,
1771 604 1927 645 instantia,
1945 604 1991 637 in-

1234 656 1341 696 tuitu,
1367 657 1488 690 ratione
1513 658 1559 690 rel
1585 662 1738 701 respectu,
1755 668 1791 690 ac
1815 662 1902 691 motu
1922 667 1993 702 pro-

1251 709 1332 752 prio,
1346 720 1380 742 ac
1392 719 1428 742 ex
1445 709 1530 743 certa
1544 710 1684 751 scientia,
1701 721 1738 743 ac
1751 709 1789 744 de
1801 710 1991 754 apostolicae

1251 763 1412 806 potestatis
1437 763 1629 807 plenitudine
1644 790 1651 803 ‚
1675 769 1706 796 et
1729 774 1800 797 eum
1819 763 1992 807 ‘quibusvis

1251 816 1503 857 antelationibus‚
1521 816 1767 860 exceptionibus,
1783 822 1811 850 et
1830 816 1992 850 annullati-

1252 870 1306 909 vis,
1329 869 1501 910 irritativis,
1519 881 1554 903 ac
1571 870 1844 913 derogatoriarum
1863 869 1992 912 deroga-

1252 923 1362 962 toriis,
1388 933 1509 956 necnon
1533 923 1725 967 praedictam
1750 928 1780 956 et
1803 922 1880 956 alias
1903 933 1992 966 quas-

1251 985 1386 1017 cumque
1411 984 1576 1007 concessas
1596 979 1623 1007 et
1642 973 1859 1007 concedendas
1875 973 1991 1017 gratias

1251 1027 1524 1071 suspendentibus,
1538 1038 1574 1060 ac
1594 1027 1654 1060 illis
1671 1027 1906 1071 derogantibus,
1923 1036 1992 1060 nec-

1251 1090 1312 1113 non
1339 1082 1452 1114 mentis
1484 1086 1513 1114 et
1545 1081 1727 1115 intentionis
1759 1092 1796 1115 ac
1819 1086 1991 1126 perpetuae

1251 1138 1278 1167 et
1295 1134 1558 1168 incommutabilis
1576 1135 1742 1169 voluntatis
1755 1140 1881 1169 nostrae
1896 1134 1991 1168 fuisse

1251 1192 1276 1219 et
1297 1198 1364 1220 esse
1381 1188 1419 1220 de
1443 1197 1505 1221 nou
1530 1187 1707 1221 revocando
1724 1193 1755 1221 et.
1771 1187 1991 1232 suspendendo

1234 1231 1235 1243 ¹
1250 1241 1366 1285 gratias
1379 1242 1503 1275 easdem
1521 1247 1551 1275 et
1565 1242 1626 1275 illis
1639 1252 1701 1275 non
1715 1241 1906 1286 derogandis
1915 1252 1991 1286 quo-

1251 1295 1421 1329 modolibet
1447 1296 1685 1337 attestantibus,
1710 1301 1739 1329 et
1764 1296 1795 1329 in
1819 1295 1989 1340 pristinum

1250 1354 1280 1381 et
1300 1349 1525 1382 validissimum
1550 1354 1664 1383 statum
1689 1349 1926 1393 reponentibus,
1945 1359 1991 1382 re-

1250 1402 1450 1435 stituentibus
1475 1413 1509 1436 ae
1535 1403 1676 1446 plenarie
1701 1402 1989 1446 reintegrantibus‚

1250 1466 1284 1488 ac
1309 1465 1365 1498 per
1388 1455 1519 1489 modum
1543 1456 1625 1500 pacti
1654 1461 1685 1489 et
1711 1455 1778 1489 initi
1811 1461 1990 1490 contractus

1232 1512 1284 1541 'ac
1310 1509 1452 1552 perpetui
1478 1509 1594 1549 statuti,
1611 1519 1734 1542 necnon
1754 1509 1871 1553 gratias
1896 1509 1988 1553 ipsas,

1251 1568 1280 1594 ut
1306 1562 1344 1595 de
1368 1568 1439 1596 actu
1467 1563 1664 1603 vacantibus,
1690 1568 1872 1607 expectare,
1898 1568 1928 1597 et
1951 1574 1988 1596 ex

1249 1620 1322 1648 tunc
1348 1626 1430 1656 vere,
1453 1621 1480 1648 et
1507 1626 1569 1650 non
1595 1616 1676 1657 fiete,
1693 1621 1721 1649 et
1740 1617 1843 1661 quoad
1867 1626 1990 1661 posses-

1249 1668 1368 1702 sionem
1406 1668 1632 1702 beneficiorum
1668 1669 1928 1713 praedictorum,
1953 1680 1988 1702 ac

1248 1733 1357 1755 omnes
1383 1723 1458 1755 iuris
1475 1728 1502 1756 et
1521 1722 1590 1755 sacti
1609 1723 1757 1764 desectus,
1775 1724 1903 1768 plenum
1920 1734 1988 1756 esse

1248 1776 1374 1809 sortitas
1397 1776 1543 1810 effectum
1568 1776 1811 1810 decernentibus
1835 1782 1866 1809 et
1889 1776 1989 1810 deela-

1248 1829 1405 1869 ranfibus,
1436 1829 1568 1873 aliisque
1603 1829 1853 1871 efficacioribus,
1883 1830 1988 1863 effica-

1247 1882 1382 1916 cissimis
1406 1889 1433 1915 et
1460 1882 1592 1916 insolitis
1619 1882 1768 1915 clausulis
1792 1893 1848 1926 per
1872 1892 1929 1916 nos
1958 1886 1987 1916 ct

1247 1935 1356 1969 Sedem
1383 1936 1586 1979 praedictam,
1601 1939 1652 1969 aut
1665 1935 1732 1968 eius
1749 1936 1868 1978 legatos
1885 1935 1915 1968 in
1932 1946 1986 1979 ge-

1246 1999 1321 2022 nere
1346 1990 1392 2022 vel
1418 1989 1448 2021 in
1473 1989 1592 2033 specie,
1613 1995 1640 2021 et
1667 1989 1852 2022 nominatim
1877 1989 1915 2022 de
1939 1989 1986 2021 di-

1246 2043 1303 2076 ctis
1329 2042 1499 2083 beneficiis,
1517 2047 1546 2075 et
1570 2041 1638 2075 aliis
1655 2041 1892 2086 quomodolibet
1906 2053 1987 2075 ema-

1246 2096 1334 2130 natis.
1360 2096 1478 2136 Quibus
1503 2095 1638 2139 (etiamsi
1663 2096 1695 2129 in
1719 2095 1790 2135 illis,
1807 2095 1890 2139 quod
1916 2095 1986 2128 illae

1246 2149 1369 2182 nonnisi
1395 2149 1489 2182 certis
1515 2148 1617 2182 modis
1641 2154 1671 2182 et
1695 2148 1807 2182 l'ormis
1831 2149 1906 2182 inibi
1932 2159 1986 2182 ex-

1246 2202 1363 2246 pressis
1387 2207 1417 2235 et
1442 2202 1618 2242 nominatis,
1644 2202 1810 2247 verbisque
1834 2207 1864 2235 et
1887 2201 1986 2246 signis

1246 2255 1321 2288 inibi
1346 2255 1506 2299 appositis,
1529 2260 1558 2288 et
1583 2255 1668 2288 omni
1691 2255 1886 2288 diversarum
1907 2255 1986 2289 litte-

1247 2320 1353 2341 rarum
1384 2308 1628 2352 apostolicarum
1659 2308 1856 2352 expeditione
1889 2313 1919 2341 et
1943 2308 1984 2340 in—

1247 2362 1423 2402 limatione,
1449 2362 1542 2395 etiam
1567 2362 1699 2395 diversis
1724 2361 1919 2406 temporibus
1944 2362 1984 2394 sa-

1246 2415 1366 2456 rienda,
1395 2426 1430 2448 ac
1458 2415 1496 2448 de
1521 2425 1675 2449 consensu
1699 2425 1820 2456 eorum,
1845 2426 1982 2461 quorum

1246 2469 1396 2502 interesse
1422 2470 1693 2509 eonem-uebatur,
1722 2475 1771 2502 aut
1798 2470 1890 2504 etiam
1914 2471 1983 2502 nul—

1246 2523 1366 2556 latenus
1409 2523 1555 2567 suspendi
1575 2550 1582 2563 ,
1611 2523 1766 2557 moderari
1799 2529 1852 2556 aut
1882 2523 1927 2557 eis
1952 2523 1983 2556 in

1245 2577 1350 2620 aliquo
1377 2577 1521 2619 derogari
1551 2580 1663 2619 posset,
1681 2582 1707 2610 et
1726 2576 1896 2620 quatenus¹
1915 2587 1983 2611 sus-

1244 2629 1466 2673 penderentur,
1491 2634 1539 2661 aut
1566 2629 1627 2662 illis
1651 2629 1874 2672 derogaretur,
1893 2631 1983 2663 toties

1284 2694 1291 2718 t
1310 2692 1409 2719 Forsan
1425 2691 1566 2727 legendum
1582 2692 1692 2726 quoties
1706 2695 1742 2727 (a.
1756 2694 1805 2727 τζ).

2005 288 2055 316 An.
2071 289 2101 318 C.
2121 289 2190 318 ¹62⁰
