2293 3231
295 294 344 321 An.
365 292 393 321 c.
415 291 483 320 1623
529 281 592 316 790

331 993 434 1014 lnstitutio
451 993 477 1013 fi·-

296 1023 394 1040 stiiitatis
412 1019 477 1040 sancti

297 1047 398 1067 Hrunnnis
413 1047 446 1066 die
461 1052 478 1066 rt

297 1074 389 1093 octubris
423 1074 478 1092 celc-

295 1100 478 1120 brandaesubiitu

296 1126 433 1152 semiduplici.

371 1791 483 1817 Disputatio

303 1821 458 1845 cicquuwruin.

377 2320 488 2345 Doroa-uin

309 2348 465 2368 contrariorum.

345 2478 491 2506 'tran-umplo-

310 2511 355 2526 ruin
369 2506 426 2526 tides.

1061 284 1238 309 mmmmm!

493 340 596 375 caelis.
614 338 705 373 vices,
723 344 913 379 quamquam
939 333 1099 368 immeriti,
1120 342 1229 375 ‹geren-

493 399 537 425 tes
561 392 590 424 iu
613 391 712 430 terris,
730 400 766 421 ex
788 388 927 421 iniuncto
952 387 1042 419 nobis
1062 386 1228 430 pastoralis

493 445 584 478 otlicii
610 443 714 476 debito
739 451 910 485 procurare
936 446 1094 479 tenemur,
1119 444 1151 471 ut
1175 449 1228 471 co-

492 497 635 530 rumdem
651 505 814 529 servorum
826 493 939 528 Christi
952 493 1055 525 debita
1069 492 1228 525 veneratio
1244 513 1247 534 ,

492 552 522 583 in
547 551 612 583 dies
645 549 744 592 magis
768 552 1006 592 promoveatur,
1031 551 1059 579 et
1086 537 1247 578 laudetur¹

491 604 640 637 Dominus
664 603 693 635 in
719 602 838 636 Sanctis
862 601 941 640 suis;
967 599 1172 644 quamobrem
1198 598 1230 631 fi-

492 657 606 690 delium
632 655 846 700 quorumlibet
869 654 1054 698 praesertim
1080 663 1154 685 vero
1171 652 1229 685 sub

492 711 577 744 suavi
602 709 762 753 religionis
791 709 865 751 iugo
889 708 1048 741 Altissimo
1077 707 1229 740 famulan-

492 764 568 797 tium
593 763 689 803 votis,
714 773 794 807 quae
823 762 1015 806 peculiarem
1042 760 1229 794 Sanctorum

492 818 672 851 huiusmodi
697 818 816 851 cultum
834 822 861 849 ct
881 816 1114 849 venerationem
1135 814 1232 858 respi-

493 872 587 908 ciunt,
610 871 744 903 libenter
767 870 944 910 annuimus,
963 874 1055 913 prout
1081 867 1232 912 conspici-

493 935 562 957 mus
587 924 617 957 in
641 924 773 957 Domino
797 923 966 956 salubriter
991 922 1148 966 expedire.

537 980 551 1022 g
576 978 604 1010 l.
631 977 916 1021 Supplicationibus
934 977 1039 1021 itaque
1055 975 1159 1009 dilecti
1176 974 1230 1008 filii

494 1031 644 1064 Bernardi
661 1031 751 1065 Gazzi
768 1030 892 1064 Ordinis
912 1029 1141 1063 Cartliusiensis
1158 1040 1232 1073 pro-

494 1085 647 1118 curatoris
673 1084 827 1127 generalis
857 1083 946 1117 nobis
972 1083 1134 1116 humiliter
1158 1093 1230 1126 por-

494 1139 587 1172 rectis
613 1139 760 1179 inclinati,
785 1138 823 1171 de
848 1137 1074 1171 venerabilium
1099 1137 1232 1169 fratrum

494 1197 673 1226 nostrorum
694 1193 722 1224 S.
741 1193 775 1225 R.
795 1192 826 1225 E.
841 1191 1048 1225 cardinalium
1074 1191 1171 1223 sacris
1191 1190 1233 1223 ri-

494 1247 578 1279 tibus
594 1246 845 1290 praepositorum
864 1245 1011 1284 consilio,
1029 1243 1114 1288 quod
1130 1243 1168 1276 de
1186 1254 1234 1276 ce-

495 1305 561 1333 tero
585 1299 745 1344 perpetuis
769 1299 880 1333 suturis
906 1298 1100 1341 temporibus
1120 1297 1232 1330 festum

494 1353 590 1386 sancti
599 1353 762 1393 Brunonis,
769 1352 906 1385 eiusdem
915 1352 1040 1385 Ordinis
1049 1351 1233 1391 fundatoris,

495 1408 544 1441 die
561 1418 592 1441 vi
612 1408 759 1448 octobris,
773 1418 834 1451 qua
855 1407 886 1439 in
903 1407 1025 1440 caelum
1046 1405 1189 1447 evolavit,
1203 1405 1234 1438 in

497 1461 612 1494 missali
637 1466 665 1494 et
690 1461 847 1494 breviario
872 1471 1003 1494 romano
1029 1460 1150 1504 reponi,
1171 1459 1236 1493 ossi-

497 1515 643 1558 ciumque
673 1514 711 1547 de
736 1525 772 1547 co
804 1513 1000 1558 scniiduplex
1025 1513 1063 1546 ab
1088 1512 1235 1546 omnibus

497 1567 612 1611 ubique
642 1567 786 1600 fidelibus
817 1567 941 1601 recitari
974 1566 1072 1599 libere
1098 1571 1129 1599 et
1151 1566 1235 1599 licite

496 1621 591 1665 possit
609 1626 638 1653 et
655 1621 762 1663 valcat,
787 1620 961 1664 apostolica
982 1620 1178 1660 auctoritate,
1196 1625 1237 1652 tc-

496 1685 573 1708 nore
597 1675 826 1719 praesentium,
851 1674 1054 1708 concedimus
1079 1680 1109 1707 et
1134 1673 1236 1706 indul-

497 1739 616 1771 gemus.

543 1783 557 1826 ἓ
582 1782 611 1815 ἐξ.
635 1782 701 1822 Quo
726 1783 809 1816 circa
833 1783 1064 1816 venerabilibus
1088 1782 1238 1815 fratribus

499 1836 694 1880 patriarchis,
718 1836 976 1880 archiepiscopis,
1001 1836 1167 1880 episcopis,
1192 1846 1238 1868 ce-

500 1889 637 1933 terisque
657 1890 859 1923 ecclesiarum
877 1890 1022 1934 praelatis
1039 1890 1069 1922 in
1090 1889 1237 1922 universo

500 1948 655 1975 terrarum
680 1943 756 1976 orbe
781 1943 956 1977 constitutis
980 1943 1192 1987 praecipimus
1209 1948 1235 1976 et

500 1995 700 2037 mandamus,
725 2001 756 2028 ut
783 1996 813 2028 in
838 1996 901 2029 suis
925 1997 1057 2040 quisque
1082 1996 1238 2037 ecclesiis,

502 2048 670 2092 provinciis
695 2054 720 2081 et
748 2049 954 2090 dioecesibus,
979 2055 1158 2093 praesentes
1182 2050 1235 2082 lit—

502 2106 583 2134 teras
608 2102 788 2135 solemniter
804 2103 968 2146 publicari,
985 2109 1015 2136 et.
1033 2104 1070 2136 ab
1091 2104 1238 2137 omnibus

502 2155 719 2188 ecclesiasticis
743 2156 887 2199 personis
907 2157 1099 2189 secularibus
1119 2162 1147 2189 ct
1164 2168 1241 2200 quo-

503 2208 621 2240 rumvis
645 2208 795 2241 Ordinum
821 2210 1021 2252 rrgularibus
1041 2211 1169 2243 omniuo
1187 2211 1241 2244 ob-

504 2261 619 2293 servari
645 2261 765 2295 saciant.

547 2315 562 2357 ,ξ
585 2314 614 2347 3.
640 2316 707 2348 Non
738 2315 934 2349 obstantibus
965 2317 1257 2350 constitutionum,

505 2372 530 2400 et
557 2368 805 2402 ordinationibus
835 2371 1031 2414 apostolicis,
1067 2371 1240 2414 ceterisque

505 2421 669 2454 contrariis
693 2422 953 2467 quibuscumque.

550 2474 565 2517 ,ξ
588 2474 617 2506 li.
644 2475 792 2508 Volumus
823 2482 944 2517 autem,
968 2483 1001 2510 ut
1025 2480 1239 2522 praesentium

508 2528 721 2571 transumptis,
746 2530 838 2562 etiam
865 2530 1036 2574 impressis,
1068 2544 1160 2565 manu
1186 2533 1241 2565 ali-

509 2579 596 2612 cuius
614 2581 726 2614 notarii
743 2582 858 2625 publici
877 2584 1070 2628 subscriptis,
1091 2591 1121 2618 ct
1139 2586 1242 2629 sigillo

509 2632 638 2665 alicuius
654 2646 804 2678 personae
821 2637 850 2668 in
864 2637 1013 2680 dignitate
1032 2639 1243 2672 ecclesiastica

509 2687 692 2721 constitutae
718 2689 855 2730 munitis,
880 2690 987 2724 cadem
1011 2702 1143 2735 prorsus
1166 2692 1243 2726 fides

1262 282 1417 308 nomnen

1263 331 1466 370 adhibeatur,
1492 339 1572 374 quae
1595 328 1815 374 praesentibus
1839 329 2006 364 adhibere-

1264 390 1324 425 tur,
1350 385 1375 417 si
1401 384 1504 417 forent
1528 382 1685 416 exhibitae
1709 382 1757 416 vel
1781 387 1934 416 ostensae.

1308 438 1419 470 Datum
1444 437 1573 477 Romae,
1591 435 1674 480 apud
1689 435 1719 469 S.
1730 435 1868 470 Petrum.
1885 435 1943 470 sub
1955 445 2009 469 an-

1264 492 1338 524 nulo
1354 490 1532 531 Piscatoris,
1542 490 1592 523 die
1606 499 1674 523 xvn
1688 488 1840 522 februarii
1853 499 2008 531 uncxxm,

1265 544 1466 588 pontificatus
1483 543 1584 577 nostri
1600 553 1682 578 anno
1702 554 1745 578 ιιι.

1302 606 1361 634 Dat.
1377 607 1422 634 die
1439 607 1470 634 17
1485 606 1616 635 februarii
1633 606 1714 642 1623,
1730 606 1826 643 pontif.
1844 614 1888 634 an.
1909 613 1950 634 in.

1602 733 1674 768 CIII.

1265 795 1456 840 sappi—ossio
1469 807 1565 830 curae
1575 797 1767 830 aniinarum
1781 796 1817 828 in-
1822 795 2011 840 parochiali

1311 850 1439 883 ccclesid
1461 851 1567 883 sancti
1582 850 1798 884 Pantaleom‘s
1817 849 1856 883 de
1871 849 1964 890 Urbe,
1980 853 2010 882 et

1310 903 1405 936 illius
1418 904 1597 948 applicatio
1611 904 1761 937 ecclesiae
1773 903 1805 937 S.
1821 902 2006 943 Eustachii,

1311 957 1444 1000 eiusque
1464 957 1622 990 concessio
1645 957 1891 1001 congyreyationi
1914 956 2010 990 cleri-

1311 1020 1422 1043 corum
1445 1011 1653 1055 regularium
1675 1011 1869 1054 Pauperum
1893 1010 2011 1043 Matris

1312 1065 1371 1098 Dei
1390 1065 1586 1099 Scholarum
1604 1065 1748 1098 Piorum
1764 1064 1802 1098 cle
1824 1064 1907 1098 Urbe
1919 1062 1938 1096 ¹.

1463 1137 1621 1172 Gregorius
1647 1137 1727 1171 Papa
1753 1136 1810 1164 XV.

1398 1182 1435 1209 ad
1450 1184 1626 1216 perpetuam
1644 1181 1689 1210 rei
1708 1181 1891 1209 memoriam.

1313 1243 1469 1286 Regimini
1496 1243 1683 1277 universalis
1707 1243 1865 1277 Ecclesiae
1890 1242 2011 1277 meritis

1269 1296 1339 1330 licet
1358 1297 1542 1341 imparibus,
1559 1297 1743 1341 disponente
1759 1297 1906 1338 Domino,
1922 1307 2012 1341 prae-

1269 1350 1423 1392 sidentes,
1448 1351 1528 1385 votis
1561 1351 1622 1384 illis
1647 1361 1705 1395 per
1728 1361 1808 1395 quae
1840 1361 2012 1394 congrega-

1270 1404 1391 1438 tionum
1412 1410 1442 1438 ct
1462 1405 1597 1438 aliorum
1621 1405 1766 1438 locorum
1790 1404 1916 1449 piorum
1937 1414 2014 1448 quo-

1270 1459 1429 1499 rumlibet,
1446 1458 1632 1503 praesertim
1651 1459 1681 1491 in
1699 1459 1782 1491 alma
1802 1458 1886 1492 Urbe
1905 1459 2013 1491 nostra

1269 1512 1372 1546 studio
1383 1512 1508 1556 piorum
1519 1522 1654 1556 operum
1666 1511 1852 1552 vacantium,
1860 1521 2014 1555 prospero

1269 1566 1362 1600 statui
1380 1570 1409 1600 et
1431 1571 1628 1610 opportunae
1645 1565 1856 1604 subventioni,
1878 1575 1950 1598 curn
1969 1563 2015 1597 di-

1270 1619 1332 1652 vini
1357 1620 1459 1654 cultus
1483 1624 1688 1662 augumento,
1704 1629 1741 1652 ac
1766 1617 1834 1663 ipsa
1859 1617 2015 1662 spirituali

1270 1673 1410 1706 fidelium
1435 1674 1675 1718 [consolatione,
1712 1673 1812 1706 valeat
1846 1671 2015 1705 salubriter

1271 1727 1441 1771 provideri,
1462 1727 1598 1761 libenter
1614 1726 1793 1767 annuimus,
1810 1736 1909 1770 eaque
1928 1724 2014 1758 savo-

1271 1781 1358 1814 ribus
1372 1781 1597 1825 prosequimur
1614 1779 1812 1825 opportunis,
1825 1783 1921 1824 prout
1939 1788 2014 1812 con-

1271 1835 1423 1879 spicimus
1440 1835 1471 1867 in
1488 1835 1621 1868 Domino
1637 1833 1807 1868 salubriter
1823 1832 1980 1877 expedire.

1316 1890 1331 1933 ἓ
1355 1889 1384 1921 l.
1406 1889 1529 1922 Dudum
1553 1888 1708 1932 siquidem
1732 1887 1839 1921 onmia
1861 1886 2015 1920 beneficia

1272 1942 1492 1983 ecclesiastiea,
1507 1953 1578 1975 cum
1595 1943 1672 1976 cura
1690 1945 1720 1975 et
1736 1941 1802 1974 sine
1825 1943 1911 1981 cura,
1929 1939 2014 1985 apud

1272 1997 1383 2030 Sedem
1409 1996 1619 2040 Apostolicam
1645 2001 1719 2028 tunc
1743 1995 1903 2036 vacantia,
1928 1999 1959 2028 et
1982 1995 2014 2027 in

1272 2055 1363 2083 antea
1387 2055 1552 2091 vacatura,
1578 2049 1737 2083 collationi
1761 2053 1792 2082 et
1816 2047 2015 2092 dispositioni

1307 2124 1319 2150 1
1335 2124 1417 2151 Usum
1429 2126 1591 2158 perpetuum
1605 2121 1692 2149 dictae
1703 2121 1845 2156 ecclesiae,
1857 2121 1914 2149 sine
1926 2124 2016 2149 tamen

1273 2168 1387 2196 rectoris
1402 2176 1450 2204 pro
1468 2172 1589 2204 tempore
1605 2167 1744 2194 existentis
1759 2166 1935 2203 praeiudicio,
1952 2174 2018 2194 con-

1274 2218 1393 2240 cesserat
1409 2212 1507 2240 l‘aulus
1522 2213 1546 2238 V
1560 2212 1586 2238 in
1607 2220 1656 2239 sua
1675 2212 1766 2239 Const.
1788 2219 1838 2239 CCL
1858 2212 1951 2248 (supra
1969 2219 2017 2248 pa-

1273 2258 1335 2291 giua
1351 2257 1402 2284 265
1423 2257 1449 2284 b.
1471 2260 1513 2289 t.l;
1534 2256 1740 2292 Congregationi
1759 2256 1920 2284 clericorum
1941 2263 2019 2295 secu-

1274 2303 1368 2329 larium
1384 2302 1474 2329 Matris
1490 2301 1547 2335 Dei,
1559 2309 1640 2337 quam
1654 2301 1807 2328 instituerat
1821 2301 1855 2328 ad
1871 2309 1940 2337 opus
1955 2308 2019 2328 eru-

1256 2346 1363 2373 v'diendi
1384 2346 1536 2379 scholares,
1558 2350 1587 2372 nt
1610 2345 1637 2372 in
1658 2345 1747 2372 Const.
1769 2352 1854 2372 ccxxv
1875 2345 1955 2373 Inter
1972 2345 2018 2380 (in

1275 2392 1301 2418 Ιι.
1315 2401 1340 2418 ιι.
1352 2391 1527 2418 εάἰῑ.εοκωι.
1541 2399 1600 2426 sup.
1619 2399 1679 2425 pag.
1692 2389 1744 2418 243
1755 2390 1834 2417 huius
1845 2389 1931 2424 tomi);
1947 2397 2017 2426 quae

1274 2444 1336 2463 cum
1353 2439 1446 2472 postea
1462 2434 1595 2462 renuisset
1609 2435 1712 2461 dietum
1733 2442 1801 2468 opus
1816 2433 2016 2468 administrare,

1275 2480 1334 2507 idco
1358 2480 1429 2507 idem
1452 2479 1550 2506 Paulus
1569 2478 1653 2506 erexit
1675 2478 1754 2505 aliam
1778 2477 2018 2513 Congregationem

1275 2525 1436 2552 clericorum
1451 2524 1626 2560 regularium,
1643 2522 1686 2550 cui
1701 2522 1802 2549 dictum
1817 2530 1885 2558 opus
1905 2522 2018 2549 commi-

1275 2569 1318 2599 sit,
1335 2573 1364 2596 ιιι
1382 2570 1408 2596 in
1429 2568 1518 2596 Const.
1539 2573 1655 2595 ccrxvut
1674 2567 1719 2594 Ad
1737 2575 1772 2594 ea
1790 2566 1835 2601 (in
1855 2566 1882 2594 h.
1903 2574 1931 2594 n.
1952 2565 2017 2594 edit.

1275 2620 1427 2646 cccxxxvu,
1443 2621 1503 2648 sup.
1521 2620 1580 2649 pag.
1599 2610 1671 2646 382);
1687 2619 1768 2647 quam
1785 2615 1879 2646 postea
1888 2611 1939 2639 iste
1950 2610 2020 2638 Pon-

1276 2657 1338 2685 tifex
1350 2658 1440 2685 muttis
1454 2658 1549 2693 gratiis
1564 2655 1712 2688 decoravit,
1723 2659 1753 2683 ut
1766 2655 1793 2683 in
1808 2655 1900 2684 Const.
1917 2661 2018 2683 xxxvnt

1275 2702 1310 2728 1η
1326 2710 1469 2737 supremo,
1485 2705 1513 2730 ut
1529 2710 1588 2738 sup.
1605 2709 1666 2737 pag.
1682 2700 1745 2729 608.

2015 280 2066 308 An.
2082 280 2113 309 C.
2133 279 2203 310 ¹623

2051 1250 2171 1274 Exordium.

2063 1895 2166 1917 Narratur
2180 1898 2214 1915 re-

2027 1923 2122 1945 servatio
2169 1925 2214 1942 om-

2028 1951 2086 1971 nium
2097 1947 2215 1971 beneflcio-

2028 1983 2074 1998 rum
2095 1981 2141 1997 cum
2162 1978 2215 1995 eura
2243 1973 2245 1978 ¹

2029 2002 2216 2024 vacantiumotva-
2238 2015 2247 2020 ..

2028 2032 2151 2051 caturorum
2161 2026 2216 2049 Sodi

2030 2055 2170 2083 Apostolicae.
