2293 3231
281 280 328 306 An.
349 278 375 306 C.
400 278 466 306 tbi-2

512 269 554 303 82

803 325 818 369 ἓ
841 325 901 359 Xl'.

541 407 587 440 De
610 405 774 440 advocatis
797 412 982 448 pauperum
1007 406 1036 435 et
1064 401 1135 444 fisci
1144 401 1164 434 ¹.

529 488 557 520 l.
574 486 749 520 Advocatus
762 493 938 528 pauperum
952 481 1084 516 sollicite
1096 481 1228 521 studeat,

484 551 521 574 ne
553 539 704 573 carcerati
737 539 767 570 in
799 537 906 581 aliquo
939 542 1001 569 tam
1026 546 1044 568 a
1070 535 1228 569 iudicibus

483 605 579 639 quam
605 593 698 626 etiam
723 591 762 624 ab
793 590 1044 634 exequutoribus
1068 594 1099 622 et
1122 600 1229 622 carce-

484 659 555 681 rum
581 646 764 680 custodibus
789 649 977 688 graventur,
1002 649 1032 676 ct
1062 647 1230 687 propterea

486 712 547 735 uon
572 700 675 733 absint
700 709 840 743 unquam
858 698 889 730 in
908 697 1140 730 visitationibus
1160 707 1230 730 car-

485 765 604 795 cerum,
620 758 681 788 tam
699 752 833 797 publicis
847 762 941 795 quam
959 750 1097 795 privatis.
1112 751 1148 784 Et
1159 761 1232 794 pro-

487 813 649 842 curatores
674 816 861 850 pauperum,
879 815 914 838 ae
932 804 1061 838 illorum
1085 803 1234 838 substitu-

487 867 545 901 tos,
560 866 589 894 et
603 860 697 893 etiam
711 869 876 892 carcerum
891 858 1083 891 visitatorem
1100 856 1233 900 singulis

489 913 698 949 hebdomadis
722 914 784 946 una
809 913 876 946 vice
901 913 939 945 ad
963 922 995 945 sc
1012 916 1131 951 evocet,
1149 910 1233 944 etde

489 968 638 1003 omnibus
662 967 840 1007 carceratis,
864 965 1052 1010 praesertim
1077 965 1115 998 iis
1132 963 1234 1008 quiin

489 1021 618 1056 secretis
632 1021 822 1061 detinentur,
839 1019 1007 1063 diligenter
1023 1029 1057 1051 se,
1076 1018 1233 1051 informet.

489 1076 536 1117 Et,
553 1076 578 1110 si
599 1076 684 1120 ipsos
701 1080 925 1119 procuratores
943 1074 991 1107 vel
1004 1072 1190 1106 substitutos
1207 1077 1235 1105 et

488 1130 682 1163 visitatorem
707 1128 904 1172 negligentes
920 1126 1084 1167 invenerit,
1101 1126 1237 1159 visitato-

490 1184 579 1218 ribus
608 1193 775 1216 carcerum
807 1181 991 1221 denunciet,
1023 1186 1117 1224 atque
1141 1185 1175 1213 ut
1198 1179 1236 1212 de

490 1237 559 1271 aliis
584 1237 787 1281 provideatur
812 1236 922 1275 instet;
947 1240 994 1275 et,
1019 1245 1092 1267 cum
1116 1233 1237 1267 ratione

491 1292 538 1325 sui
553 1291 648 1325 otlicii
667 1290 764 1333 gratis
780 1300 936 1333 pauperes
950 1289 1117 1322 defendere
1131 1293 1159 1321 et
1176 1287 1238 1320 illis

490 1345 682 1390 patrocinari
707 1344 827 1383 debeat,
852 1343 930 1376 nihil
956 1354 1088 1387 prorsus
1112 1344 1151 1375 ab
1177 1342 1237 1375 illis

491 1399 633 1443 accipiat.
652 1398 698 1437 lit,
713 1403 747 1430 ut
760 1397 880 1430 facilius
898 1397 1090 1440 pauperibus
1108 1407 1237 1440 operam

491 1463 579 1487 suam
597 1451 779 1496 impendere
795 1451 905 1491 valeat,
917 1449 1058 1483 risitato¹
1073 1460 1236 1483 carcerum

492 1506 635 1552 quolibet
649 1505 698 1538 die
712 1504 749 1537 ad
763 1514 836 1537 eum
849 1503 1010 1544 accedere,
1025 1508 1053 1536 et
1069 1503 1139 1543 alia,
1157 1514 1237 1547 quae

493 1561 537 1595 illi
562 1561 619 1594 liae
637 1557 859 1593 constitutione
878 1557 1017 1591 iniuncta
1034 1563 1116 1597 sunt,
1135 1558 1238 1591 facere

494 1620 646 1648 teneatur.

537 1668 566 1702 02.
594 1668 661 1701 Non
685 1666 783 1711 possit
803 1665 972 1699 advocatus
989 1665 1148 1709 praefatus
1167 1675 1239 1698 eon-

495 1727 540 1758 tra
564 1733 636 1756 reos
660 1722 698 1754 ad
723 1721 885 1760 offensam,
903 1720 1024 1753 etiamsi
1041 1730 1134 1752 causa
1151 1725 1239 1753 extra

494 1787 637 1811 carceres
661 1780 790 1818 agatur,
815 1774 1059 1818 patrocinando,
1085 1777 1137 1807 aut
1164 1774 1240 1806 alias

494 1830 743 1876 quomodolibet,
761 1829 820 1861 sub
839 1828 951 1872 quovis
968 1833 1134 1871 praetextu
1147 1827 1241 1860 inter-

495 1884 617 1924 venire,
635 1894 702 1924 nce,
720 1882 858 1926 exceptis
874 1881 1080 1925 pauperibus,
1097 1892 1155 1925 pro
1175 1881 1240 1915 ullo

495 1938 567 1978 alio,
593 1937 647 1981 qui
673 1936 863 1970 contraxerit
892 1939 943 1969 aut
967 1935 1067 1977 litiget
1093 1945 1164 1968 cum
1189 1946 1241 1968 ca-

496 1993 595 2032 mera,
613 1990 838 2035 patrocinetur.

540 2044 570 2078 3.
604 2044 684 2077 Fisci
714 2044 883 2077 advocatus
908 2043 939 2076 in
963 2043 1111 2076 omnibus
1140 2043 1242 2076 causis

497 2098 728 2138 criminalibus,
753 2102 781 2132 et
806 2097 882 2130 alias
898 2098 1011 2130 liscum
1029 2097 1240 2140 tangentibus,

498 2153 551 2186 ubi
578 2152 700 2185 articuli
726 2151 804 2184 iuris
828 2151 1031 2191 emerserint,
1057 2151 1259 2188 interveniat,

498 2209 540 2250 (et
566 2211 753 2251 procurator
771 2205 838 2238 sisci
863 2205 966 2249 ipsum
985 2216 1080 2249 super
1096 2207 1157 2239 boc
1174 2217 1241 2239 om-

498 2261 572 2294 nino
597 2260 761 2304 1·‹.·quirerc
784 2260 939 2302 teneatur)
957 2264 983 2291 et
1007 2259 1036 2291 in
1055 2259 1099 2292 eis
1121 2260 1241 2303 absque

498 2314 562 2347 ullo
593 2313 735 2357 praemio
765 2312 989 2356 patrocinetur⁴
1016 2312 1114 2346 Possit
1139 2316 1241 2346 tamen

498 2368 536 2401 ab
562 2367 799 2410 instigatoribus
827 2366 990 2410 propriam
1021 2366 1168 2399 iniuriam
1195 2367 1239 2399 rel

500 2422 648 2454 interesse
672 2421 953 2465 prosequentilms‚
978 2420 1002 2453 si
1028 2420 1103 2464 quid
1132 2416 1260 2464 spontc'

499 2475 573 2507 dare
599 2475 764 2515 voluerint,
789 2474 867 2507 illud
890 2474 1067 2518 percipere.
1093 2473 1242 2518 idemque

537 2565 547 2591 1
567 2564 632 2591 vide
647 2564 727 2592 etiam
747 2565 845 2592 dictam
866 2565 956 2592 (Ionst.
974 2571 1035 2592 Lxxi
1063 2564 1099 2591 Pii
1115 2564 1159 2597 IV,
1175 2563 1189 2600 5
1208 2564 1242 2591 36

499 2613 527 2636 et.
538 2609 582 2642 38,
595 2613 660 2636 toni.
673 2616 722 2643 vii,
739 2617 800 2645 pag.
811 2610 874 2644 2¹8,
889 2609 994 2644 21901.
1006 2617 1032 2636 τ.
1050 2617 1082 2636 ex
1097 2608 1240 2644 Cherub).

535 2654 552 2680 ⁶2
570 2653 617 2681 Sic
636 2662 731 2680 omues
746 2653 823 2687 edit.;
839 2654 885 2681 sed
902 2654 1028 2681 mendum
1044 2654 1185 2690 irrepsisse
1205 2653 1244 2681 fa-

1066 273 1244 298 BL'LLAIUL‘M
1269 271 1424 297 nomnen

1259 321 1290 354 in
1307 319 1454 354 omnibus
1470 319 1702 353 visitationibus
1713 328 1878 352 carcerum
1894 317 2003 352 adesse

1260 378 1412 414 teneatur,
1437 383 1494 406 nec
1519 383 1658 412 reorum,
1683 372 1776 407 etiam
1793 375 1880 406 extra
1896 382 2003 406 earce-

1260 438 1311 461 res
1327 426 1539 467 existentium,
1556 425 1769 459 defensionem
1785 429 1932 466 assumat,
1949 425 2003 458 scd

1261 492 1318 526 pro
1333 480 1460 514 veritate
1474 486 1501 513 et
1517 479 1634 513 iustitia
1648 489 1774 512 causam
1789 478 1855 512 fisci
1869 483 2002 512 tueatur.

1575 552 1589 595 ἓ
1616 550 1692 584 xvi.

1348 624 1394 657 Dc
1413 633 1600 668 pauperum
1621 622 1920 667 procuratoribus·.

1310 695 1337 727 l.
1356 695 1583 728 Procuratores
1603 704 1791 738 pauperum,
1809 704 1844 727 ac
1865 693 2007 738 ipsorum

1265 749 1433 790 substituti,
1451 749 1575 792 singulo
1596 758 1723 792 quoque
1739 747 1789 781 die
1806 758 1950 781 carceres
1965 748 2009 782 ri-

1265 802 1371 842 sitare,
1391 807 1417 835 et
1437 802 1565 836 nomina
1579 801 1721 835 omnium
1738 801 1792 846 qui
1810 800 1848 834 ad
1869 801 1939 835 illos
1955 801 2010 836 du—

1266 861 1392 896 cuntur,
1408 866 1444 889 ac
1469 855 1609 889 iudicum
1626 855 1665 888 dc
1681 865 1817 899 quorum
1834 853 2009 896 mandato',

1267 919 1303 942 ac
1319 909 1411 942 ctiam
1430 919 1540 942 causas
1550 919 1661 943 eorum
1679 907 1875 949 detentionis,
1885 911 1915 942 et
1927 907 2010 941 diem

1268 973 1340 996 eum
1365 963 1397 996 in
1421 963 1563 996 liberiori
1597 972 1724 995 carcere
1748 972 1804 996 seu
1827 962 1866 995 ad
1889 962 2011 1006 largam

1268 1021 1441 1061 ponuntur,
1465 1023 1496 1050 et
1519 1028 1557 1050 an
1582 1022 1653 1050 ante
1677 1017 1725 1050 vel
1749 1020 1820 1062 post
1841 1016 2011 1061 prandium

1269 1070 1333 1103 sive
1356 1080 1499 1111 coenam,
1515 1074 1665 1104 annotare
1684 1075 1866 1110 teneantur;
1883 1075 1913 1103 et
1929 1070 2013 1103 simi-

1269 1124 1341 1158 liter
1365 1125 1524 1169 pecunias,
1548 1129 1575 1157 et
1601 1124 1678 1157 alias
1702 1134 1920 1169 quascumque
1943 1134 2011 1165 res,

1270 1189 1349 1222 quas
1373 1179 1544 1211 invenerint
1571 1184 1713 1223 repertas
1736 1178 1833 1211 fuisse
1852 1188 1949 1222 penes
1966 1178 2013 1222 ip-

1270 1243 1322 1265 sos
1346 1238 1523 1265 carceratos
1532 1243 1540 1272 3
1565 1236 1595 1266 et
1619 1232 1730 1265 deinde
1755 1232 1860 1265 omnia
1879 1232 1918 1265 ad
1935 1232 2014 1266 noti-

1271 1287 1344 1319 tiam
1373 1286 1445 1320 dicti
1471 1286 1611 1319 advocati
1640 1296 1816 1330 pauperum
1840 1285 2012 1326 deducant3

1270 1341 1308 1373 ad
1340 1351 1453 1384 quem,
1482 1340 1575 1374 etiam
1601 1340 1685 1383 quod
1717 1340 1756 1373 ab
1784 1340 1852 1384 ipso
1884 1340 2013 1374 minime

1272 1394 1415 1438 requisiti
1441 1394 1566 1434 suerint,
1583 1394 1679 1427 semel
1704 1393 1735 1426 in
1759 1393 2015 1435 hebdomadam

1271 1447 1397 1481 iuterim
1415 1448 1506 1481 toties
1523 1447 1646 1492 quoties
1663 1447 1832 1481 carceratis
1849 1458 1929 1491 opus
1944 1447 2014 1489 crit,

1272 1502 1430 1536 accedant.

1316 1556 1344 1589 2.
1371 1555 1453 1589 Nihil
1478 1556 1607 1589 omnino
1621 1555 1784 1600 accipiant,
1801 1566 1865 1589 non
1882 1556 1984 1590 solum
1997 1566 2014 1589 a

1272 1609 1475 1653 pauperibus,
1501 1609 1554 1643 sed
1579 1620 1636 1643 nec
1661 1609 1755 1643 etiam
1773 1610 1812 1643 ab
1828 1609 1896 1643 aliis
1913 1620 2016 1644 carce-

1272 1663 1357 1704 ratis,
1382 1663 1475 1696 etiam
1500 1664 1585 1708 quod
1609 1663 1720 1698 divites
1744 1664 1814 1697 sint.

1316 1717 1346 1750 3.
1372 1718 1439 1751 Nou
1464 1719 1583 1762 possint
1607 1719 1714 1763 aliquo
1739 1718 1834 1752 modo
1851 1718 1924 1753 dicti
1941 1729 2015 1764 pro-

1273 1776 1436 1804 curatores
1460 1776 1489 1803 et
1513 1771 1672 1805 substituti
1697 1777 1806 1805 contra
1830 1782 1902 1805 reos
1918 1772 1957 1805 ad
1973 1772 2016 1806 of-

1274 1825 1410 1865 fensam,
1435 1825 1558 1858 etiamsi
1588 1831 1676 1859 extra
1706 1836 1850 1859 carceres
1872 1826 2016 1870 ipsorum

1274 1889 1402 1912 reorum
1428 1889 1522 1911 causa
1546 1885 1674 1921 agatur,
1700 1879 1942 1923 patrocinando,
1968 1880 2015 1912 vel

1274 1933 1350 1965 alias
1375 1932 1622 1976 quomodolibet,
1647 1933 1705 1966 sub
1722 1933 1833 1977 quovis
1852 1938 2016 1977 praetextu

1275 1986 1474 2020 intervenire.

1586 2062 1601 2102 ς’
1617 2059 1705 2092 Xl'll.

1313 2132 1357 2165 De
1381 2132 1451 2175 fisci
1474 2135 1684 2175 procuratore
1708 2135 1737 2165 et
1762 2130 1976 2165 substitutis&

1325 2204 1348 2236 l.
1376 2204 1409 2236 ln
1426 2203 1574 2236 omnibus
1590 2203 1693 2236 causis
1711 2202 1927 2236 criminalibus
1943 2213 2017 2247 quo-

1277 2269 1483 2301 rumcumtpie
1500 2257 1637 2290 iudicum
1651 2262 1678 2289 et
1694 2257 1907 2298 tribunalium,
1922 2257 2016 2290 etiam

1277 2313 1385 2356 Ripae,
1399 2312 1553 2355 llipettae‚
1569 2316 1596 2344 et
1616 2311 1750 2345 aliorum
1768 2311 1919 2351 omnium,
1937 2321 2018 2345 unus

1276 2371 1395 2399 tantum
1406 2365 1442 2397 sit
1453 2365 1518 2397 tisci
1529 2369 1718 2409 procurator
1726 2363 1893 2407 generalis,
1903 2375 1918 2396 a
1927 2364 2017 2398 nobis

1275 2425 1303 2452 et
1322 2418 1559 2452 successoribus
1575 2418 1691 2451 nostris
1707 2417 1826 2451 scilicet
1839 2417 2016 2462 deputatus,

1276 2485 1338 2517 quo
1355 2473 1460 2514 citato,
1476 2477 1587 2506 vocato
1607 2477 1638 2505 ct
1654 2471 1770 2512 audito,
1787 2476 1818 2505 et
1834 2481 1897 2505 non
1917 2472 2016 2512 aliter,

1313 2566 1322 2591 1
1346 2563 1415 2590 Vide
1435 2562 1480 2590 cit.
1501 2562 1592 2589 eonst.
1612 2562 1626 2596 5
1645 2560 1678 2588 37
1699 2563 1736 2594 (R.
1753 2562 1800 2594 T.).

1310 2609 1327 2635 2
1345 2608 1445 2643 Supple
1465 2607 1634 2634 detinentur
1652 2612 1690 2639 (n.
1707 2607 1755 2638 τ.).

1311 2653 1327 2680 3
1348 2652 1413 2680 Vide
1428 2651 1508 2679 etiam
1528 2650 1626 2678 dit-tam
1642 2650 1680 2677 Pii
1697 2649 1728 2677 lV
1748 2650 1839 2678 Const.
1856 2657 1919 2678 Lxxi
1933 2651 1947 2687 5
1971 2651 2016 2687 39,

501 2698 551 2727 cile
560 2698 681 2726 senties:
701 2698 837 2727 videretur
850 2699 995 2735 legendum
1008 2698 1242 2734 2·i'sitatortn.r.).
1276 2701 1341 2726 torn.
1359 2703 1404 2732 vti,
1422 2703 1481 2732 pag.
1498 2695 1550 2723 ‘219
1567 2695 1605 2731 (n.
1620 2701 1645 2722 τ.
1665 2702 1695 2723 ex
1715 2694 1857 2731 Cherub.)-

2017 269 2066 298 An.
2083 268 2111 297 C.
2131 269 2202 299 1612
2225 275 2228 278 ’
