2293 3231
282 284 331 314 ΑΙ.
353 282 381 313 C·
403 283 469 313 162¹

307 1794 433 1821 Propo-ttae
448 1794 478 1814 iu-

294 1821 416 1847 auls-uuae
433 1821 478 1842 eins

293 1848 427 1874 sepulchrum
448 1847 479 1868 vi-

294 1875 415 1896 manubiis.

519 274 585 310 490

481 343 517 366 ac
537 331 699 366 humiliter
716 330 894 374 implorata,
920 327 958 362 ad
979 328 1134 362 honorem
1155 327 1227 361 San-

482 390 549 420 ctae
558 390 587 419 et
607 383 783 418 individuae
801 382 971 422 Trinitatis,
985 392 1020 415 ac
1035 381 1108 415 fidei
1125 381 1229 415 catho-

482 440 560 473 licae
578 437 810 476 exaltationem,
829 435 1015 469 auctoritate
1035 435 1230 479 omnipoten-

483 492 521 526 tis
545 491 598 525 Dei
624 490 723 524 Patris
748 493 777 523 et
797 488 867 522 Filii
887 494 917 521 et
945 488 1081 533 Spiritus
1105 488 1229 530 Sancti,

482 545 648 579 beatorum
680 542 896 588 apostolorum
921 542 1004 575 Petri
1029 547 1059 575 et
1083 541 1170 575 Pauli
1194 552 1229 575 ac

482 599 599 637 nostra,
617 597 655 631 de
674 596 901 630 venerabilium
918 595 1052 629 fratrum
1068 594 1229 629 nostrum¹

483 657 608 685 sanctae
629 650 789 684 Romanae
822 649 980 683 Ecclesiae
1012 648 1230 690 cardinalium,

483 703 749 749 patriarcharum,
772 702 1087 747 archiepiscoporum
1112 707 1141 735 et
1166 701 1233 746 epi-

484 767 654 802 scoporum
673 756 807 790 consilio
828 766 864 790 ac
889 755 1030 789 unanimi
1055 765 1210 789 consensu
1223 782 1230 796 ,

485 812 586 845 bonae
611 811 783 844 memoriae
809 809 965 843 Isidorum
990 809 1172 853 Agricolam
1193 809 1232 842 de

484 865 629 907 Matrito,
656 864 695 898 de
719 864 808 898 cuius
833 863 915 897 vitae
946 863 1129 904 sanctitate,
1159 862 1232 896 fidei

484 918 686 959 sinceritate,
725 923 755 952 et
791 917 1019 951 miraculorum
1049 916 1233 951 excellentia

484 972 577 1018 plene
594 971 758 1006 constabat
781 976 812 1005 et
836 976 973 1011 constat,
991 971 1140 1004 Sanctum
1165 980 1233 1003 esse

485 1025 705 1066 definivimus,
731 1035 767 1058 ac
795 1024 983 1058 Sanctorum
1012 1024 1233 1059 Confessorum

484 1089 549 1114 non
561 1078 749 1124 pontificum
767 1079 911 1122 catalogo
928 1077 1172 1112 adscribendum
1185 1077 1235 1110 de-

486 1133 667 1168 crevimus:
693 1138 788 1177 prout
811 1131 1027 1177 praesentium
1051 1137 1160 1165 tenore
1185 1130 1235 1164 de-

486 1188 624 1228 finimus,
635 1187 836 1220 decernimus
853 1192 883 1220 et
899 1185 1119 1226 adscribimus,
1134 1185 1236 1218 illum-

487 1252 549 1287 que
579 1251 689 1275 omnes
718 1239 941 1274 christifideles
969 1245 1130 1284 tamquam
1160 1249 1234 1273 rere

488 1296 638 1330 Sanctum
656 1296 814 1329 honorare
831 1298 861 1328 et
877 1294 1021 1328 venerari
1038 1294 1234 1334 mandamus;

489 1354 680 1390 statuentes,
711 1355 744 1383 ut
774 1349 813 1382 ab
840 1348 1010 1382 universali
1039 1348 1179 1382 Ecclesia
1205 1349 1236 1381 in

490 1405 558 1438 eius
575 1405 730 1438 honorem
745 1402 895 1437 ecclesiae
912 1408 941 1436 et
959 1403 1085 1441 altaria,
1110 1402 1141 1436 in
1166 1402 1236 1446 qui-

490 1458 549 1492 bus
573 1457 727 1491 sacrificia
746 1457 810 1490 Deo
828 1456 1011 1496 offerantur,
1032 1456 1191 1489 aedificari
1207 1461 1237 1488 et

492 1512 690 1554 consecrari,
716 1515 745 1546 et
769 1511 900 1554 singulis
917 1511 1016 1551 annis,
1037 1511 1087 1543 die
1111 1521 1174 1554 quo
1199 1509 1237 1542 ad

493 1566 661 1600 caelestem
679 1565 813 1610 patriam
833 1564 990 1608 migravit,
1005 1564 1072 1597 eius
1088 1564 1236 1605 officium,

492 1625 525 1655 ut
543 1620 581 1654 de
598 1620 711 1654 Sancto
733 1619 919 1653 Confessore
939 1628 1002 1652 non
1018 1618 1176 1662 pontifice,
1199 1618 1238 1651 ad

492 1674 727 1719 praescriptum
744 1673 867 1706 romani
885 1672 1034 1706 breviarii
1045 1671 1056 1689 ²
1073 1672 1237 1712 celebrari,

493 1728 622 1773 possint.

538 1781 628 1826 331.
662 1781 840 1825 Eademque
873 1779 1059 1814 auctoritate
1089 1779 1238 1812 omnihus

494 1835 751 1870 christifidelibus
768 1845 842 1868 rere
860 1833 1094 1878 poenitentibus
1114 1839 1144 1866 et
1169 1843 1240 1866 con-

494 1889 593 1931 fessis,
618 1889 672 1933 qui
697 1887 786 1921 annis
811 1887 942 1930 singulis
963 1887 1073 1920 eodem
1093 1886 1172 1919 sesto
1189 1886 1239 1919 die

495 1943 533 1977 ad
558 1942 783 1987 sepulchrum,
809 1941 840 1974 in
865 1951 927 1985 quo
957 1951 1072 1984 corpus
1103 1939 1170 1973 eius
1195 1950 1240 1973 re-

495 1996 649 2041 quiescit,
678 1994 868 2028 visitandum
890 1994 1001 2028 devote
1029 1994 1240 2035 accesserint,

495 2060 594 2084 unum
619 2059 736 2083 annum
761 2054 791 2082 et
815 2059 909 2082 unam
927 2048 1161 2092 quadragenam
1170 2059 1177 2088 3
1203 2048 1241 2081 iis

496 2115 581 2145 vcro,
606 2104 659 2148 qui
676 2104 707 2137 in
725 2103 865 2137 eiusdem
886 2103 954 2136 sesti
975 2102 1242 2146 octax·a,quad1·a-

496 2159 581 2202 ginta
605 2158 672 2192 dies
695 2157 733 2190 de
758 2157 905 2190 iniunctis
933 2167 988 2190 seu
1005 2156 1242 2200 quomodolibet

496 2211 609 2245 debitis
627 2210 837 2255 poenitentiis,
858 2209 1108 2244 misericorditer
1133 2209 1164 2242 in
1184 2210 1243 2243 Do-

497 2265 583 2299 mino
608 2264 827 2299 relaxavimus.
846 2264 1019 2304 Postremo,
1036 2274 1108 2297 cum
1125 2264 1241 2307 gratias

497 2319 672 2363 egissemus
696 2317 776 2358 Deo,
801 2317 855 2361 qui
878 2317 1050 2350 Ecclesiam
1067 2327 1156 2350 suam
1182 2328 1243 2350 mc-

498 2373 567 2406 ritis
592 2378 622 2406 et
646 2371 872 2405 intercessione
896 2371 995 2405 sancti
1019 2370 1129 2404 Isidori
1155 2372 1243 2404 clari-

498 2426 594 2460 ficare
611 2426 757 2469 dignatus
774 2430 866 2467 essct,
884 2425 915 2458 in
936 2425 1062 2469 hymnis
1079 2430 1109 2457 et.
1126 2425 1242 2458 conses-

499 2479 640 2513 sionibus
665 2479 860 2513 maiestatem
885 2479 951 2512 eius
969 2478 1190 2519 collaudantes,
1208 2485 1242 2512 ut

537 2570 547 2595 1
570 2568 625 2596 Nisi
645 2568 772 2596 malueris
791 2567 882 2604 legere
902 2567 992 2604 potius
1011 2567 1044 2596 de
1065 2576 1139 2596 more
1163 2567 1241 2596 solito

501 2615 665 2640 nostrorum
684 2615 723 2647 (n.
735 2615 783 2648 τ.).

534 2656 552 2683 2
571 2656 664 2684 Nescio
684 2665 717 2684 an
738 2657 780 2684 htc
799 2657 889 2685 desint
908 2657 977 2686 haec
998 2650 1096 2686 verba:
1119 2657 1242 2686 recitari

501 2703 527 2730 et
546 2701 634 2730 missa
654 2702 805 2737 respective
825 2707 860 2735 (n.
882 2702 931 2737 τ.).

1069 278 1250 306 amantum
1273 278 1430 306 nont-Nun

1260 326 1494 361 misericordias
1518 337 1591 361 suas
1616 338 1711 372 super
1734 328 1889 373 populum
1913 339 2006 363 suum

1262 379 1378 423 iugiter
1402 379 1594 421 effunderet,
1619 380 1753 414 solemni
1774 381 1916 415 oratione
1931 381 2007 416 Con-

1263 433 1418 466 sessorum
1443 432 1475 465 in
1500 433 1598 466 sancti
1629 432 1741 467 Isidori
1766 433 1921 468 honorem
1953 435 2007 469 de-

1264 488 1398 527 cantata,
1416 486 1579 520 humiliter
1595 486 1714 531 precati
1730 496 1850 528 sumus,
1864 492 1956 532 atque
1969 489 2007 522 ad

1264 540 1363 573 altare
1389 540 1543 585 Principis
1567 541 1785 585 apostolorum
1809 540 1939 574 missam
1962 552 2009 576 ce-

1265 593 1477 634 lebravimus,
1503 604 1576 627 cum
1601 593 1742 627 eiusdem
1766 593 1870 628 Sancti
1887 594 2010 628 Confes-

1266 647 1346 681 soris
1372 647 1686 688 commemoratione;
1702 647 1914 692 omnibusque
1931 648 2010 682 chri-

1266 701 1453 734 stifidelibus
1477 706 1552 734 tunc
1586 700 1804 745 praesentibus
1835 701 2010 746 plenariam

1266 755 1408 789 omnium
1421 760 1623 799 peccatorum
1637 765 1767 789 suorum
1784 754 2010 799 indulgentiam

1266 818 1489 841 concessimus.

1311 862 1326 905 ἓ
1350 860 1401 895 32.
1427 860 1564 904 Dignum
1588 861 1686 905 igitur
1709 864 1740 896 et
1759 871 1938 905 congruum
1954 868 2010 905 est,

1266 918 1299 948 ut
1323 924 1432 948 omnes
1457 924 1520 948 uno
1544 925 1600 948 ore
1625 914 1840 958 glorificemus
1859 915 1958 949 Deum
1982 921 2013 950 et

1267 968 1395 1001 unicum
1416 967 1517 1001 filium
1535 968 1602 1001 eius
1619 968 1789 1002 Dominum
1808 973 1953 1002 nostrum
1970 969 2013 1003 Ie·

1267 1033 1338 1056 sum
1363 1022 1543 1063 Christum,
1573 1023 1649 1067 qui,
1681 1022 1846 1066 quamvis,
1875 1022 2014 1067 peccatis

1268 1076 1384 1110 nostris
1405 1076 1614 1120 exigentibus,
1632 1076 1822 1111 calamitosis
1840 1076 1928 1111 hisce
1941 1082 2015 1111 tem-

1268 1130 1401 1174 poribus
1434 1130 1607 1163 Ecclesiam
1639 1141 1728 1164 suam
1763 1130 1841 1165 adeo
1872 1131 1970 1176 affligi
1997 1143 2014 1165 a

1269 1185 1436 1219 contrariis
1452 1185 1661 1230 potestatibus
1677 1185 1824 1230 patiatur,
1839 1186 2016 1221 misericor—

1269 1239 1353 1272 diam
1372 1244 1476 1272 tamen
1494 1249 1583 1272 suam
1603 1249 1667 1273 non
1687 1239 1841 1284 dispergit
1864 1250 1882 1272 a
1905 1239 2014 1283 nobis,

1269 1299 1299 1327 et
1323 1293 1484 1326 abundare
1509 1293 1581 1326 sacit
1607 1293 1639 1326 in
1662 1293 1749 1327 omni
1766 1293 1969 1328 tribulatione
1985 1301 2016 1329 et

1269 1350 1419 1391 pressura
1444 1347 1676 1381 consolationes
1692 1353 1827 1389 nostras,
1844 1359 1915 1382 cum
1932 1349 2015 1393 apud

1270 1401 1420 1434 thronum
1438 1401 1558 1444 gratiae
1571 1411 1645 1434 suae
1661 1402 1756 1434 talem
1773 1401 2014 1436 intercessorem

1270 1460 1297 1487 et
1316 1454 1503 1487 advocatum
1521 1464 1580 1504 pro
1599 1454 1692 1488 nobis
1709 1454 1928 1496 manifestavit,
1952 1467 2015 1500 quo

1272 1508 1464 1552 suffragante
1489 1508 1629 1552 placatus
1644 1535 1651 1549 ,
1676 1508 1799 1552 flagella
1823 1520 1898 1543 suae
1928 1510 2016 1545 indi-

1271 1561 1428 1604 gnationis
1445 1561 1484 1594 ab
1500 1561 1639 1595 Ecclesia
1657 1564 1713 1596 sua
1730 1567 1859 1604 avertat,
1883 1573 2015 1608 eamque

1271 1625 1368 1659 super
1384 1615 1486 1660 capita
1510 1615 1711 1650 inimicorum
1736 1626 1867 1651 suorum
1893 1617 2016 1659 exaltet,

1272 1674 1301 1704 ct
1326 1670 1357 1703 in
1381 1669 1493 1703 diebus
1517 1670 1633 1703 nostris
1656 1671 1774 1715 populo
1791 1682 1848 1705 suo
1864 1671 2017 1706 Dominus

1271 1724 1352 1758 Deus
1364 1728 1472 1757 noster
1484 1734 1595 1768 pacem
1607 1724 1854 1758 misericorditer
1867 1724 2017 1759 concedat

1271 1784 1301 1812 et
1326 1778 1594 1822 tranquillitatem.

1317 1834 1332 1876 ξ
1355 1831 1406 1865 33.
1432 1831 1587 1872 Ceterum,
1605 1831 1678 1875 quia
1695 1832 1821 1866 difficile
1838 1833 1920 1867 soret
1930 1843 2018 1878 prae-

1273 1891 1375 1919 sentes
1391 1891 1516 1919 nostras
1532 1885 1651 1920 litteras
1667 1886 1706 1920 ad
1723 1886 1847 1930 singula
1859 1888 1938 1929 loca,
1963 1887 2017 1922 ubi

1274 1951 1352 1985 opus
1380 1945 1471 1980 esset,
1498 1939 1634 1979 deferri3
1665 1939 1820 1981 volumus,
1848 1945 1883 1974 ut
1906 1951 2017 1975 earum

1274 1993 1438 2038 exemplis,
1456 1993 1548 2026 etiam
1574 1993 1754 2039 impressis,
1779 2004 1875 2028 manu
1899 1994 2018 2039 publici

1274 2047 1390 2081 notarii
1411 2046 1608 2091 subscriptis,
1621 2053 1651 2081 et
1668 2047 1772 2091 sigillo
1796 2048 1929 2082 alicuius
1945 2059 2019 2094 per-

1275 2112 1371 2135 sonae
1388 2101 1419 2134 in
1436 2101 1587 2145 dignitate
1604 2100 1816 2135 ecclesiastica
1832 2102 2019 2136 constitutae

1277 2155 1416 2196 munitis,
1427 2154 1536 2188 eadem
1549 2154 1666 2199 ubique
1675 2154 1754 2188 fides
1762 2154 1925 2197 habeatur,
1938 2165 2018 2200 quae

1276 2209 1351 2253 ipsis
1374 2207 1592 2253 praesentibus
1615 2207 1842 2250 adhiberetur,
1866 2209 1891 2242 si
1916 2214 2019 2243 essent

1276 2262 1434 2297 exhibitae
1451 2263 1499 2296 vel
1519 2267 1672 2295 ostensae.

1321 2317 1335 2359 g
1359 2315 1411 2349 34.
1437 2315 1520 2349 Nulli
1546 2325 1623 2359 ergo
1648 2314 1776 2349 omnino
1793 2314 1959 2349 hominum
1984 2315 2018 2349 li-

1277 2375 1343 2403 ceat
1360 2370 1440 2403 hanc
1453 2369 1603 2414 paginam
1620 2374 1802 2403 nostrorum
1817 2368 2017 2411 definitionis,

1277 2424 1413 2465 decreti,
1439 2423 1679 2468 adscriptionis,
1703 2421 1842 2456 mandati
1859 2427 1889 2456 et
1912 2423 2019 2457 volun—

1278 2479 1349 2512 tatis
1366 2478 1550 2521 infringere,
1564 2477 1612 2510 vel
1629 2476 1657 2510 ei
1670 2487 1749 2510 ausu
1765 2477 1935 2511 temerario
1948 2487 2019 2512 eon-

1277 2531 1381 2565 traire.
1409 2530 1439 2564 Si
1464 2530 1535 2574 quis
1559 2535 1663 2563 autem
1687 2529 1747 2563 hoc
1764 2535 1917 2563 attentare
1932 2541 2019 2575 prae-

1277 2584 1460 2629 sumpserit,
1468 2582 1715 2627 indignationem
1729 2583 1954 2628 omnipotentis
1964 2583 2018 2618 Dei

1277 2648 1311 2672 ac
1336 2638 1501 2671 beatorum
1526 2635 1609 2670 Petri
1634 2640 1663 2670 et
1687 2635 1774 2670 Pauli
1798 2637 2015 2682 apostolorum

1276 2691 1342 2725 eius
1367 2701 1399 2725 se
1423 2689 1545 2724 noverit
1570 2689 1782 2724 incursurum.

2018 283 2070 311 An.
2085 282 2113 311 C.
2133 282 2201 314 1021

2025 879 2210 956 gegsstffiobq

2040 939 2073 955 10.

2033 1845 2217 1896 ωἷξῗὲῗῗ’““

2032 2326 2218 2376 „arr-⁹0·-
