2293 3231
297 306 347 333 Αη.
363 305 393 333 C.
414 304 481 332 1612

333 1860 364 1882 ne
378 1861 477 1882 mercede

292 1888 371 1909 notarii
393 1890 435 1909 tam
458 1889 478 1909 in

292 1915 368 1940 prima.
383 1920 446 1941 quam
457 1915 477 1935 in

292 1941 387 1962 secunda
400 1943 478 1962 instan-

293 1968 331 1990 tia.
355 1969 418 1989 etiam
443 1974 478 1989 co-

293 1999 338 2015 ram
353 1995 461 2021 praeside.

528 295 592 329 150

496 353 587 387 diciis
611 353 642 386 in
667 354 778 386 eadem
804 356 908 390 eausa,
929 353 1102 387 dummodo
1127 354 1239 387 indicia

495 408 611 441 suerint
639 407 818 447 relevantia,
844 407 938 439 iulius
964 417 1052 439 unus.

540 460 592 494 to.
611 461 671 494 Pro
688 460 861 494 cassatione
878 460 1089 503 obligationis,
1107 461 1155 493 vel
1168 471 1242 505 pro·

496 525 613 554 cessus,
627 514 720 546 etiam
736 524 794 557 pro
811 513 956 557 pluribus
969 513 1000 546 in
1017 514 1128 547 eadem
1146 515 1239 547 eausa

495 567 664 606 criminali,
689 566 784 599 iulius
804 577 893 599 unus.

541 621 590 653 lt.
618 620 678 653 Pro
703 619 815 653 viatico
840 620 983 654 t'aeicndo
1008 620 1047 653 ad
1071 620 1238 653 videndum

493 675 630 719 aliquam
654 673 863 708 differentiam
894 674 1057 715 in.L'i·be‚
1081 674 1239 709 hononeni

494 727 744 772 trigintaseptem
770 738 841 761 cum
866 727 1016 768 dimidio;

539 782 589 815 12.
607 781 702 814 Extra
721 781 837 815 Urbem
855 782 939 815 circa
955 782 1064 815 decem
1083 782 1238 823 milliaria,

494 840 618 869 scutum
642 845 740 868 unum
764 835 850 875 auri3
877 836 959 868 ultra
977 835 1097 875 decem,
1114 842 1237 869 sentum

494 900 592 923 unum
617 890 685 923 auri
709 890 849 934 quolibet
874 890 935 931 die,
961 896 989 924 et
1016 901 1172 935 expensae
1193 891 1238 924 vi-

495 949 573 977 ctus.

537 996 588 1030 13.
614 997 675 1031 Pro
692 997 890 1032 revocatione
905 998 1060 1042 sequestri
1077 998 1149 1031 daut
1167 1008 1239 1032 cau-

493 1050 586 1091 tione,
610 1051 769 1085 bononeni
794 1051 942 1095 quinque.

538 1104 588 1137 114.
607 1105 639 1138 Si
655 1116 729 1139 vero
746 1106 884 1139 servatis
899 1106 1079 1147 servandis,
1100 1107 1238 1140 solvatur

491 1163 523 1191 ut
544 1168 639 1202 supra
663 1159 782 1192 dietum
807 1165 853 1192 est
877 1159 914 1192 de
932 1159 1102 1193 definitiva.

536 1211 588 1246 15.
614 1211 674 1246 Pro
699 1214 852 1248 sententia
877 1213 1082 1254 absolutoria,
1101 1214 1165 1247 sire
1183 1214 1237 1247 de-

491 1270 578 1299 creto
589 1267 726 1300 sera-atis
738 1267 908 1300 sert-andis
926 1268 1006 1301 sacto
1023 1267 1054 1300 in
1071 1270 1165 1301 causa
1180 1268 1239 1301 cri-

491 1318 601 1352 minali
614 1319 645 1352 in
657 1320 780 1353 casibus
794 1320 958 1364 permissis
975 1332 992 1354 a
1009 1321 1237 1355 Constitutione

493 1371 543 1405 SS.
561 1372 685 1406 Domini
710 1374 814 1407 Nostri
840 1375 950 1418 Papae,
975 1374 1068 1407 etiam
1087 1386 1146 1419 pro
1171 1375 1238 1419 plu-

492 1425 582 1458 ribus
606 1426 637 1458 in
661 1426 771 1459 eadem
797 1429 900 1467 causa,
926 1427 1084 1461 bononeni
1110 1434 1237 1472 septua-

492 1478 731 1524 gintaquinque.

537 1532 589 1566 116.
614 1533 675 1566 Pro
691 1533 943 1578 quibuscumque
960 1535 1072 1578 poenis
1087 1535 1236 1579 pecunia-

492 1585 557 1627 riis,
568 1591 599 1619 et
611 1586 680 1619 aliis
694 1587 790 1620 rebus
804 1587 1023 1629 confiscandis,
1037 1593 1148 1632 (piat-ta
1164 1599 1237 1632 pars

491 1639 577 1673 iuxta
601 1641 727 1674 solitum
750 1641 928 1685 assignetur
945 1642 1056 1675 eidem.

536 1693 587 1726 17.
614 1693 650 1726 Et
681 1694 840 1738 praedicta
873 1700 942 1728 taxa
973 1701 1116 1728 servetur
1143 1697 1236 1729 etiam

491 1746 576 1791 quod
602 1747 632 1779 in
657 1747 760 1780 causis
785 1748 823 1780 ab
847 1748 936 1781 initio
957 1749 1047 1789 adsit,
1066 1749 1111 1782 rel
1130 1754 1237 1793 postca

492 1801 693 1845 superveniat
715 1802 906 1836 commissio.

536 1854 588 1888 18.
615 1856 676 1889 Pro
693 1856 875 1897 monitorio,
893 1856 1051 1889 bononeni
1070 1862 1143 1889 tres.

536 1909 588 1943 ¹19.
614 1909 674 1942 Pro
692 1915 866 1953 sequestro,
883 1910 1041 1943 bonoueni
1060 1915 1133 1943 tres.

538 1962 589 1996 20.
616 1963 676 1996 Pro
693 1974 758 1996 non
774 1968 938 2008 qrcwetur,
959 1965 1117 1997 bononeni
1134 1969 1207 1997 tres.

537 2016 589 2049 ⁹211.
616 2016 676 2049 Pro
701 2017 944 2060 reproduetione
968 2018 1114 2057 illorum,
1140 2023 1170 2049 et
1190 2017 1240 2050 de-

493 2073 580 2102 creto
594 2068 830 2110 moderationis,
840 2081 896 2102 seu
908 2070 1091 2103 reductione
1105 2070 1142 2103 ad
1157 2071 1237 2103 viam

493 2123 588 2163 iuris,
606 2122 764 2156 bononeni
781 2123 854 2157 duo.

537 2176 589 2209 ⁹22.
623 2176 682 2209 Pro
714 2177 899 2210 inhibitione
927 2188 1000 2210 eum
1032 2177 1173 2212 clausula
1209 2179 1239 2210 si

493 2230 586 2273 quis,
610 2230 767 2264 bononeni
793 2236 866 2264 tres.

536 2283 588 2317 23.
614 2284 674 2318 Pro
691 2295 891 2330 quacumque
909 2285 1070 2321 relatione.
1089 2290 1238 2329 protesta-

493 2336 594 2378 tione,
619 2342 649 2370 et
674 2338 892 2382 responsione,
917 2339 1104 2371 honoueuus
1129 2350 1218 2372 uuus.

537 2391 589 2424 24.
605 2391 664 2425 Pro
681 2402 883 2436 quocumque
901 2393 1037 2425 termino
1055 2392 1162 2426 habito
1179 2404 1237 2437 pro

493 2449 636 2485 servato,
661 2445 748 2478 nihil.

538 2497 590 2531 25.
617 2498 677 2533 Pro
702 2499 875 2533 monitione
894 2500 974 2533 saeta
991 2500 1134 2544 partibus
1151 2511 1239 2544 prae-

494 2551 646 2592 sentibus,
664 2552 751 2585 nihil.

538 2603 589 2636 26.
624 2605 684 2637 Pro
719 2606 866 2639 mandato
900 2607 1087 2651 suspicionis
1124 2607 1215 2650 fugae
1230 2634 1237 2647 ‚

495 2657 588 2690 etiam
606 2662 692 2701 parte
716 2658 807 2691 citata
833 2660 989 2700 relaxato,
1014 2665 1043 2692 et
1069 2671 1140 2693 cum
1166 2671 1237 2693 exa-

495 2711 579 2746 mine
595 2713 738 2755 testium,
756 2713 820 2747 sive
837 2715 1045 2759 productione
1067 2715 1237 2755 librorum,

1085 305 1264 330 BULLARIUM
1288 305 1442 330 ROMANUM

1274 359 1302 387 et
1320 354 1449 394 iul-ium,
1467 363 1566 398 usque
1582 353 1621 386 ad
1637 359 1726 388 scuta
1741 354 1862 398 viginti,
1881 354 2018 388 bonone·

1274 407 1304 439 ni
1322 406 1503 450 quindecim
1518 417 1525 446 ;

1318 460 1369 493 227.
1403 461 1426 493 Α
1456 460 1565 503 viginti
1597 470 1692 505 supra
1723 466 1784 505 pro·
1811 470 2010 505 quacumque

1273 517 1414 554 summai,
1439 514 1505 547 iulii
1529 519 1602 547 tres.

1316 567 1368 601 28.
1384 568 1443 601 Pro
1459 573 1581 601 arresto
1594 572 1704 601 eontra
1720 572 1928 609 carceratum,
1945 577 2018 601 eon-

1273 621 1346 656 stito
1363 622 1401 655 de
1418 621 1556 661 credito,
1577 626 1605 655 et
1623 621 1772 655 mandato
1788 621 1938 662 relaxato,
1953 621 2017 655 sol-

1273 671 1364 709 vatur
1379 681 1473 719 prout
1490 675 1521 708 in
1538 675 1686 708 mandato
1709 674 1898 719 suspicionis
1913 675 2016 718 fugae.

1317 728 1368 762 29.
1388 729 1447 762 Pro
1465 728 1612 762 mandato
1629 728 1667 762 de
1684 728 1854 762 relaxando
1874 738 2018 762 carcera-

1273 787 1340 814 tum
1357 793 1429 815 cum
1447 781 1603 823 cautione,
1617 782 1665 815 vel
1682 781 1722 815 do
1737 791 1904 822 consensu,
1917 791 2018 826 usque

1272 835 1310 868 ad
1327 841 1414 869 scuta
1431 836 1551 877 decem,
1574 835 1604 869 in
1629 841 1730 870 totum
1746 835 1906 869 bononeni
1929 834 2019 880 quin-

1272 889 1394 930 decim;

1315 942 1368 976 30.
1394 943 1440 977 Ab
1458 943 1529 976 inde
1547 953 1643 987 supra
1658 952 1760 988 usque
1775 941 1815 976 ad
1831 950 2017 986 quamcum-

1271 1007 1331 1040 que
1356 1007 1524 1038 summam,
1542 997 1609 1030 iulii
1626 996 1698 1030 duo.

1315 1050 1366 1084 31.
1393 1050 1454 1084 Pro
1478 1050 1627 1084 mandato
1644 1051 1675 1084 in
1693 1049 1924 1084 contumaciam
1941 1049 2019 1083 rela-

1272 1110 1361 1145 xato,
1386 1104 1545 1138 bononeni
1570 1110 1644 1138 tres.

1315 1157 1367 1192 337..
1393 1158 1454 1192 Pro
1487 1158 1573 1192 illius
1608 1158 1826 1198 revocatione,
1855 1156 2016 1191 bononeni

1272 1217 1345 1245 tres.
1440 1219 1442 1221 ’

1315 1266 1367 1299 33.
1392 1266 1453 1300 Pro
1470 1276 1670 1310 quacumque
1687 1265 1928 1309 significatione,
1947 1263 2019 1298 sub-

1271 1319 1398 1364 scripta,
1412 1320 1459 1353 vel
1478 1330 1541 1353 non
1558 1319 1736 1364 subscripta
1753 1329 1770 1352 a
1787 1318 1901 1360 iudice,
1917 1318 2017 1352 bono-

1270 1373 1343 1406 neni
1364 1378 1437 1406 tres.

1314 1426 1366 1460 34.
1384 1427 1445 1460 Pro
1465 1437 1667 1471 quocumque
1688 1426 1833 1471 deposito
1857 1424 2017 1466 faciendo,

1270 1481 1428 1514 bononcni
1453 1480 1526 1514 duo.

1314 1533 1366 1567 35.
1393 1535 1453 1568 Pro
1478 1534 1677 1568 restitutione
1700 1533 1835 1578 depositi
1855 1543 1914 1577 pro
1938 1542 2018 1577 quo-

1271 1589 1346 1622 libet
1371 1595 1478 1630 scuto,
1504 1589 1662 1623 bononeni
1686 1588 1764 1629 duo;
1781 1587 1836 1621 sed
1860 1587 1892 1620 in
1915 1585 2018 1620 causis

1272 1642 1455 1676 mercedum
1479 1652 1538 1686 pro
1563 1641 1738 1675 medietate.

1315 1695 1367 1729 36.
1394 1697 1454 1730 Pro
1471 1695 1577 1739 rogita
1597 1695 1750 1739 cuiusque
1767 1693 1968 1738 obligationis
1985 1692 2017 1726 in

1272 1750 1393 1786 officio,
1420 1750 1513 1783 iulius
1537 1760 1637 1789 unus,
1662 1754 1749 1782 extra
1775 1747 1925 1788 officium,
1950 1746 2016 1780 iulii

1271 1803 1343 1836 duo.

1315 1856 1367 1889 37.
1405 1857 1439 1889 ln
1480 1856 1582 1890 causis
1622 1855 1805 1889 mercedum
1820 1882 1827 1895 ‚
1859 1853 2017 1888 bononeni

1272 1916 1392 1954 septem
1418 1921 1490 1943 cum
1514 1910 1654 1943 dimidio.

1315 1964 1367 1998 38.
1383 1965 1442 1997 Pro
1460 1964 1633 1998 cassatione
1650 1964 1803 2008 cuiusque
1815 1961 2017 2006 obligationis

1274 2018 1303 2050 in
1320 2020 1414 2051 eausa
1433 2018 1526 2059 cirili,
1543 2029 1560 2051 a
1577 2018 1674 2051 scutis
1690 2017 1829 2062 quinque
1847 2016 1946 2057 infra,
1964 2015 2018 2049 ho-

1273 2071 1388 2105 noneui
1419 2071 1579 2114 quinquo,

1316 2124 1367 2158 39.
1395 2126 1419 2158 A
1440 2125 1579 2169 quinque
1605 2135 1701 2169 supra
1725 2134 1825 2168 usque
1847 2122 1887 2157 ad
1906 2132 2017 2168 quam-

1272 2190 1407 2222 cumque
1428 2189 1600 2219 summam,
1619 2178 1714 2212 iulius
1730 2188 1821 2211 unus.

1318 2232 1370 2265 w.
1393 2233 1454 2266 Pro
1471 2232 1670 2276 susceptione
1695 2231 1819 2266 termini
1840 2230 1872 2264 in
1895 2229 2016 2271 officio,

1271 2286 1429 2319 bononeni
1451 2287 1529 2326 duo;

1315 2340 1367 2373 41.
1387 2340 1480 2373 Extra
1499 2340 1649 2380 officium,
1665 2338 1824 2372 bononeni
1841 2338 1990 2382 quinque.

1316 2394 1366 2427 4-2.
1386 2395 1446 2427 Pro
1464 2393 1679 2427 moderatione
1697 2392 1840 2433 termini,
1858 2392 1906 2425 vel
1923 2402 2016 2436 repo—

1272 2448 1403 2488 sitione,
1420 2447 1579 2481 bononeni
1595 2446 1667 2480 duo.

1315 2500 1366 2534 43.
1379 2501 1439 2534 Pro
1450 2509 1650 2545 quocumque
1660 2499 1774 2544 partito
1787 2499 1818 2532 in
1833 2499 1915 2533 actis
1923 2499 2016 2539 sacto,

1271 2554 1429 2587 bononeni
1449 2553 1533 2593 duo;

1315 2607 1366 2640 sisi.
1389 2607 1449 2640 Pro
1467 2606 1556 2650 copia
1575 2605 1676 2646 illius,
1696 2604 1854 2639 bononeni
1871 2604 1956 2645 duo;

1315 2661 1366 2694 45.
1387 2661 1445 2693 Pro
1463 2661 1639 2693 iuramento
1656 2659 1749 2699 illius,
1765 2658 1924 2692 bononeni
1940 2657 2012 2691 duo.

1316 2714 1366 2748 46.
1400 2714 1459 2749 Pro
1491 2724 1692 2758 quocumque
1725 2712 1872 2747 mandato
1904 2711 2015 2756 vigore

2027 304 2079 333 An.
2094 303 2124 334 C.
2143 304 2222 337 ¹⁸¹2.
