2293 3231
221 307 270 332 An.
288 305 316 332 εἰ.
338 305 406 334 16η
452 295 516 331 *258
1003 305 1182 330 nummum

658 353 769 380 Paulus
791 353 869 387 Papa
888 353 924 385 V,

553 415 588 442 ad
605 417 780 448 perpetuam
795 413 841 441 rei
855 413 1036 441 memoriam.

467 504 482 544 ,ξ
511 503 534 535 l.
560 503 652 538 Cum.
686 502 768 534 bono
799 501 926 545 publico
957 508 985 534 ct
1011 502 1049 534 ad
1073 502 1164 535 t‘rbis

423 561 567 589 ornatum
599 565 720 587 necnon
744 555 880 598 quietem
905 560 931 586 et
965 555 1163 588 securitatem

423 615 646 645 mercatorum,
670 608 869 652 aliorumque
893 608 922 640 in
949 609 1018 641 loco
1035 609 1164 652 Ripctta

423 663 516 705 vulgo
530 667 710 705 nuncupato
727 661 953 704 negotiantium
972 662 1037 705 (qui
1056 667 1164 695 contra

222 709 584 754 ἵζ’ἷᾶζῗὲἷζῷἶῖᾞζῗροςίυείιιη]
619 715 716 747 sancti
751 714 932 759 Hicronrmi
969 715 1164 759 illyricorum

221 763 459 801 ''¹'⁰⁵¹⁷‘⁰¹¹''·⁰¹⁸·de
485 768 566 801 [rbe
592 767 750 812 praedicta
775 767 893 804 existit,
920 778 1056 811 quorum
1082 779 1164 802 nicr—

422 825 564 855 catorum
595 820 766 864 negotiatio
797 821 875 853 adeo
908 826 998 854 aucta
1032 827 1098 858 cst.
1131 827 1161 854 ut

421 885 530 918 saepe,
555 885 631 918 prae
657 874 854 908 multitudine
886 874 1046 917 lignorum
1073 875 1102 907 in
1128 877 1163 908 ca

419 927 617 961 existentium
643 939 677 960 ac
703 927 762 961 loci
787 928 929 971 angustia
954 938 1067 971 niagna
1091 939 1164 972 pars

420 981 486 1014 riae
519 982 662 1025 publicae
695 987 888 1025 occupetur,
913 992 992 1028 quac
1025 992 1042 1013 a
1074 985 1163 1025 porta

420 1035 571 1068 Flaminia
601 1035 639 1068 ad
670 1036 775 1068 locum
801 1034 909 1078 Scrofa
942 1036 1037 1078 vulgo
1069 1035 1163 1068 ctiam

420 1094 634 1133 nuncupatum
660 1089 769 1129 tendit,
790 1095 818 1121 ct
839 1100 894 1132 pcr
919 1100 1024 1132 quam,
1040 1095 1164 1132 praetcr

420 1142 584 1176 continuas
608 1142 761 1175 mercium
786 1142 982 1185 aliarumque
1000 1154 1107 1175 rerum
1126 1143 1163 1175 ad

421 1206 513 1229 usum
536 1195 626 1229 Urbis
646 1195 855 1234 advectiones,
873 1196 971 1229 solent
989 1195 1082 1229 ctiam
1100 1206 1165 1228 san-

422 1254 490 1282 ctae
503 1250 662 1282 Romanae
676 1249 832 1281 Ecclesiae
846 1248 1021 1281 cardinales
1036 1260 1071 1280 ac
1085 1249 1166 1281 clu-i-

423 1302 596 1335 stianorum
628 1302 809 1346 principum
837 1307 980 1335 oratores
1006 1303 1110 1346 primo
1135 1309 1164 1335 ct

424 1355 557 1388 solemni
574 1365 662 1388 more
687 1354 717 1386 in
742 1354 857 1388 [rbem
884 1354 1031 1397 ingredi),
1054 1355 1164 1388 iisdcm

424 1407 582 1440 mercibus
605 1413 635 1440 et
660 1407 888 1440 mercatoribus
917 1407 1021 1440 locum
1046 1414 1167 1440 mutan-

423 1461 498 1494 dum
513 1461 705 1501 duxerimus
715 1472 749 1493 ac
763 1461 867 1493 dilecti
882 1461 937 1492 lilii
951 1460 1082 1494 loannes
1092 1462 1168 1494 Yau-

423 1521 571 1549 zantenus
595 1520 623 1549 ct
648 1515 778 1549 Carolus
798 1514 974 1553 Madet-nus,
992 1515 1166 1556 architecti,

423 1580 440 1602 a
464 1569 556 1603 nobis
581 1579 677 1612 super
702 1567 895 1612 inspectione
921 1567 992 1608 loci,
1009 1567 1047 1600 ad
1073 1566 1184 1611 quem*

423 1621 628 1656 transferendi
643 1627 756 1662 essent,
770 1621 908 1665 deputati
926 1621 1053 1658 (auditis
1071 1621 1165 1654 etiam
1182 1621 1184 1633 '

422 1676 539 1709 eisdem
558 1675 788 1708 mercatoribus
808 1675 838 1706 in
855 1675 1100 1717 congregatione
1119 1686 1185 1716 re-,

422 1729 610 1762 ncrabilium
629 1729 760 1761 fratrum
775 1732 958 1762 nostrorum
973 1733 1097 1762 sanetae
1110 1730 1168 1763 Ro-
1182 1717 1185 1767 i

424 1793 532 1816 manae
558 1782 713 1815 Ecclesiae
742 1781 950 1815 cardinalium
982 1792 1078 1826 super
1111 1771 1185 1816 viisl

422 1836 656 1881 deputatorum,
666 1846 701 1868 ac
712 1835 786 1868 visis
798 1840 829 1868 et
842 1835 1049 1870 consideratis
1062 1837 1168 1871 multis

424 1890 515 1934 locis)
540 1889 632 1923 nobis
647 1893 677 1923 et
693 1889 809 1922 eisdem
836 1889 1048 1922 cardinalibus
1071 1889 1169 1935 depu-

425 1943 495 1977 tatis
519 1942 684 1976 retulerint
709 1953 834 1983 aream,
860 1953 914 1976 seu
939 1943 1126 1987 plateolam,
1151 1955 1167 1977 e

425 1997 555 2039 regione
577 1996 739 2040 hospitalis
763 1997 860 2030 sancti
884 1996 987 2030 lacobi
1012 1997 1170 2030 Incurabi-

426 2050 503 2082 lium
527 2049 729 2090 existentem,
749 2061 784 2083 ac
809 2050 955 2083 domibus
980 2050 1107 2084 illorum
1131 2051 1169 2083 de

427 2102 672 2142 Monatdssches,
691 2108 718 2135 ct
737 2103 805 2135 aliis
822 2103 1031 2143 domunculis,
1048 2114 1169 2137 necnon

428 2167 443 2187 a
469 2156 596 2188 sinistro
620 2156 728 2195 latere,
753 2162 779 2189 ct
808 2167 915 2189 rcrsns
935 2157 1050 2190 dictam
1069 2158 1171 2202 Ripct—

429 2214 501 2249 tam,
524 2209 711 2253 quibusdam
738 2210 819 2242 arcis
844 2222 897 2242 scu
923 2210 1032 2243 sitibus
1058 2211 1170 2244 cohae-

429 2269 565 2304 rentem,
589 2275 648 2309 pro
672 2275 753 2297 noro
778 2265 864 2304 loco,
890 2275 943 2297 scu
968 2265 1109 2309 Ripctta,
1135 2277 1171 2299 ac

428 2317 587 2360 lignorum
613 2317 833 2351 cxoncratione
851 2323 881 2350 ct
899 2318 1084 2359 rcnditi0nc,
1103 2330 1171 2352 nec·
1187 2321 1188 2352 ξ

429 2380 491 2404 non
518 2370 733 2404 vehiculorum
759 2371 977 2404 onerariorum
1005 2373 1189 2422 commod-„⁴13

429 2424 572 2464 statione,
585 2424 721 2468 praeriis
735 2425 893 2457 nonnullis
906 2425 1170 2465 dcrnolitionibus,
1186 2429 1189 2446 ὲ

430 2476 635 2509 sufficientem
672 2482 699 2510 et
737 2488 883 2521 capacem
916 2478 1002 2511 sore:
1035 2490 1170 2523 eumque

431 2531 602 2573 praemissa
612 2532 848 2575 quamprimum
860 2533 1037 2576 exequtioni
1049 2533 1173 2566 deman-

431 2582 497 2614 dari
525 2584 689 2623 vellemus,
715 2596 748 2615 ac
770 2596 828 2628 pro
849 2596 959 2618 corum
985 2586 1173 2630 cxeqntione

432 2637 636 2670 domunculas
672 2643 699 2669 ct
736 2638 814 2670 situs
849 2639 1028 2672 huiusmodi
1067 2650 1173 2672 emere

433 2701 513 2734 opus
538 2695 629 2730 essct,
650 2691 754 2724 dilecti
780 2691 873 2724 ctiam
898 2691 953 2724 sitii
979 2691 1191 2738 administra-²

293 521 407 542 consulen-

221 552 253 570 tes
267 551 407 569 mercatorum

221 575 332 596 commndo
341 574 408 594 adrni-

221 604 345 623 nutritur-cs
361 601 407 621 hos-

221 629 292 654 pitatis
327 633 407 653 paui-e-

221 662 267 676 nm·
301 654 407 680 mpetum

223 682 336 703 {abi-trare,
364 683 405 700 cte.

1207 305 1362 330 Romami

1198 358 1282 386 tores
1313 358 1342 384 et
1380 352 1529 386 officiales
1566 353 1728 398 hospitalis
1764 364 1939 398 pauperum

1199 405 1444 438 mendicantium
1461 406 1499 439 de
1516 406 1627 439 eadem
1641 406 1724 439 t'rbe
1737 407 1800 448 (cui
1817 406 1939 450 pridem

1180 458 1295 492 tsclicis
1320 458 1547 492 recordationis
1571 459 1674 492 Sixtus
1697 459 1780 503 Papa
1804 460 1826 491 V
1852 471 1941 504 prae-

1197 511 1343 545 decessor
1374 517 1480 544 noster
1511 512 1665 554 gabellatn
1695 523 1791 556 super
1822 513 1940 546 eisdem

1199 565 1291 607 lignis
1316 576 1332 596 a
1358 576 1389 597 s·-
1415 565 1595 608 impositam
1620 565 1787 608 concessit)
1811 577 1843 598 sc
1867 566 1940 599 dicti

1199 618 1362 661 hospitalis
1396 618 1640 651 mendicantium
1673 618 1800 651 nomine
1832 629 1941 651 omnes

1198 677 1227 703 ct
1252 682 1467 714 qmtscumquc
1496 681 1648 715 cxpensas
1675 682 1734 715 pro
1763 671 1942 704 reducenda

1180 725 1235 759 ,ad
1262 727 1393 757 tormam
1420 736 1518 757 norae
1537 724 1677 768 Ripcttac
1702 725 1835 769 plateola
1851 735 1942 768 prae-

1180 777 1289 819 ,(Ιίςιῐὶ,
1313 778 1473 820 murisque
1499 777 1678 817 munienda,
1695 784 1723 810 et
1749 778 1834 810 iuxta
1859 788 1943 810 inan-

1197 831 1267 864 data
1299 831 1482 863 cortundcm
1519 831 1724 863 cardimdium
1758 841 1854 874 snper
1886 830 1943 863 riis

1197 883 1418 927 deputatorum
1443 884 1634 927 amplianda,
1658 894 1779 917 necnon
1804 883 1939 916 demoli-

1198 936 1335 969 tionibus
1362 936 1529 980 praa-dictis
1560 936 1708 969 iaciendis
1723 964 1730 973 ,
1755 947 1790 968 ac
1815 935 1942 968 demum

1198 1001 1254 1033 pro
1279 990 1400 1032 integra
1418 990 1513 1023 totins
1533 990 1673 1034 ltipcttac
1692 990 1808 1023 {abrica
1825 995 1853 1022 et
1870 1000 1943 1034 per-

1198 1043 1329 1076 l'cctionc
1355 1043 1549 1075 necessarias
1574 1043 1733 1077 subituros
1761 1043 1942 1082 obtulerint3

1198 1108 1269 1129 cum
1296 1097 1354 1129 boc
1380 1102 1494 1132 tmnen,
1514 1103 1545 1129 ut
1563 1097 1643 1130 dicta
1664 1097 1797 1140 plateola
1814 1107 1871 1140 per
1886 1107 1944 1130 nos

1198 1149 1298 1182 cidem
1333 1149 1479 1193 hospitali
1513 1150 1759 1183 mendicantium
1787 1150 1943 1190 donetur,

1198 1199 1305 1243 illique
1331 1200 1474 1243 exigendi
1500 1206 1527 1232 ct
1555 1201 1680 1243 exigere
1706 1200 1837 1233 laciendi
1853 1228 1860 1239 ,
1885 1211 1943 1245 pro

1199 1253 1268 1286 loco
1292 1253 1460 1296 praedictis
1486 1254 1716 1286 mercatoribus
1739 1253 1943 1297 assignando,

1199 1318 1256 1349 pro
1281 1307 1469 1350 quibuslibet
1495 1307 1544 1339 dic
1561 1313 1588 1339 ct
1607 1313 1699 1341 nocte
1717 1307 1827 1341 iulium
1845 1318 1942 1341 unum

1201 1359 1264 1392 ricc
1289 1366 1318 1392 ct
1344 1360 1413 1393 loco
1439 1360 1533 1399 illins,
1557 1372 1652 1404 qucm
1677 1361 1715 1393 ad
1740 1371 1888 1404 praesens
1912 1361 1943 1393 in

1199 1412 1280 1446 dicta
1308 1413 1431 1457 Ripctta
1462 1414 1588 1457 exigunt
1625 1414 1702 1452 (nbi
1736 1420 1943 1463 mercatores,

1200 1471 1327 1509 practer
1352 1466 1463 1499 iulium
1483 1477 1575 1510 quem
1593 1478 1651 1511 pro
1668 1478 1857 1512 unoquoque
1874 1468 1944 1502 loco

1199 1519 1398 1562 persolvunt,
1424 1519 1516 1552 ctiam
1549 1519 1634 1563 ligna
1664 1532 1722 1565 pro
1748 1521 1818 1564 igne.
1843 1526 1873 1554 ct
1896 1531 1946 1554 cx-

1201 1572 1301 1605 cubiis
1333 1573 1496 1606 nocturnis
1533 1573 1734 1607 contribuere
1765 1575 1943 1619 tenentur):

1201 1630 1363 1668 praetcrea
1389 1625 1465 1660 situs
1489 1631 1516 1659 et
1535 1626 1648 1660 domus
1667 1638 1721 1659 seu
1739 1626 1945 1661 domunculas

1201 1678 1376 1722 praedictas
1400 1690 1417 1710 a
1441 1679 1604 1723 quibusvis
1635 1680 1794 1724 personis,
1819 1691 1874 1714 sen
1899 1691 1946 1714 ec—

1201 1733 1314 1770 clesiis,
1340 1733 1556 1777 hospitalibus,
1582 1734 1796 1774 monasteriis,
1820 1739 1851 1767 ct
1875 1734 1944 1767 aliis

1202 1786 1279 1819 locis
1304 1786 1364 1830 piis
1378 1814 1385 1826 ,
1409 1787 1528 1831 absquc
1553 1798 1590 1820 co
1613 1787 1697 1831 quod
1714 1787 1831 1831 aliquid
1849 1798 1945 1831 augu-

1203 1841 1298 1875 menti
1329 1841 1413 1874 iuxta
1450 1842 1583 1874 sormam
1614 1841 1844 1876 constitutionis
1874 1841 1944 1886 piae

1204 1894 1373 1928 memoriae
1388 1895 1532 1938 Gregorii
1547 1895 1647 1939 Papae
1664 1894 1731 1929 Xlll
1749 1894 1842 1928 etiam
1859 1905 1946 1939 prae-

1203 1948 1377 1981 decessoris
1391 1948 1488 1981 nostri
1503 1959 1597 1992 super
1611 1949 1678 1981 iurc
1693 1949 1826 1992 congrui
1844 1949 1945 1982 editae

1203 2000 1383 2045 persolvere
1409 2006 1594 2039 teneantur,
1619 2002 1743 2035 emendi
1768 2001 1892 2035 licentia
1915 2007 1946 2035 et

1205 2055 1332 2088 l'acultas
1356 2054 1566 2094 concedatur,

1249 2110 1264 2152 ξ
1287 2108 1316 2142 ⁵2.
1342 2110 1444 2148 Quare
1468 2119 1542 2149 nos,
1567 2109 1756 2143 oblationem
1789 2109 1945 2143 dictorum

1205 2162 1495 2195 administratorum
1521 2168 1547 2195 ct
1575 2163 1755 2196 officialium
1785 2168 1947 2207 acceptan-

1206 2222 1260 2256 tes,
1283 2220 1311 2249 ct
1336 2226 1448 2249 noram
1475 2217 1630 2260 Ripcttam
1656 2216 1846 2257 huiusmodi,
1864 2217 1946 2250 iuxta

1206 2269 1389 2302 relationem
1409 2270 1532 2303 loannis
1545 2275 1572 2303 et
1587 2269 1687 2303 Caroli
1700 2269 1945 2313 praedictorum,

1205 2334 1298 2366 quam
1324 2322 1463 2366 primum
1500 2323 1568 2355 licri
1597 2328 1624 2355 ct
1650 2322 1749 2366 aptari
1786 2322 1945 2362 volentes,

1206 2386 1325 2408 necnon
1342 2377 1493 2419 platcolac
1512 2375 1689 2419 praedictae
1706 2374 1846 2408 rcriores
1857 2374 1945 2415 situs,

1205 2429 1354 2468 contines,
1381 2440 1553 2469 imnsuras,
1570 2428 1787 2472 quantitatem,
1807 2427 1946 2460 denomi-

1206 2481 1347 2514 nationes
1363 2487 1393 2514 ct
1410 2481 1558 2514 vocabula
1580 2480 1798 2524 praesentibus
1817 2491 1876 2523 pro
1897 2491 1947 2513 cx-

1205 2535 1322 2578 prcssis
1335 2535 1484 2568 habentes
1495 2561 1502 2574 ,
1516 2540 1602 2567 motu
1619 2534 1750 2578 proprio
1763 2537 1792 2567 ct
1810 2545 1845 2566 cx
1860 2537 1945 2567 certa

1206 2587 1334 2621 scicntia
1359 2589 1476 2628 nostra,
1501 2598 1535 2619 ac
1561 2587 1598 2620 dc
1623 2587 1811 2631 apostolicae·
1835 2592 1942 2631 potes-

1206 2642 1276 2674 tatis
1301 2640 1503 2684 plenitudino,
1529 2640 1630 2672 eidem
1657 2640 1800 2683 hospitali
1829 2641 1945 2672 incndi-

1953 306 2003 332 Aa.
2018 304 2046 332 C.
2067 304 2138 334 16¹⁴

1974 2118 2082 2146 approbat
2090 2118 2145 2140 Pon-

1960 2146 2017 2167 tifex.

1206 2694 1355 2732 cantium,
1381 2705 1414 2726 ac
1440 2704 1497 2736 pro
1523 2706 1559 2726 co
1584 2693 1891 2728 zultiiinistratoribus
1916 2701 1943 2727 ct
1967 2685 1976 2697 ’
