2293 3231
269 278 318 306 An.
336 279 366 306 C.
385 277 452 307 ¹622

315 1883 451 1905 Exacuonem

269 1913 338 1930 umen
360 1916 397 1936 pet·
419 1916 451 1931 ec-

267 1937 451 1958 clesiasticossien

267 1963 360 1984 mandat.

326 2626 454 2654 Episcopum

282 2655 447 2677 Salamantnnum

270 2685 412 2709 praesentium
422 2683 455 2703 tit-

500 269 564 304 716

469 381 540 413 dam
574 385 604 414 ut
637 381 714 412 inti-a
739 380 994 412 existimavimus.
1020 379 1126 422 Itaque
1141 406 1148 419 ,
1172 378 1210 410 de
1226 375 1229 418 ἶ
1244 391 1298 413 seu
1316 380 1404 421 alios,
1422 385 1604 424 praesentes
1619 380 1739 413 litteras
1755 385 1786 413 et
1805 380 1837 413 in
1853 380 1898 414 eis
1914 389 1987 414 con·
2000 395 2068 420 pum.

470 434 694 467 venerabilium
716 434 848 465 fratrum
869 440 1050 474 nostrorum
1076 432 1210 465 nonnul·
1226 427 1229 482 J
1244 439 1328 466 tenta
1351 443 1590 478 quaecumque,
1614 433 1668 467 ubi
1700 438 1731 467 et
1757 434 1883 478 quando
1905 444 1986 479 opus

470 489 571 521 lorum
597 488 626 521 S,
653 488 686 520 R.
713 488 744 520 E.
772 487 991 527 cardinalium,
1016 487 1131 531 quibus
1155 497 1210 520 ne-
1226 485 1229 527 i
1244 487 1348 528 suerit,
1373 492 1403 520 et
1427 487 1550 531 quoties
1568 497 1627 530 pro
1646 492 1736 530 parte
1759 489 1812 519 tua
1828 486 1924 520 suerit
1941 497 1989 521 re·

468 543 593 586 gocium
620 541 797 574 huiusmodi
824 547 945 574 mature
966 541 1229 574 examinandum.

469 602 496 628 et
509 595 599 627 nobis
612 594 810 627 referendum
827 594 1054 634 commisimus,
1069 595 1210 635 consilio,

468 658 578 681 omnes
595 654 625 680 et.
645 648 784 691 singulas
804 658 954 692 personas
972 649 1210 689 ecclesiasticas,

468 706 530 733 tam
555 701 712 734 seculares
736 711 830 744 quam
856 701 994 734 cuiusvis
1022 701 1143 735 ordinis
1167 702 1212 745 (et

468 754 654 797 praesertim
665 754 762 786 sancti
776 753 932 786 Benedicti
945 753 1210 799 etCisterciensis)

467 806 560 839 etiam
585 806 745 850 exempti,
779 817 814 839 ac
844 806 935 840 nobis
960 812 990 839 ct
1013 807 1211 850 Apostolicae

467 859 537 892 Sedi
552 860 731 893 immediate
745 860 886 902 subiecti,
900 861 1075 904 regulares,
1087 871 1210 894 necnon

467 914 657 946 monasteria
681 914 847 958 utriusque
868 925 970 955 sexus,
991 920 1164 948 conventus
1181 920 1212 948 et

467 968 600 1011 collegia
623 978 659 1000 ac
684 968 890 1001 ecclesiarum
915 968 1054 1012 capitula
1071 968 1146 1001 dicti
1164 979 1212 1002 re-

467 1020 539 1063 gui,
560 1025 589 1054 et
613 1021 644 1053 in
668 1021 779 1054 eodem
802 1031 902 1064 regno
927 1027 1161 1054 commorantes
1181 1027 1212 1055 et

467 1074 678 1115 consistentia,
688 1074 727 1107 ad
738 1074 961 1108 conferendam
972 1080 1002 1107 et
1013 1075 1212 1108 contribuen-

467 1127 539 1160 dam
564 1128 879 1172 proportionabiliter
903 1129 1067 1162 honestam
1091 1129 1211 1173 portio-

467 1192 555 1223 nem,
572 1182 656 1215 iuxta
676 1183 829 1226 cuiusque
853 1182 1033 1216 reddituum
1059 1183 1213 1227 quantita-

467 1240 541 1276 tem,
551 1235 593 1268 ita
606 1241 710 1268 tamen
722 1241 754 1268 ut
769 1240 836 1268 rata
846 1236 998 1279 cuiusque
1007 1236 1211 1270 ecclesiastici

468 1288 507 1322 sit
538 1289 642 1322 minor
673 1290 990 1333 proportionabiliter
1020 1301 1115 1334 quam
1145 1294 1211 1324 rata

468 1342 693 1386 cuiuscumque
710 1342 792 1383 laici,
805 1346 835 1376 et
850 1353 914 1376 non
933 1343 1019 1384 alias,
1035 1343 1137 1383 aliter,
1153 1354 1212 1378 nec

468 1395 528 1428 alio
553 1396 658 1435 modo,
675 1396 707 1428 in
727 1396 882 1430 solutione
899 1407 1043 1430 summae
1066 1398 1213 1440 pecunia-

467 1460 539 1482 rum
571 1450 773 1491 huiusmodi,
804 1450 977 1484 dummodo
1007 1456 1111 1484 tamen
1134 1451 1212 1484 haec

468 1512 590 1535 summa
616 1507 678 1537 tam
703 1504 741 1536 ab
765 1504 986 1537 ecclesiasticis
1003 1515 1099 1547 quam
1122 1504 1211 1537 laicis

468 1556 675 1599 persolvenda
695 1557 725 1588 in
744 1560 843 1590 totum
857 1562 984 1590 centum
1002 1557 1137 1590 millium
1158 1557 1212 1590 du-

468 1612 611 1642 catorum
636 1609 788 1642 similium
821 1620 885 1643 non
916 1610 1045 1643 excedat
1068 1621 1128 1654 pro
1152 1611 1212 1644 hac

469 1661 535 1694 vice
559 1668 589 1695 et
612 1673 670 1706 pro
694 1663 776 1696 dicta
799 1663 918 1697 fabrica
943 1664 1071 1697 navium
1101 1669 1212 1698 contra

467 1715 585 1758 piratas
609 1715 779 1758 dumtaxat,
797 1717 915 1761 absque
935 1718 999 1751 ulla
1023 1728 1078 1762 spe
1101 1728 1211 1762 proro-

468 1769 624 1811 gationis,
649 1771 749 1804 teneri
774 1776 804 1804 et
827 1771 983 1815 obligatos
1008 1782 1077 1804 esse
1101 1771 1211 1805 decer-

467 1832 582 1856 nimus.

511 1876 526 1919 g
550 1876 580 1909 4.
606 1877 756 1911 Volumus
781 1884 897 1920 autem,
914 1885 948 1913 ut
968 1879 1089 1913 exactio
1113 1885 1210 1920 ratae,

467 1940 524 1974 per
549 1930 674 1964 easdem
692 1942 845 1976 personas
863 1933 1091 1966 ecclesiasticas
1111 1933 1212 1967 conse-

467 1984 583 2017 rendae
600 1991 629 2018 et
646 1985 904 2027 contribuendae‚
922 1997 979 2030 per
998 1997 1150 2031 personas
1174 1988 1212 2021 si-

467 2037 584 2070 militer
609 2039 835 2072 ecclesiasticas
853 2045 972 2072 tantum
998 2052 1016 2072 a
1038 2041 1210 2074 venerabili

466 2091 562 2125 fratre
587 2092 740 2126 moderno
763 2092 911 2136 episcopo
927 2093 1139 2127 Salamantino
1161 2094 1212 2128 de-

466 2145 619 2189 putandas
643 2146 706 2187 liat,
731 2149 761 2179 et
784 2145 823 2179 ad
844 2146 1027 2180 huiusmodi
1051 2153 1137 2180 ratae
1163 2159 1211 2182 so-

467 2199 619 2232 lutionem
643 2199 720 2232 nulli
740 2200 980 2243 compellantur,
1000 2201 1054 2244 qui
1070 2201 1210 2235 redditus

467 2252 505 2284 ad
530 2253 740 2286 necessariam
765 2255 1024 2288 sustentationem
1049 2255 1211 2288 dumtaxat

467 2306 639 2348 possident,
663 2307 812 2350 quodque
836 2313 903 2340 rata
919 2318 936 2340 a
953 2307 1044 2341 dictis
1069 2308 1212 2341 ecclcsia—

467 2359 561 2400 sticis,
579 2365 613 2392 ut
636 2361 823 2403 praefertur,
848 2361 1051 2405 percipienda
1076 2361 1108 2394 in
1132 2362 1210 2395 alios

468 2422 564 2453 usus,
595 2423 689 2455 quam
719 2413 846 2446 navium
869 2414 1103 2458 praedictarum
1119 2442 1126 2455 ,
1151 2426 1210 2458 pro

467 2465 592 2508 quibus,
615 2471 649 2498 ut
672 2467 860 2510 praefertur,
877 2467 1098 2508 contribuitur,
1115 2469 1212 2501 nulla-

468 2522 558 2550 tenus
583 2525 805 2561 convertatur,
832 2531 928 2564 super
952 2532 1015 2564 quo
1039 2521 1210 2554 maiestatis

469 2575 539 2604 tuac
563 2574 785 2606 conscientiam
809 2585 987 2608 oneramus.

514 2625 528 2668 ἓ
546 2625 575 2658 5.
599 2627 752 2665 Quocirca
769 2628 870 2660 eidem
887 2629 1035 2672 episcopo
1052 2629 1212 2662 Salaman-

469 2678 534 2712 tino
552 2689 609 2723 per
632 2686 814 2724 praesentes
834 2681 1061 2716 committimus
1081 2687 1111 2715 et
1127 2691 1212 2715 man-

1052 279 1231 303 BULLARIUM
1255 278 1410 303 nmmum

469 338 528 361 nus
548 329 639 362 etiam
657 339 749 362 causa
770 332 798 362 et
816 328 900 360 salus
925 328 1039 370 agitur,
1064 327 1210 360 adiuvan-
1226 328 1229 370 ξ
1244 327 1366 367 damus,
1390 331 1544 371 quatenus
1568 326 1645 370 ipse,
1663 336 1722 371 per
1745 336 1789 368 se,
1803 327 1853 361 vel
1877 326 1984 368 alium,
1999 340 2092 360 terarum
2136 343 2186 360 m-

1243 541 1388 584 quisitus‚
1413 540 1596 574 solemniter
1620 539 1798 584 publicans,
1823 539 1915 573 faciat
1937 550 1989 574 au-

1244 595 1388 627 ctoritate
1412 596 1521 627 nostra
1545 594 1614 626 illas
1633 593 1672 626 ab
1688 593 1836 627 omnibus
1852 593 1890 626 ad
1908 603 1989 637 quos

1245 652 1364 692 spectat
1387 647 1611 681 inviolabiliter
1632 647 1809 687 observari;
1834 646 1990 680 contradi-

1245 705 1347 736 ctores
1371 701 1530 745 quoslibet
1553 707 1584 734 et
1607 701 1740 734 rebelles
1763 710 1821 744 per
1838 710 1989 734 censuras

1245 761 1275 788 et
1286 765 1403 798 poenas
1416 755 1655 795 ecclesiasticas,
1671 754 1794 798 aliaque
1808 759 1989 798 opportuna

1244 808 1323 842 iuris
1336 814 1367 842 et
1382 808 1452 842 sacti
1469 808 1618 849 remedia,
1635 808 1846 852 appellatione
1863 812 1990 852 postpo-

1244 861 1314 903 sita,
1332 861 1574 906 compescendo,
1590 861 1734 895 invocato
1750 861 1844 894 etiam
1861 860 1900 894 ad
1917 860 1988 902 hoc,

1244 915 1269 948 si
1287 925 1366 958 opus
1391 915 1494 956 suerit,
1519 914 1634 948 auxilio
1658 914 1780 948 brachii
1804 913 1965 948 secularis.

1288 968 1303 1011 ἓ
1327 968 1356 1002 6.
1382 969 1450 1001 Non
1474 968 1671 1001 obstantibus
1702 967 1777 1001 dicti
1806 967 1896 1010 regni
1925 972 1988 1000 sta-

1245 1021 1318 1054 tutis
1342 1026 1373 1054 et
1397 1021 1688 1062 consuetudinibus,
1707 1031 1743 1054 ac
1758 1020 1858 1054 felicis
1880 1031 1988 1055 recor·

1244 1075 1378 1110 dationis
1387 1076 1538 1110 Bonifacii
1547 1076 1647 1120 Papae
1657 1075 1722 1110 vtll
1735 1074 1989 1120 praedecessoris

1244 1130 1343 1164 nostri
1355 1130 1395 1164 de
1414 1133 1486 1171 una,
1503 1134 1534 1164 et
1552 1130 1584 1163 in
1603 1129 1737 1163 concilio
1753 1129 1892 1173 generali
1905 1129 1989 1162 edita

1244 1183 1282 1216 de
1313 1183 1439 1217 duabus
1467 1183 1578 1224 dietis,
1608 1183 1782 1217 dummodo
1812 1182 1896 1216 ultra
1924 1187 1990 1216 tres

1245 1237 1343 1270 dietas
1367 1237 1479 1281 aliquis
1502 1237 1689 1271 auctoritate
1711 1236 1926 1281 praesentium
1949 1235 1990 1269 ad

1246 1291 1396 1324 iudicium
1420 1301 1485 1325 non
1509 1291 1662 1331 trahatur,
1684 1291 1816 1335 aliisque
1842 1290 1990 1323 constitu-

1245 1345 1383 1379 tionibus
1396 1351 1426 1379 et
1435 1345 1685 1379 ordinationibus
1695 1344 1885 1389 apostolicis,
1894 1343 1989 1377 etiam

1246 1399 1277 1430 in
1301 1398 1466 1442 quibusvis
1490 1398 1691 1441 generalibus
1716 1397 1858 1431 conciliis
1879 1396 1988 1438 editis,

1244 1451 1417 1495 privilegiis
1437 1462 1574 1495 quoque,
1594 1451 1723 1484 indultis
1739 1455 1770 1484 et
1787 1450 1900 1483 litteris
1916 1460 1990 1494 apo-

1245 1505 1372 1545 stolicis,
1397 1505 1559 1549 personis,
1584 1504 1745 1549 capitulis,
1770 1502 1988 1545 monasteriis,

1245 1558 1460 1599 conventibus,
1470 1557 1612 1601 collegiis
1622 1562 1653 1591 et
1663 1557 1732 1590 aliis
1742 1556 1921 1601 praedietis,
1930 1555 1989 1590 sub

1245 1612 1499 1656 quibuscumque
1516 1611 1679 1645 tenoribus
1692 1616 1722 1643 et
1733 1610 1855 1650 formis,
1867 1620 1903 1643 ac
1916 1619 1989 1643 cum

1244 1665 1407 1709 quibusvis
1419 1666 1514 1699 etiam
1530 1664 1805 1708 derogatoriarum
1824 1663 1991 1707 derogato-

1245 1719 1311 1760 riis,
1325 1719 1456 1763 aliisque
1468 1718 1699 1752 efficacioribus
1715 1723 1745 1751 et
1762 1717 1896 1751 insolitis
1909 1717 1990 1751 clau-

1245 1773 1320 1806 sulis
1344 1784 1380 1806 ac
1404 1772 1611 1813 irritantibus,
1636 1771 1769 1816 aliisque
1791 1770 1938 1813 decretis,
1957 1771 1989 1805 in

1245 1837 1361 1870 genere
1374 1826 1422 1859 vel
1435 1827 1467 1859 in
1479 1825 1594 1870 specie,
1611 1836 1647 1859 ac
1660 1825 1735 1859 alias
1748 1825 1781 1858 in
1793 1825 1988 1859 contrarium

1245 1881 1494 1929 praemissorum
1502 1878 1990 1924 quomodolibetconcessis‚con-

1244 1934 1377 1967 firmatis
1401 1939 1432 1967 et
1455 1933 1645 1977 approbatis.
1669 1932 1789 1971 Quibus
1819 1932 1988 1973 omnibus,

1245 1988 1367 2021 etiamsi
1390 1997 1450 2031 pro
1473 1997 1584 2020 corum
1601 1986 1769 2020 sufficienti
1785 1986 1990 2029 derogatione

1244 2041 1282 2074 de.
1295 2041 1366 2082 illis,
1380 2051 1555 2084 eorumque
1569 2040 1641 2074 totis
1655 2039 1818 2073 tenoribus
1834 2039 1990 2083 specialis,

1244 2094 1400 2138 specifica,
1410 2104 1559 2138 expressa
1572 2098 1603 2127 et
1616 2092 1786 2134 individua,
1795 2103 1832 2126 ac
1841 2092 1880 2126 de
1892 2093 1989 2127 verbo

1244 2149 1282 2181 ad
1300 2149 1444 2190 verbum,
1463 2158 1527 2181 non
1546 2153 1651 2181 autem
1675 2158 1733 2192 per
1757 2147 1914 2181 clausulas
1937 2156 1990 2190 ge-

1243 2203 1367 2235 nerales
1381 2202 1464 2235 idem
1478 2202 1694 2245 imponantes,
1707 2201 1824 2235 mentio
1833 2211 1887 2234 seu
1898 2210 1991 2244 quae·

1244 2256 1290 2288 vis
1306 2255 1367 2288 alia
1383 2255 1545 2299 expressio
1562 2254 1717 2294 habenda,
1737 2257 1790 2288 aut
1803 2254 1908 2299 aliqua
1929 2253 1990 2286 alia

1245 2309 1399 2352 exquisita
1424 2310 1524 2341 forma
1547 2308 1586 2341 ad
1614 2308 1675 2341 lioe
1707 2306 1859 2340 servanda
1886 2306 1987 2348 foret,

1244 2372 1356 2395 eorum
1387 2361 1530 2394 omnium
1566 2366 1597 2394 et
1631 2361 1830 2404 singulorum
1862 2364 1989 2393 tenores

1245 2414 1464 2458 praesentibus
1479 2425 1538 2458 pro
1555 2414 1647 2457 plene
1667 2417 1696 2447 et
1719 2412 1911 2446 sufficienter
1934 2421 1989 2445 ex-

1245 2468 1373 2512 pressis,
1397 2478 1433 2500 ac
1457 2467 1495 2500 de
1519 2467 1616 2500 verbo
1640 2466 1679 2499 ad
1703 2465 1834 2499 verbum
1862 2464 1989 2498 insertis

1244 2522 1417 2562 habentes,
1446 2521 1507 2554 illis
1531 2521 1607 2554 alias
1631 2520 1663 2553 in
1686 2530 1743 2553 suo
1772 2518 1887 2552 robore
1915 2528 1989 2562 per-

1245 2575 1422 2615 mansuris,
1447 2575 1505 2608 hac
1529 2574 1596 2607 vice
1619 2573 1781 2606 dumtaxat
1811 2571 1989 2616 specialiter

1244 2633 1274 2661 et
1291 2638 1439 2672 expresse
1454 2628 1656 2670 derogamus,
1673 2625 1848 2669 ceterisque
1869 2629 1989 2661 contra-

1243 2681 1300 2714 riis
1323 2681 1583 2725 quibuscumque.

2001 276 2053 305 An.
2067 275 2098 305 C.
2114 274 2184 306 1⁶22

2001 368 2112 393 quaterem
2146 365 2186 387 do-

2003 977 2115 1000 Olntanti·
2124 977 2188 1001 toltit.
