2293 3231
899 261 993 287 mnzx
1018 262 1121 288 nssntm
1665 256 1728 293 849

332 309 405 346 tatis
436 319 611 357 coquorum
643 311 674 346 tn
699 312 834 348 ecclesia
867 314 913 348 Ss.
942 314 1099 349 vincentii
1128 319 1156 350 et
1182 315 1339 351 Anastasii
1364 317 1403 351 de
1427 316 1510 352 Urbe
1535 317 1597 354 416
1622 317 1638 352 b
1659 322 1691 353 et
1712 330 1773 366 seq.

334 363 457 398 Nuncio
481 366 647 399 committit
671 367 882 400 visitationem
908 367 1064 402 dioecesis
1087 368 1347 414 bambergensis,
1373 372 1434 405 417
1461 372 1487 405 b.
1512 371 1675 416 Approbat
1701 384 1774 407 con-

332 416 472 451 cordiam
497 418 578 451 inter
602 418 720 452 clerum
742 423 771 453 et
793 419 936 453 homines
954 422 1090 454 civitatis
1106 422 1312 466 Napolitanae
1330 434 1426 468 super
1442 425 1660 469 vectigalibus,
1679 427 1741 460 420
1755 438 1776 460 α

333 474 364 504 et
386 481 448 515 seq.
472 469 692 505 visitationem
717 472 826 506 indicit
843 473 1049 507 ecclesiarum
1069 479 1329 511 monasterIOrum
1352 481 1383 511 et
1402 477 1532 512 aliorum
1553 479 1691 513 locorum
1707 481 1774 523 pio-

332 532 402 557 rum
433 525 464 557 in
494 526 556 557 toto
585 523 702 558 ducatu
733 524 925 568 sabaudiae,
952 527 1014 560 422
1043 538 1062 560 α
1092 532 1123 562 et
1152 540 1214 574 seq.
1239 529 1472 564 Ecclesiasticis
1499 533 1589 575 regni
1619 532 1772 567 castellae

332 576 467 619 imponit
490 575 632 610 subsidia
657 578 908 612 extraordinaria
933 581 1002 622 regi
1026 590 1082 623 pro
1114 580 1298 616 defensione
1323 583 1500 627 religionis,
1526 585 1588 618 424
1613 596 1634 617 α
1658 590 1687 619 et
1711 597 1771 632 seq.

332 628 527 663 Beatificatio
552 630 631 663 Ven.
649 630 787 664 Thomae
803 640 821 665 a
838 631 1016 674 villanova,
1033 633 1096 666 426
1121 644 1139 666 α
1157 638 1187 668 et
1209 636 1270 669 453
1289 636 1316 668 b.
1342 640 1373 670 et
1393 636 1470 670 Ven.
1487 637 1624 681 Philippi
1648 638 1771 680 Benitii‚

332 681 396 716 427
421 692 441 715 a
464 685 496 716 et
518 693 579 727 seq.
604 683 716 717 Statuit
740 686 951 718 emolumenta
976 687 1134 729 magistris
1158 690 1430 722 caeremoniarum
1448 693 1478 723 et
1494 690 1563 723 aliis
1585 691 1772 725 officialibus

333 735 414 768 sacri
431 734 639 769 cardinalium
663 735 802 779 collegii,
823 737 886 770 432
910 748 928 769 a
954 742 982 771 et
1007 750 1068 783 seq.
1093 740 1291 775 Ferdinando
1316 743 1385 785 regi
1405 742 1610 786 Hunghariae
1628 745 1774 779 concedit

332 786 511 821 facultatem
543 787 711 822 militarem
738 788 892 823 Ordinem
916 790 1022 823 Matris
1045 791 1103 825 Dei
1127 794 1330 835 instituendi,
1355 795 1417 828 438
1443 795 1460 827 b
1485 799 1515 829 et
1538 807 1598 841 seq.
1627 796 1774 831 Declarat

332 843 363 873 et
386 840 533 883 praefinit
556 840 807 875 iurisdictionem
832 841 1072 877 Ordinariorum
1090 846 1122 878 in
1139 845 1251 879 fratres
1270 846 1529 890 Congregationis
1554 848 1679 882 Ioannis
1695 849 1772 893 Dei,

333 892 396 926 440
412 903 432 926 ιι
448 897 479 927 et
494 904 556 938 seq.
572 893 725 928 Concedit
741 897 891 939 episcopo
908 895 1113 939 Lugdunensi
1131 898 1310 932 facultatem
1328 901 1514 934 instituendi
1539 900 1700 936 Ursulinas
1716 913 1772 947 pro

332 947 538 980 instructione
563 947 750 990 puellarum,
778 948 838 981 445
863 948 879 981 b
904 952 933 982 et
957 960 1017 993 seq.
1044 949 1267 984 Venerabilem
1289 952 1473 986 Paschalem
1493 954 1621 998 Baylon,
1642 953 1772 989 Ordinis

331 998 487 1033 Minorum
504 999 534 1033 S.
552 999 713 1033 Francisci
737 1000 1016 1043 Discalceatorum,
1036 1002 1203 1037 Beatorum
1220 1014 1352 1038 numero
1370 1005 1530 1049 adscribit,
1548 1007 1607 1040 431
1626 1018 1645 1040 a
1663 1011 1693 1040 et
1711 1018 1772 1052 seq.

334 1052 372 1086 Et
395 1052 534 1086 osticium
550 1052 624 1095 diei,
642 1062 679 1086 ac
694 1055 823 1087 missam
839 1054 878 1087 de
896 1063 933 1087 eo
950 1057 1102 1097 permittit
1125 1058 1289 1100 celebrari,
1310 1057 1387 1091 ibid.
1406 1058 1629 1093 Venerabilem
1646 1070 1773 1105 quoque

331 1104 535 1138 Franciscum
554 1105 724 1139 Xaverium
744 1116 761 1139 e
786 1109 935 1140 societate
960 1107 1032 1141 Iesu
1057 1109 1139 1143 inter
1163 1110 1275 1144 Beatos
1299 1110 1502 1153 adnumerat,
1528 1112 1590 1145 454
1615 1113 1632 1145 b
1657 1116 1687 1146 et
1710 1123 1771 1157 seq.

333 1157 569 1191 Ferdinandum
599 1160 823 1202 imperatorem
855 1159 989 1194 absolvit
1020 1170 1037 1194 a
1069 1164 1212 1196 censuris
1242 1164 1281 1197 ad
1313 1164 1488 1206 cautelam,
1513 1165 1575 1198 455
1608 1165 1625 1198 b
1653 1168 1684 1199 et
1710 1175 1772 1210 seq.

331 1209 479 1243 Decimas
503 1219 522 1243 a
545 1219 654 1244 mensa
679 1212 851 1255 episcopali
875 1212 1019 1246 Plocensi
1042 1215 1074 1247 in
1103 1215 1230 1249 Polonia
1265 1220 1389 1260 separat
1414 1221 1444 1251 et
1474 1217 1618 1261 adiungit
1643 1227 1772 1251 mensae

331 1264 498 1307 capitulari
514 1273 570 1307 pro
587 1268 757 1308 augmento
772 1265 1037 1310 distributionum,
1055 1270 1116 1302 456
1133 1270 1190 1304 bet
1206 1282 1267 1315 seq.
1283 1271 1430 1305 Decimas
1444 1282 1499 1305 sex
1516 1282 1613 1316 super
1627 1272 1773 1307 omnibus

331 1316 486 1350 fructibus
510 1316 740 1352 beneficiorum
765 1323 796 1352 et
819 1321 1026 1363 pensionibus
1050 1325 1273 1357 ecclesiasticis
1304 1324 1411 1358 ltaliae
1440 1327 1587 1368 imponit,
1613 1326 1675 1359 459
1700 1337 1720 1358 a
1743 1329 1774 1359 et

331 1380 393 1414 seq.
407 1369 559 1404 Moniales
571 1370 786 1406 Discalceatas
803 1373 842 1406 de
855 1374 959 1408 Monte
977 1375 1120 1410 Carmelo
1136 1377 1319 1411 Bisuntinae
1334 1378 1488 1412 dioecesis
1502 1379 1612 1422 oppidi
1624 1378 1664 1411 de
1677 1378 1773 1422 Liege

331 1428 442 1461 eximit
457 1436 474 1461 a
492 1426 568 1462 cura
584 1428 816 1473 archiepiscopi
832 1429 986 1463 Bisuntini
1010 1434 1039 1463 et
1061 1433 1262 1474 superiorum
1280 1431 1530 1475 Carmelitarnm,
1547 1433 1609 1466 464
1627 1443 1647 1465 α
1663 1436 1694 1466 et
1711 1444 1773 1478 seq.

330 1481 490 1517 lndultum
513 1483 668 1517 recitandi
693 1484 832 1518 officium
857 1484 897 1517 de
921 1485 954 1518 B.
980 1486 1124 1519 Paschali
1155 1485 1273 1529 Baylon
1301 1486 1443 1519 extendit
1473 1486 1513 1519 ad
1542 1486 1662 1520 clerum
1678 1488 1773 1521 totius

329 1537 513 1583 Hispaniae,
531 1540 592 1573 466
612 1540 629 1572 b
645 1544 675 1573 et
698 1551 759 1585 seq.
783 1540 979 1575 Electionem
1004 1541 1196 1575 Ferdinandi
1212 1541 1239 1575 II
1264 1544 1295 1576 in
1320 1541 1546 1586 imperatorem
1560 1542 1774 1576 Romanorum

330 1595 504 1637 confirmat,
521 1596 583 1629 468
601 1606 630 1628 α.
655 1594 756 1640 Eique
774 1597 940 1639 prImarias
965 1605 1079 1639 preces
1104 1597 1266 1636 concedit,
1290 1597 1353 1629 472
1371 1608 1389 1629 a
1406 1601 1436 1630 et
1451 1608 1511 1641 seq.
1528 1597 1772 1632 Constitutiones

331 1647 462 1682 fratrum
487 1650 691 1682 eremitarum
715 1649 745 1682 S.
771 1649 939 1693 Augustini
963 1649 1224 1694 Congregationis
1249 1649 1358 1683 Italiae
1383 1650 1556 1692 confirmat,
1575 1652 1637 1684 470
1654 1662 1673 1685 a
1690 1656 1720 1686 et
1745 1653 1771 1687 b.

330 1702 579 1747 Archiepiscopo
610 1703 775 1737 Mexicano
799 1703 928 1737 mandat
951 1707 984 1737 ut
1009 1703 1240 1737 caeremoniale
1270 1713 1434 1737 romanum
1459 1705 1635 1738 introducat
1659 1706 1691 1738 in
1716 1716 1773 1740 sua

330 1755 488 1797 dioecesi,
515 1757 577 1790 471
604 1767 624 1789 a
648 1760 678 1790 et
701 1767 762 1802 seq.
786 1756 924 1791 Instituit
948 1757 1117 1801 collegium
1141 1757 1170 1790 S.
1191 1757 1319 1790 Antonii
1344 1757 1383 1790 de
1408 1758 1536 1791 Patavio
1561 1768 1618 1801 pro
1642 1760 1772 1793 studen-

330 1809 415 1844 tibus
438 1809 570 1844 fratrum
592 1809 749 1844 Minorum
769 1810 1031 1845 ConventuaHum
1056 1810 1086 1843 S.
1111 1811 1280 1852 Francisci,
1305 1811 1369 1844 477
1391 1810 1408 1843 b
1424 1814 1455 1844 et
1478 1821 1538 1855 seq.
1563 1811 1698 1856 Imponit
1722 1813 1774 1847 de-

330 1864 444 1897 cimam
468 1864 500 1897 in
524 1873 624 1908 regno
648 1863 838 1898 Germaniae
855 1864 894 1898 ab
911 1864 1136 1898 ecclesiasticis
1153 1874 1215 1897 uno
1232 1873 1313 1897 anno
1333 1863 1529 1906 solvendam,
1547 1865 1611 1898 479
1627 1875 1646 1897 α
1664 1869 1693 1899 et
1709 1876 1771 1911 seq.

241 1915 358 1951 Paulus
381 1916 525 1951 AEmilius
550 1917 809 1962 archiepiscopus
833 1917 1091 1961 Amalphitanus,
1116 1917 1316 1962 Apostolicae
1345 1917 1436 1952 Sedis
1461 1919 1492 1951 in
1517 1927 1616 1962 regno
1640 1918 1772 1962 Neapoli

330 1972 477 2013 nuncius,
502 1971 565 2005 420
589 1982 619 2004 α.

241 2023 374 2059 Peraiba
399 2023 465 2069 (de)
490 2025 656 2069 provincia
679 2028 844 2069 separatur
866 2024 906 2058 ab
931 2021 1063 2058 ecclesia
1089 2023 1119 2057 S.
1144 2023 1332 2066 Salvatoris,
1358 2024 1420 2058 274
1451 2035 1470 2057 α
1502 2028 1532 2058 et
1562 2026 1669 2059 unitur
1692 2035 1767 2069 pro-

329 2081 455 2114 vinciae
479 2079 519 2114 de
543 2079 772 2122 Pernambuco,
799 2080 860 2113 274
887 2079 912 2112 b.

241 2132 460 2168 Pernambuco
486 2133 552 2177 (de)
577 2135 742 2178 provincia
772 2135 804 2167 in
833 2133 932 2168 Indiis
965 2131 1225 2167 Occidentalibus
1249 2131 1289 2166 ab
1313 2131 1448 2166 ecclesia
1472 2132 1578 2166 Sancti
1601 2132 1771 2167 Salvatoris

329 2186 577 2221 dismembratur
601 2190 632 2221 et
655 2188 687 2221 in
712 2188 863 2221 vicariam
888 2189 1073 2230 perpetuam
1100 2187 1242 2229 erigitur,
1257 2186 1349 2229 9seq.
1371 2185 1489 2219 Vicarii
1505 2185 1668 2219 facultates
1689 2196 1770 2231 quae

329 2240 401 2282 sint,
427 2240 465 2273 11
493 2239 518 2274 b.
543 2239 681 2284 Populus
713 2244 744 2274 et
772 2239 877 2274 clerus
905 2244 935 2273 et
965 2241 1033 2283 ipse
1064 2240 1202 2273 vicarius
1235 2238 1318 2273 illius
1349 2240 1532 2282 provinciae
1559 2238 1771 2273 subiiciuntur

329 2294 479 2337 episcopo
503 2293 534 2327 S.
559 2293 730 2328 Salvatoris
754 2295 786 2327 in
814 2293 863 2326 his
891 2302 973 2337 quae
1005 2297 1075 2327 sunt
1102 2293 1242 2330 ordinis,
1267 2293 1307 2326 13
1333 2291 1358 2325 h.
1384 2291 1495 2325 Eidem
1520 2293 1672 2326 uniuntur
1695 2302 1769 2336 pro-

329 2347 454 2381 vinciae
484 2347 524 2381 de
559 2347 713 2390 Peraiba,
737 2347 910 2381 itamaraca
936 2350 967 2381 et
990 2346 1171 2392 Riogrande
1196 2350 1225 2380 et
1250 2346 1289 2380 de
1313 2346 1503 2387 Mar-anum,
1530 2346 1592 2380 274
1617 2346 1642 2379 b.

239 2400 351 2436 Petrus
373 2400 439 2445 (de)
461 2400 596 2442 Berulle‚
611 2400 778 2445 presbyter
797 2401 997 2443 Parisiensis,
1024 2402 1085 2435 206
1113 2401 1139 2434 b.
1156 2400 1193 2434 Ei
1209 2401 1412 2434 committitur
1428 2409 1503 2434 cura
1528 2399 1673 2443 erigendi
1690 2399 1770 2434 Con-

328 2456 547 2498 gregationem
572 2453 709 2489 Oratorii
733 2454 807 2489 Iesu
831 2454 960 2493 Christi.
987 2455 1047 2489 207
1073 2466 1102 2497 a,
1128 2458 1157 2488 et
1182 2456 1212 2488 in
1239 2456 1453 2499 praepositum
1477 2454 1662 2497 generalem
1685 2454 1769 2489 illius

329 2508 515 2552 deputatur,
534 2508 596 2542 207
615 2509 632 2541 b
649 2518 721 2542 cum
737 2508 884 2542 facultate
905 2508 981 2542 alias
1001 2508 1181 2542 huiusmodi
1198 2508 1465 2551 Congregationes
1482 2507 1641 2552 erigendi,
1660 2507 1722 2541 208
1739 2519 1768 2551 a,

328 2570 410 2606 quae
434 2571 453 2595 a
477 2561 648 2596 Parisiensi
673 2561 855 2606 dependere
880 2561 1038 2605 debeant,
1064 2562 1126 2595 208
1152 2562 1178 2595 b.
1213 2561 1276 2605 Ipsi
1302 2563 1396 2595 etiam
1423 2560 1571 2606 illiusque
1598 2570 1764 2595 suecesso-

325 2613 414 2648 ribus
439 2616 606 2648 commissa
629 2615 687 2649 fuit
716 2624 791 2649 cura
815 2615 998 2649 monialium
1030 2614 1270 2649 Carmelitarum
1300 2614 1570 2649 Discalceatarum
1600 2615 1633 2650 in
1665 2624 1764 2660 regno
1814 2620 1818 2621 ⁷

327 2667 489 2712 Franciae,
514 2669 577 2703 505
601 2679 622 2702 a
644 2673 676 2703 et
698 2668 726 2703 b.

380 2732 459 2762 Bun.
478 2732 562 2763 Rom.
576 2747 612 2754 —
633 2732 692 2762 Vol.
711 2731 778 2760 XII.
923 2730 972 2759 107
