2293 3231
41 292 91 320 Αη.
108 293 138 319 C.
159 290 224 318 1612

863 284 981 309 munis
1006 284 1025 307 V
1050 284 1097 307 PP.

239 342 272 370 ut
285 346 389 380 supra,
406 335 529 368 notario
544 339 665 366 scutum
684 343 791 373 unum,
806 333 910 375 sigillo
926 334 976 365 bo-

239 390 353 423 noneni
368 388 598 432 vigintiseptcm
617 399 687 421 cum
705 388 843 419 dimidio.

284 444 334 477 09.
361 444 421 476 Pro
436 443 581 475 mandato
595 443 632 475 de
646 441 809 474 retinendo
822 446 977 479 amiatam,

241 497 363 530 notario
373 501 495 529 scutum
506 506 613 536 unum,
622 495 723 538 sigillo
737 499 860 527 scutum
870 504 977 526 uumn.

287 550 336 584 70.
364 550 507 582 Patentes
532 549 615 593 quod
640 549 742 581 soluto
773 548 888 580 damno
917 557 979 579 non

244 608 386 636 teneatur
396 603 433 635 ad
448 613 659 646 poenam,pro
676 612 737 634 uno
751 602 814 633 sive
827 600 980 644 pluribus,

242 661 276 689 ut
301 667 415 700 supra,
440 656 564 689 notario
589 655 655 688 iulii
686 654 853 694 undecim,
879 653 981 695 sigillo

244 710 311 742 iulii
335 709 491 742 undecim.

292 762 342 795 711.
365 762 509 795 patentes
538 761 668 794 faciendi
701 765 872 793 mereatum
889 786 896 799 ,
928 770 983 791 seu

244 815 408 857 nundinas,
434 816 557 848 notario
581 815 646 847 iulii
672 814 855 857 vigintiduo,
881 813 983 856 sigillo

246 869 311 901 iulii
336 869 491 902 undecim.

291 923 341 956 72.
367 924 509 956 Patentes
526 922 564 954 ad
581 919 718 954 favorem
744 921 984 954 conducentium

248 976 403 1018 graseiam
425 975 462 1008 ad
479 975 607 1015 Urbem,
624 974 747 1007 notario
765 974 830 1006 iulii
848 974 986 1017 quinque

248 1040 320 1062 cum
345 1029 496 1069 dimidio,
521 1029 624 1071 sigillo
648 1028 804 1061 bononem
831 1027 987 1070 vigintise-

247 1087 332 1126 ptem
351 1093 422 1114 cuni
442 1081 582 1115 dimidio.

294 1135 344 1168 73.
369 1135 512 1168 Patentes
526 1135 737 1168 concessionis
753 1134 834 1167 arcis
851 1134 897 1166 vel
916 1133 988 1166 alio-

249 1199 319 1222 rum
341 1189 507 1229 bonorum,
532 1189 655 1221 notario
681 1188 745 1220 iulii
771 1188 927 1227 umlecim,
952 1187 989 1219 si-

250 1242 325 1284 gillo
342 1241 408 1274 iulii
424 1241 579 1274 undecim.

296 1295 346 1328 74.
372 1296 516 1328 Patentes
533 1295 691 1339 aperiendi
717 1295 902 1339 apothecam
922 1294 989 1326 har-

252 1349 430 1389 bitonsoris‚
455 1349 577 1381 notario
603 1349 667 1381 iulii
693 1348 860 1387 undecim,
886 1348 989 1390 sigillo

254 1402 318 1434 iulii
342 1402 498 1435 undecim.

298 1455 347 1487 75.
374 1455 516 1487 Patentes
540 1454 698 1487 deserendi
724 1465 811 1486 arma
828 1465 885 1497 pro
904 1454 992 1486 mini-

253 1509 325 1541 stris
350 1514 379 1541 et
403 1508 650 1552 appaltatoribus
674 1505 891 1547 cameralilms,
910 1513 993 1539 uota-

253 1562 300 1594 rio
317 1567 440 1594 scutum
458 1572 566 1601 unum,
579 1561 682 1603 sigillo
700 1566 822 1593 scutum
841 1572 947 1593 unuin.

299 1614 348 1647 76.
375 1616 517 1648 Patentes
549 1615 586 1646 ad
618 1616 754 1647 lavorcm
787 1615 992 1647 deti-rentium

255 1679 367 1701 aurum
392 1679 446 1701 seu
471 1668 659 1711 margaritas
683 1668 721 1700 ad
747 1668 862 1701 Urbem
887 1673 916 1700 et
932 1669 995 1701 Sta-

257 1727 322 1754 tum
347 1722 611 1762 Ecclesiasticum,
636 1722 759 1755 notario
774 1722 837 1753 iulii
857 1722 994 1765 quinque

256 1786 327 1808 eum
336 1775 477 1814 dimidio,
487 1775 589 1818 sigillo
598 1775 754 1808 bononeni
766 1775 857 1815 vigint
865 1775 993 1818 iseptem

256 1839 327 1860 cum
344 1828 483 1861 dimidio.

302 1881 352 1914 77.
378 1881 521 1914 Patentes
545 1881 757 1914 concessionis
774 1882 868 1913 ossif-ii
888 1891 997 1925 proxe-

256 1940 346 1968 netae
363 1936 458 1978 Ripae
476 1936 506 1967 in
523 1945 656 1968 numero
670 1935 929 1979 vigintiquinque,
946 1946 998 1967 no-

257 1989 338 2022 tario
354 1989 420 2022 iulii
445 1989 629 2032 vigintiduo,
647 1989 750 2031 sigillo
767 1994 853 2022 scuta
869 1989 999 2032 quadra-

259 2042 344 2085 ginta
359 2043 426 2076 auri
443 2043 474 2075 in
491 2054 577 2076 auro.

305 2095 355 2138 78.
382 2096 524 2129 Patentes
556 2095 767 2128 concessionis
797 2095 891 2128 oflicii
915 2101 1000 2128 nota-

262 2149 360 2182 riatus
385 2150 492 2189 Rotae,
509 2160 545 2181 cx
571 2149 632 2181 illis
656 2149 821 2181 duodecim
847 2149 885 2181 ad
903 2148 1000 2181 cardi—

261 2201 364 2234 nalem
389 2201 597 2234 camerarium
623 2201 851 2244 spectantibus,
877 2201 999 2234 notario

263 2255 327 2287 iulii
348 2255 504 2295 undecim,
522 2255 625 2297 sigillo
650 2260 735 2286 scuta
753 2254 1000 2298 vigintiquinque

263 2309 331 2342 auri
355 2308 385 2341 in
409 2319 495 2341 auro.

308 2363 359 2396 79.
383 2361 557 2401 Quietantia
580 2361 785 2401 decimarum,
803 2361 849 2394 vel
874 2361 1002 2394 alterius

264 2415 410 2456 subsidii,
434 2426 492 2459 pro
516 2425 595 2455 uno,
620 2415 742 2447 notario
772 2414 836 2447 iulii
866 2415 1002 2458 quinque

265 2480 337 2502 cum
359 2469 506 2509 dimidio,
529 2468 632 2511 sigillo
664 2467 821 2500 bononeni
850 2467 1004 2509 vigintisc-

266 2528 351 2567 ptem
369 2533 441 2556 cum
458 2522 607 2561 dimidi03

312 2574 363 2608 80.
389 2576 449 2608 Pro
474 2575 559 2608 clero
575 2578 605 2608 et
621 2575 767 2618 capitulo,
785 2574 831 2606 vel
852 2573 1004 2617 pluribus,

268 2628 390 2662 notario
407 2628 474 2661 iulii
491 2629 647 2669 undecim,
665 2628 767 2670 sigillo
785 2627 850 2660 iulii
867 2627 1005 2670 quinque

270 2693 341 2716 cum
358 2681 498 2715 dimidio.

1054 332 1104 362 at.
1129 330 1302 369 Quietantia
1327 338 1438 361 census
1463 328 1555 360 unius
1579 327 1665 367 anni,
1691 338 1748 370 pro

1012 395 1073 416 uno
1090 395 1144 416 seu
1159 383 1302 426 pluribus
1320 381 1530 421 consortibus,
1543 380 1665 414 notario
1684 380 1748 412 iulii

1012 438 1172 477 tredecim,
1191 437 1292 478 sigillo
1312 437 1376 468 iulii
1394 435 1640 479 quatuordecim.

1058 491 1108 524 δι).
1134 491 1306 530 Quietantia
1338 491 1428 523 unius
1457 488 1660 533 quindennii,
1694 498 1750 531 pro

1014 555 1075 576 uuo
1100 545 1164 577 sive
1189 544 1342 588 pluribus,
1367 543 1579 582 universitate,
1598 542 1643 574 vel
1670 541 1752 584 capi-

1015 598 1089 636 tulo,
1114 597 1237 629 notario
1262 597 1326 629 iulii
1352 596 1540 636 duodecim,
1558 595 1660 637 sigillo
1686 593 1750 626 iulii

1015 651 1190 683 duodecim,

1061 704 1111 737 83.
1136 705 1291 738 Remissio
1317 704 1498 737 caducitatis
1529 704 1559 735 in
1588 703 1680 746 plena
1705 712 1755 734 ca-

1018 760 1114 798 mera,
1138 769 1197 801 pro
1221 768 1283 790 uno
1308 758 1354 790 vel
1380 758 1522 801 pluribus
1546 755 1754 795 consortibus,

1017 812 1140 844 notario
1159 812 1223 844 iulii
1241 812 1424 854 vigintiduo,
1442 811 1545 853 sigillo
1571 810 1637 842 iulii
1661 808 1756 841 unde-

1019 865 1089 897 cim.

1064 918 1115 951 84.
1141 918 1423 960 Salvuseomluctus
1447 928 1505 961 pro
1536 917 1616 955 navi,
1634 917 1757 950 notario

1020 971 1085 1003 iulii
1102 972 1258 1011 undecim,
1277 971 1379 1014 sigillo
1397 971 1461 1003 iulii
1480 971 1635 1003 undecim.

1065 1024 1116 1057 85.
1142 1025 1271 1068 Rogitus
1284 1024 1503 1068 praestationis
1518 1024 1683 1057 iuramenti
1701 1034 1758 1067 pro

1022 1078 1177 1122 computis
1194 1078 1374 1116 solidandis,
1392 1083 1420 1110 et
1439 1078 1499 1110 tide.
1525 1077 1618 1117 illius,
1636 1078 1759 1110 notario

1022 1131 1087 1163 iulii
1105 1132 1243 1175 quinque
1260 1143 1331 1164 cum
1350 1131 1489 1164 dimidio.

1066 1183 1117 1217 86.
1144 1184 1204 1217 Pro
1229 1184 1399 1227 quietantia
1417 1183 1602 1227 apponenda
1620 1184 1650 1215 in
1676 1193 1760 1215 man-

1023 1237 1101 1270 datis
1126 1238 1164 1270 dc
1189 1238 1349 1277 solvendo,
1366 1248 1428 1270 uon
1454 1243 1556 1270 tamen
1582 1237 1761 1276 ordinariis,

1022 1292 1144 1323 notario
1169 1291 1234 1323 iulii
1259 1292 1321 1323 duo
1338 1302 1396 1334 pro
1418 1290 1554 1334 quolibet
1574 1291 1762 1325 centeiiai·i‹1i;

1024 1356 1082 1388 pro
1100 1344 1276 1377 ordinario¹
1296 1354 1380 1385 vero,
1398 1344 1484 1376 nibil.

1070 1397 1121 1430 87.
1148 1398 1208 1431 Pro
1232 1398 1409 1441 patentibus
1434 1396 1683 1430 confirmationis
1708 1401 1764 1428 sta-

1026 1452 1107 1491 tuti,
1132 1457 1162 1484 ct
1187 1452 1415 1496 capitulorum,
1441 1451 1505 1483 sive
1536 1462 1593 1494 pro
1618 1450 1764 1494 privatis,

1028 1505 1091 1538 sivc
1108 1517 1166 1549 pro
1182 1506 1326 1548 collegio,
1345 1506 1391 1537 vel
1414 1505 1626 1544 universitate,
1644 1503 1765 1536 notario

1028 1559 1091 1590 iulii
1110 1559 1267 1598 undecim,
1285 1559 1389 1602 sigillo
1407 1559 1472 1590 iulii
1491 1558 1645 1590 undecim.

1072 1610 1123 1643 88.
1150 1612 1209 1644 Pro
1233 1612 1412 1655 patentibus
1436 1610 1684 1644 confirmationis
1704 1610 1767 1641 ossi-

1028 1664 1149 1697 ciorum
1175 1675 1229 1697 seu
1253 1665 1409 1698 bonorum
1435 1675 1596 1701 emnerac,
1622 1674 1680 1707 pro
1706 1673 1767 1694 imo

1030 1718 1075 1749 vcl
1101 1717 1254 1761 pluribus,
1280 1723 1313 1750 ut
1337 1729 1451 1761 supra,
1476 1717 1599 1750 notario
1625 1717 1690 1748 iulii
1716 1726 1769 1748 un-

1030 1771 1142 1810 decim⁷
1157 1771 1260 1813 sigillo
1278 1771 1343 1802 iulii
1358 1771 1513 1803 undecim.

1074 1825 1125 1858 89.
1152 1825 1212 1857 Pro
1236 1824 1414 1868 patentibus
1438 1823 1646 1867 deputationis
1677 1822 1769 1854 alicu-

1032 1878 1078 1910 ius
1103 1878 1254 1918 officialis,
1271 1878 1393 1910 notario
1411 1878 1475 1909 iulii
1490 1877 1647 1917 undecim,
1665 1876 1768 1918 sigillo

1032 1931 1097 1963 iulii
1121 1931 1276 1964 undecim.

1076 1985 1127 2018 90.
1152 1985 1212 2018 Pro
1242 1985 1354 2017 litteris
1385 1984 1593 2017 cameralibus
1626 1983 1771 2021 iustitiae,

1032 2049 1090 2081 pro
1114 2049 1176 2071 uno
1202 2039 1249 2070 vel
1274 2038 1416 2082 pluribus
1434 2037 1643 2076 consortibus,
1668 2041 1701 2068 ut
1726 2046 1773 2067 su-

1032 2103 1100 2135 pra,
1117 2092 1240 2125 notario
1258 2092 1323 2124 iulii
1338 2091 1476 2135 quinque
1493 2102 1563 2123 eum
1581 2090 1722 2130 dimidio,
1737 2089 1773 2120 si-

1033 2147 1108 2189 gillo
1125 2146 1283 2178 bononem
1298 2145 1528 2188 vigintiseptem
1546 2154 1617 2176 cum
1631 2143 1771 2175 dimidio.

1078 2200 1129 2232 91.
1154 2199 1331 2232 Mandatum
1357 2199 1394 2230 de
1419 2197 1611 2230 admittendo
1637 2197 1772 2239 aliquem

1035 2253 1071 2285 ad
1089 2253 1227 2286 osticium
1245 2257 1436 2292 cursoratus,
1454 2250 1576 2283 notario
1595 2249 1660 2281 iulii
1679 2248 1773 2281 unde-

1035 2307 1107 2347 cim,
1125 2307 1228 2349 sigillo
1246 2305 1312 2338 iulii
1326 2305 1482 2338 undecim.

1079 2360 1130 2392 92.
1154 2360 1298 2392 Patentes
1321 2369 1392 2391 cum
1415 2358 1586 2391 insertione
1603 2358 1775 2400 Motuspro-

1036 2413 1095 2457 prii
1135 2412 1200 2445 sive
1231 2412 1338 2445 Brevis
1375 2412 1406 2444 in
1439 2413 1565 2444 camera
1603 2411 1775 2455 apostolica

1038 2466 1237 2510 praesentati,
1258 2476 1315 2509 pro
1340 2475 1402 2498 uno
1427 2465 1491 2497 sivc
1507 2464 1661 2508 pluribus,
1680 2468 1713 2496 ut
1730 2474 1778 2496 su—

1038 2530 1106 2563 pra,
1122 2519 1245 2552 notario
1263 2519 1327 2551 iulii
1345 2518 1502 2559 undecim,
1520 2518 1623 2561 sigillo
1641 2517 1707 2549 iulii
1723 2527 1777 2549 un-

1038 2573 1148 2606 decim.

1077 2689 1085 2714 1
1101 2688 1197 2723 Aptius
1212 2687 1409 2722 iegereturpro
1422 2687 1462 2714 vel
1474 2688 1503 2715 in
1515 2686 1678 2715 ordinariis
1688 2686 1789 2722 (R.T.).'

1646 270 1711 302 ‘t‘tss
1757 279 1805 305 An.
1823 279 1849 305 C.
1873 279 1939 305 1612
