2293 3231
95 328 146 356 An.
163 327 192 356 C.
208 328 276 356 ยน622

114 811 228 838 Gregorius
242 812 283 834 hoc

96 837 153 859 idem
169 839 196 860 ab
215 840 283 860 eccle-

96 864 188 886 stastieis
219 871 282 892 prae-

96 891 149 912 stari
164 893 274 918 permittit.

901 328 1080 353 GREGORIUS
1103 328 1146 352 XV
1170 328 1218 352 PP.

295 379 326 409 et
341 374 462 408 facilius
482 375 686 417 conficienda,
706 375 894 416 obtulerin13
915 387 1036 410 omnes-

293 439 355 473 que
366 429 449 469 laici,
463 429 690 473 cuiuscumque
703 429 830 473 gradus,
844 434 952 470 status,
965 441 1036 463 con-

294 481 420 515 ditionis
433 487 463 515 et
479 483 756 526 praeeminentiae,
771 483 879 515 eadem
896 482 1035 515 subsidia

294 534 334 568 ad
357 535 532 578 praedictas
548 536 669 579 species
687 540 813 568 extensa
836 536 1036 569 contribuere

295 592 326 620 ct
350 588 504 630 gahellam
529 598 584 621 seu
608 588 707 621 Sisam
732 588 853 621 solvere
886 588 1036 630 debeant,

295 651 397 685 neque
410 641 492 674 ullus
505 641 653 674 immunis
666 642 791 675 futurus
808 642 847 676 sit
863 647 914 674 aut
931 652 1037 675 exeni-

295 698 379 738 ptus,
403 698 517 738 tuaque
541 694 687 728 maiestas
706 695 783 728 haec
807 695 897 728 nobis
921 695 1038 738 signifi-

297 747 431 780 caverit:

342 801 357 844 5
376 800 406 833 4.
423 801 496 842 Nos,
509 806 689 846 promptam
707 807 736 835 et
756 801 899 836 devotam
917 812 1039 836 eorum-

297 853 369 886 dem
387 864 560 897 regnorum
579 859 609 889 et
632 855 829 888 subditorum
855 860 981 888 tuorum
1006 855 1037 887 in

298 909 328 940 te
352 907 565 948 voluntatem,
594 907 647 951 qui
683 907 845 940 facultates
876 918 948 940 suas
979 918 1037 951 pro

298 959 452 993 catholica
488 960 641 1003 religione
679 960 821 993 conferre
855 959 1037 1000 intendunt,

299 1012 566 1053 commendantes,
590 1012 673 1056 quia,
699 1012 778 1045 sicut
799 1012 893 1045 ctiam
917 1012 1038 1056 accepi-

298 1076 379 1106 mus,
397 1065 423 1098 si
448 1065 665 1099 tantummodo
684 1065 756 1098 laici
773 1065 913 1098 subsidia
929 1065 973 1098 sic
990 1076 1039 1098 ex-

298 1124 386 1152 tensa
399 1119 645 1160 connumerent,
658 1123 688 1152 et
701 1119 854 1161 gabellam
868 1129 922 1151 seu
939 1118 1037 1151 Sisam

297 1172 491 1216 praedictam
505 1171 774 1213 solverent,nimis
786 1172 882 1215 longo
895 1176 1039 1215 tempore

298 1235 422 1258 summa
434 1225 595 1269 praedicta
611 1225 829 1265 conficeretur,
841 1229 870 1257 et
886 1225 1037 1257 laicorum

297 1278 459 1311 facultates
483 1277 522 1310 ad
545 1288 701 1311 summam
726 1277 906 1311 huiusmodi
930 1277 1038 1310 decem

298 1336 329 1365 et
352 1336 424 1364 octo
448 1330 644 1371 millionum,
668 1336 702 1364 ut
726 1331 921 1374 praefertur,
947 1330 1041 1364 confi-

299 1384 441 1418 ciendam
459 1384 588 1417 minime
602 1389 786 1428 suppetunt,
802 1394 871 1425 nos,
880 1384 919 1416 ad
936 1384 1041 1417 ortho-

299 1437 399 1471 doxae
422 1437 495 1470 fidei
521 1436 752 1470 conservandae
770 1442 799 1470 et
817 1437 1040 1481 propagandae

299 1491 412 1532 zelum,
429 1501 465 1524 ac
477 1490 669 1534 singularem
688 1490 719 1523 in
736 1490 829 1523 fidem
846 1490 1039 1534 praedictam

299 1544 513 1585 devotionem,
537 1544 660 1588 aliaque
684 1544 828 1578 catholici
853 1544 1040 1587 cognomine

299 1597 420 1642 optimo
439 1597 508 1630 iure
532 1596 672 1640 insigniti
692 1597 776 1640 regis
796 1597 958 1641 praeclara
975 1608 1041 1630 me-

298 1651 370 1692 rita,
385 1661 464 1695 quae
488 1651 520 1683 in
544 1651 705 1685 maiestate
727 1651 779 1683 tua
800 1650 924 1684 caelesti
941 1651 1041 1694 gratia

299 1704 512 1749 resplendent,
536 1709 684 1748 paternae
705 1703 875 1747 dirigentes
899 1704 1041 1737 conside-

299 1757 431 1791 rationis
443 1757 601 1798 intuitum,
614 1757 723 1790 eadem
740 1757 878 1790 subsidia
892 1768 927 1790 ex
940 1757 1041 1790 causis

300 1810 467 1856 expressis,
485 1814 514 1844 et
537 1810 650 1850 adhuc,
665 1815 699 1843 ut
722 1810 911 1853 praefertur,
929 1809 1043 1842 duran-

300 1863 393 1907 tibus,
410 1863 466 1897 tibi
491 1863 593 1897 oblata
613 1863 805 1903 huiusmodi,
823 1873 880 1906 per
896 1863 1042 1895 ecclesia-

300 1917 393 1951 sticas
403 1927 554 1961 personas
563 1916 748 1957 adiuvanda,
760 1921 794 1949 ut
802 1916 883 1949 infra
891 1916 1041 1960 sequitur,

301 1970 556 2004 existimavimus.
574 1970 659 2003 Motu
676 1969 781 2014 itaque
797 1969 938 2014 proprio,
959 1975 988 2002 et
1005 1980 1041 2002 ex

302 2026 389 2058 certa
420 2024 567 2065 scientia,
596 2035 632 2057 ac
664 2025 787 2057 matura
818 2023 1043 2056 deliberatione

302 2077 433 2118 nostris,
458 2077 559 2121 deque
582 2077 772 2122 apostolicae
795 2077 958 2121 potestatis
982 2078 1043 2120 ple-

302 2131 454 2171 nitudine,
473 2141 582 2164 omnes
601 2136 631 2164 et
654 2131 793 2174 singulas
817 2130 1042 2164 ecclesiasticas

302 2194 471 2228 personas,
496 2188 560 2216 tam
590 2184 748 2217 seculares
780 2194 874 2228 quam
906 2183 1043 2216 cuiusvis

304 2237 439 2278 Ordinis,
452 2237 545 2271 etiam
563 2237 699 2281 exempti
713 2242 743 2270 et
759 2237 955 2281 Apostolicae
972 2236 1042 2269 Sedi

304 2290 483 2324 immediate
499 2289 642 2330 subiecti,
655 2291 827 2333 regulares,
844 2290 1042 2330 monasteria,

305 2348 486 2385 conventus,
504 2348 535 2376 et
551 2343 692 2386 collegia,
717 2353 752 2376 ac
777 2343 981 2376 ecclesiarum
998 2354 1044 2376 ca-

305 2397 404 2442 pitula
428 2407 600 2440 regnorum
624 2396 871 2440 praedictorum,
889 2402 917 2429 et
935 2396 966 2429 in
983 2397 1043 2429 eis-

306 2450 377 2484 dem
396 2450 503 2494 regnis
527 2450 756 2483 commorantia
778 2455 808 2482 et
833 2450 1042 2492 consistentia,

305 2503 345 2537 ad
369 2503 592 2537 eonferendum
622 2507 651 2535 et
679 2502 942 2536 contribuendum
973 2514 1044 2547 pro-

306 2556 568 2601 portionabiliter,
594 2561 624 2588 et
647 2566 709 2589 non
733 2555 818 2596 alias,
843 2561 937 2600 prout
961 2556 1043 2597 laici,

306 2609 339 2642 in
373 2609 464 2642 dictis
495 2609 642 2642 subsidiis
670 2609 709 2642 ad
738 2619 834 2642 novas
862 2609 1044 2642 huiusmodi

307 2662 427 2706 species
450 2663 606 2704 extensis,
631 2663 786 2696 mediante
810 2663 965 2696 solutione
989 2674 1043 2706 ga-

305 2716 406 2751 bellae
429 2727 485 2750 seu
508 2716 602 2761 Sisae,
623 2717 807 2752 eorumdem
831 2716 1042 2752 subsidiorum

1069 377 1180 416 causa,
1211 385 1305 419 super
1329 374 1486 418 piscibus,
1508 373 1646 407 candelis
1660 400 1667 414 ,
1692 383 1783 407 caseo
1798 401 1805 413 ,

1069 439 1186 473 sapone
1217 434 1244 461 ct
1277 428 1345 460 aliis
1374 428 1469 460 rebus
1499 426 1747 460 comestibilibus
1776 426 1807 459 in

1070 481 1236 526 praedictis
1254 481 1359 524 regnis
1375 480 1559 523 colligendis
1578 484 1608 512 et
1622 489 1808 512 consumen-

1070 535 1117 568 dis
1142 533 1363 573 extendendae,
1388 544 1442 566 seu
1467 533 1571 566 forsan
1597 536 1752 572 extensae,
1777 537 1808 564 et

1070 598 1165 632 super
1179 588 1215 620 iis
1233 587 1407 630 impositae,
1427 587 1559 619 durante
1575 591 1680 619 tamen
1697 585 1807 619 eodem

1071 641 1220 674 sexennio
1244 640 1420 680 dumtaxat,
1445 645 1475 672 et
1499 650 1560 672 non
1585 640 1684 681 ultra,
1711 639 1808 671 teneri

1071 699 1101 726 et
1125 693 1279 736 obligatos
1297 703 1363 725 esse
1381 694 1457 736 (non
1474 698 1578 725 tamen
1595 691 1698 736 quoad
1713 691 1809 725 dictas

1072 756 1178 779 rerum
1204 746 1333 789 species,
1351 756 1427 789 quas
1452 756 1489 778 ex
1513 745 1651 789 propriis
1675 743 1809 777 terrenis

1072 810 1126 831 seu
1151 798 1280 832 decimis
1305 803 1356 830 aut
1380 798 1448 830 aliis
1473 798 1725 841 quibuscumque
1743 797 1810 830 red-

1072 851 1188 884 ditibus
1207 851 1354 895 propriis,
1380 861 1436 894 per
1460 861 1502 891 se,
1527 851 1575 883 vel
1599 851 1691 891 alios,
1716 850 1809 884 etiam

1072 904 1262 937 assictuarios
1276 914 1360 944 suos,
1374 904 1422 936 vel
1440 903 1533 936 etiam
1550 914 1587 936 ex
1605 903 1810 947 eleemosxnis

1072 956 1263 1000 percipiunt,
1289 960 1317 990 et
1340 968 1398 1000 pro
1423 956 1528 990 divino
1552 957 1657 997 cultu,
1681 967 1717 989 ac
1740 966 1812 1000 pro-

1071 1009 1148 1053 priis
1175 1014 1203 1042 et
1236 1009 1425 1042 familiarum
1455 1020 1583 1042 suarum
1609 1009 1717 1042 usibus
1741 1019 1812 1042 con-

1073 1067 1210 1103 sumunt,
1234 1073 1293 1106 pro
1317 1063 1432 1106 quibus
1456 1063 1585 1096 omnino
1610 1063 1765 1095 immunes
1782 1067 1813 1094 et

1072 1117 1208 1160 exempti
1226 1117 1299 1160 sint)
1320 1117 1412 1150 etiam
1436 1116 1635 1149 decernimus
1666 1121 1696 1149 et
1714 1116 1813 1149 deela-

1072 1180 1189 1209 ramus,
1215 1169 1257 1201 ita
1280 1175 1395 1211 tamen,
1413 1169 1507 1213 quod,
1528 1169 1553 1202 si
1578 1174 1648 1202 ante
1674 1169 1812 1202 sexennii

1072 1222 1223 1265 praedicti
1259 1222 1354 1255 finem
1391 1233 1514 1255 summa
1543 1222 1651 1255 decem
1681 1227 1710 1255 et
1742 1227 1812 1255 octo

1074 1275 1250 1307 millionum
1275 1285 1480 1308 nummorum
1506 1286 1677 1308 aureorum
1707 1275 1813 1318 huius-

1074 1328 1159 1362 modi
1184 1329 1324 1362 confecta
1341 1329 1444 1369 suerit,
1465 1329 1669 1362 ecclesiastici
1693 1329 1814 1373 praedi-

1074 1383 1125 1424 cti,
1150 1383 1230 1416 sicut
1254 1383 1292 1415 de
1316 1382 1514 1426 primodictis
1538 1383 1643 1423 rebus,
1668 1393 1722 1416 seu
1744 1393 1814 1427 spe-

1074 1435 1191 1476 ciebus,
1212 1436 1253 1468 ita
1270 1435 1307 1469 de
1324 1435 1556 1469 secundodictis
1581 1436 1714 1480 amplius
1739 1446 1813 1469 con-

1075 1489 1223 1529 tribuere,
1249 1494 1279 1522 et
1302 1489 1417 1522 dictam
1445 1489 1600 1532 gabellam
1625 1499 1679 1522 seu
1703 1489 1813 1530 Sisam,

1074 1547 1109 1574 ut
1138 1542 1333 1586 praefertur,
1358 1542 1479 1575 solvere
1508 1553 1572 1575 non
1605 1542 1754 1584 debeant,
1779 1554 1814 1576 ac

1075 1606 1225 1638 praesens
1245 1595 1345 1638 gratia
1365 1606 1402 1629 eo
1418 1596 1487 1640 ipso
1504 1596 1636 1640 expiret.

1120 1648 1134 1691 g
1158 1648 1188 1681 5.
1212 1648 1431 1691 Decernentes,
1458 1649 1543 1694 quod
1566 1659 1676 1682 omncs
1701 1654 1731 1682 et
1755 1649 1815 1682 sin-

1075 1701 1140 1744 guli
1165 1701 1366 1734 ecelesiastici
1386 1702 1536 1746 praedicti
1556 1708 1736 1736 recusantes
1764 1713 1816 1746 op-

1075 1754 1219 1798 portunis
1243 1754 1320 1787 iuris
1338 1760 1368 1788 et
1390 1755 1463 1787 sacti
1487 1755 1635 1788 remediis
1660 1755 1815 1799 (adhibita

1077 1812 1180 1840 tamen
1200 1807 1343 1840 locorum
1369 1808 1607 1842 Ordinariorum
1633 1808 1817 1842 ecclesiasti-

1076 1872 1187 1894 corum
1212 1862 1413 1903 auctoritate,
1438 1873 1501 1895 non
1533 1869 1638 1896 autem
1662 1874 1719 1907 per
1743 1874 1815 1896 exa-

1076 1920 1179 1948 ctores
1203 1915 1342 1948 eiusdem
1363 1916 1503 1959 gabellae
1523 1927 1577 1949 seu
1601 1916 1697 1957 Sisae,
1714 1927 1816 1960 neque

1076 1980 1132 2012 per
1156 1979 1373 2014 quoscumque
1390 1970 1508 2003 iudices
1525 1974 1577 2004 aut
1594 1969 1755 2003 ministros
1773 1980 1817 2003 se-

1077 2022 1208 2063 culares,
1234 2027 1287 2055 aut
1311 2033 1419 2055 coram
1443 2023 1559 2056 eisdem
1584 2023 1739 2056 iudicibus
1764 2029 1818 2056 aut

1077 2075 1229 2108 ministris
1254 2076 1458 2117 secularibus,
1483 2077 1540 2109 sub
1564 2079 1665 2120 poena
1691 2087 1816 2110 excom-

1077 2129 1297 2162 municationis
1315 2130 1445 2163 maioris
1461 2141 1518 2163 nec
1541 2141 1603 2164 non
1620 2131 1688 2163 aliis
1706 2131 1816 2175 poenis

1077 2193 1093 2214 a
1111 2183 1208 2215 sacris
1225 2183 1397 2216 canonibus
1410 2188 1440 2216 et
1454 2184 1729 2217 constitutionibus
1745 2195 1817 2228 apo-

1077 2236 1193 2269 stolicis
1217 2235 1343 2269 inflictis
1367 2242 1397 2270 et
1422 2237 1620 2270 comminatis
1644 2238 1712 2281 ipso
1736 2238 1816 2271 sacto

1078 2289 1284 2329 incurrendis,
1298 2291 1457 2323 conveniri
1470 2291 1556 2323 nullo
1570 2291 1663 2324 modo
1674 2291 1817 2332 debeant,

1077 2342 1129 2375 sed
1155 2353 1262 2376 coram
1287 2344 1455 2387 praedictis
1479 2343 1653 2377 Ordinariis
1671 2345 1818 2377 ecelesiaฮ

1078 2396 1162 2428 sticis
1194 2398 1333 2440 tantum)
1366 2397 1512 2441 compelli
1543 2397 1677 2430 valeant:
1702 2397 1818 2442 quibus

1077 2449 1250 2483 Ordinariis
1282 2450 1422 2483 districte
1446 2450 1668 2494 praecipiendo
1693 2451 1819 2484 manda-

1079 2513 1156 2542 mus,
1174 2508 1208 2535 ut
1232 2503 1328 2535 divini
1353 2503 1459 2536 iudicii
1477 2514 1646 2544 memores,
1664 2514 1703 2537 ne
1723 2505 1819 2538 eccle-

1078 2556 1193 2590 siastici
1218 2557 1354 2590 indebite
1379 2562 1409 2590 et
1432 2558 1503 2601 plus
1528 2569 1622 2601 quam
1647 2558 1735 2599 laici,
1760 2569 1818 2592 nec

1077 2611 1159 2642 ultra
1183 2610 1404 2643 continentiam
1430 2610 1606 2644 litterarum
1636 2617 1817 2645 nostrarum

1708 315 1774 349 759
1820 325 1869 352 An.
1889 324 1918 352 C.
1937 324 2004 353 1622

1882 1661 1946 1681 Immo
1955 1665 2014 1680 recuฮ

1829 1689 1901 1708 santes
1914 1692 1975 1713 posse
1987 1687 2014 1706 ad

1830 1714 1852 1735 id
1867 1713 1971 1740 compelli.

1078 2663 1257 2696 huiusmodi
1283 2669 1454 2706 graventur
1479 2665 1588 2708 (super
1611 2676 1674 2708 quo
1689 2676 1816 2699 eorumฮ
1837 2673 1841 2675 ฮ

1078 2716 1149 2749 dem
1184 2717 1276 2750 etiam
1315 2717 1553 2751 Ordinariorum
1591 2718 1814 2753 conscientiam
