2293 3231
54 260 103 291 An.
124 260 154 288 c,
171 259 238 289 1623

96 533 124 554 Et
137 531 165 553 ad
179 537 240 558 prac-

136 559 241 580 eeclesiae

56 585 240 608 sanctiPantaleo·

56 614 90 634 nis
112 613 133 633 in
155 612 242 638 regione

57 639 154 662 Par-ionis
168 639 195 659 de
203 637 241 658 Ur-

56 666 85 688 be
113 665 241 688 existentis.

57 698 95 720 per
117 691 242 717 resignatio-

57 725 104 740 nem
119 725 132 740 a
147 718 242 745 parocho

58 745 242 767 saetamvacautis.

56 565 104 582 Benfl

102 1505 166 1527 Cuius
181 1504 248 1525 ecclc-

16 1542 18 1545 *
64 1533 110 1554 siae
131 1537 190 1553 usum
207 1531 248 1551 iarn

64 1561 128 1580 antea
140 1563 249 1578 concesse-

64 1587 99 1606 rat
126 1585 203 1606 Paulus
232 1584 248 1604 V

22 1620 24 1622 ’
64 1611 148 1633 elei-icis
169 1611 250 1637 regula-

27 1641 32 1654 ‚-
64 1639 124 1660 ribus
129 1637 203 1659 Matris
210 1637 249 1659 Dei

22 1680 30 1689 ,
65 1670 103 1692 pro
121 1664 250 1685 scholarium

18 1715 22 1719 ⁵
65 1691 222 1713 commoditate.

867 259 1044 284 GREGORIUS
1064 260 1106 284 XV
1127 260 1174 284 PP.

252 312 377 341 nostrae
391 308 632 348 reservavimus,
647 308 852 341 decernentes
870 318 907 341 ex
921 311 994 341 tunc

254 360 378 394 irritum
393 367 421 394 et
443 361 544 403 inane,
563 362 586 395 si
605 372 694 395 secus
711 373 806 406 supra
823 362 871 395 his
889 373 905 394 a
922 372 995 405 (1110-

254 424 359 458 quam,
373 415 482 458 quavis
493 416 689 455 auctoritate,
704 415 836 449 scienter
850 416 897 448 vel
909 415 996 458 igno-

255 471 371 508 ranter,
397 468 564 511 contigerit
587 469 741 501 attentari.

300 520 315 563 ἓ
340 520 369 553 2.
394 520 470 554 Cum
496 521 599 565 itaque
623 521 825 565 postmodum
844 526 996 564 perpetua

257 572 373 605 vicaria
392 573 580 617 paroehialis
594 574 743 607 ecclesiae
757 574 786 607 S.
800 572 996 606 pantaleonis

256 626 395 669 regionis
419 627 560 660 Parionis
580 627 618 659 (16
642 627 750 661 eadem
776 627 859 660 Urbe
884 627 1013 670 (cuius,¹

257 678 332 711 dum
355 689 414 722 pro
439 683 581 723 tempore
606 685 708 720 vacat,
732 680 904 714 nominatio
928 690 997 723 per-

257 742 351 765 sonae
376 732 487 766 idonae
511 733 550 765 ad
573 733 703 766 dilectos
723 734 805 767 filios
825 734 995 777 capitulum

258 791 289 818 et
300 786 466 820 canonicos
479 787 629 820 ecclcsiae
643 788 671 821 S.
682 787 841 820 Eustachii
859 787 897 820 de
914 787 995 820 dieta

258 839 352 879 Urbe,
369 839 458 872 cuius
482 850 608 873 mensae
632 840 796 884 capitulari
813 840 881 884 ipsa
901 841 998 873 eccle-

258 891 304 925 sia
327 892 356 926 S'.
382 893 578 926 Pantaleonis
602 899 757 937 perpetuo
781 893 867 926 unita
884 893 997 934 existit,

260 950 424 988 expectare
448 946 668 989 dignoscitur),
686 957 744 990 per
768 946 901 979 liberam
925 946 999 978 resi-

259 998 440 1041 gnationem
461 999 565 1032 dilecti
581 999 638 1032 filii
658 999 825 1032 Alexandri
844 999 924 1032 Lutii
941 1009 998 1031 nu-

258 1061 316 1095 per
328 1051 429 1084 dictae
442 1052 592 1085 ecelesiae
606 1052 634 1085 S.
646 1052 842 1086 Pantaleonis
852 1052 998 1096 perpetui

260 1105 368 1152 vicarii
388 1105 426 1137 (16
450 1105 518 1145 illa,
543 1116 637 1149 quain
662 1111 735 1138 tunc
760 1105 942 1145 obtinebat,
967 1105 999 1137 in

260 1158 404 1191 manibus
428 1159 544 1191 nostris
561 1163 671 1202 sponte
687 1159 800 1191 factam
818 1164 847 1190 ct
867 1169 923 1201 per
943 1169 999 1191 nos

259 1211 438 1252 admissam,
455 1211 538 1255 apud
555 1211 667 1244 Sedent
688 1211 830 1243 eamdem
847 1211 1000 1244 vacaverit

260 1270 291 1297 et
315 1269 402 1297 vacet
427 1265 465 1297 ad
493 1275 663 1308 praesens,
687 1265 855 1308 nullusque
884 1265 922 1297 de
947 1265 999 1296 illa

260 1325 387 1363 praeter
403 1329 461 1352 nos
475 1319 535 1352 1136
550 1318 616 1351 vice
634 1319 801 1363 disponere
819 1319 921 1362 potuit
937 1318 1000 1351 sive

261 1373 370 1416 possit,
394 1373 605 1406 reservatione
626 1378 656 1405 et
675 1374 802 1406 decreto
828 1373 1003 1406 obsistenti-

262 1426 322 1459 bus
347 1427 552 1470 supradictis3

307 1482 323 1525 5
346 1480 375 1514 3.
394 1482 440 1522 Et,
458 1481 538 1514 sicut
557 1481 694 1515 exhibita
717 1481 808 1514 nobis
828 1492 928 1525 nuper
944 1493 1002 1526 pro

263 1541 352 1580 parte
367 1535 553 1568 dilectorum
570 1535 710 1568 filiorum
727 1535 897 1579 praepositi
914 1546 1005 1577 gene-

264 1588 350 1629 ralis,
365 1593 395 1621 et
411 1588 600 1621 clericorum
624 1588 882 1630 Congregationis
900 1588 1004 1621 Matris

264 1642 319 1675 Dei
335 1646 531 1686 nuncupatae
548 1642 585 1674 de
603 1642 685 1674 dicta
701 1642 783 1674 Urbe
808 1641 916 1684 petitio
934 1652 1005 1675 con-

264 1695 394 1737 tinebat,
406 1696 490 1739 quod
503 1695 585 1728 dicta
598 1695 748 1728 eccles-sia
761 1695 789 1728 S.
809 1695 1005 1728 pantaleonis

264 1749 296 1781 in
318 1749 448 1792 regione
473 1749 659 1782 Scliolarum
688 1748 814 1781 Piarum
839 1749 870 1780 in
894 1749 1004 1781 cadem

264 1803 349 1836 Urbe
373 1802 492 1836 dudum
524 1803 736 1835 institutarum
768 1802 826 1835 sita
850 1803 910 1842 sit,
935 1814 1006 1846 pro-

264 1857 347 1898 inde,
357 1856 441 1900 quod
455 1856 531 1889 alias
544 1856 642 1889 felicis
655 1856 883 1889 recordationis
893 1856 1006 1889 Paulus

265 1910 347 1953 Papa
370 1911 393 1943 V
418 1909 643 1954 praedecessor
666 1914 772 1943 noster
788 1909 959 1953 praepositi
977 1915 1007 1942 et

266 1963 456 1996 clericorum
476 1963 667 2004 huiusmodi,
685 1963 800 2007 quibus
816 1973 893 1996 eura
910 1969 938 1995 ct
956 1963 1006 1995 ad-

267 2016 456 2050 ministratio
469 2017 624 2050 dictarum
638 2017 825 2050 Scliolarum
841 2016 902 2049 iam
916 2021 1006 2049 antea

268 2070 307 2102 ab
323 2070 392 2114 ipso
409 2071 653 2114 praedecessore
668 2077 821 2115 perpetuo
839 2071 1006 2103 commissa

269 2128 300 2156 et
323 2123 508 2156 demandata
531 2124 642 2165 fuerat,
667 2135 703 2157 36
727 2124 918 2158 scholarium
943 2134 1008 2156 cas-

269 2176 341 2210 dem
361 2177 483 2210 scholas
499 2177 764 2221 frequentantium
784 2177 958 2211 commodis
978 2183 1008 2210 et

269 2230 565 2275 opportunitatibus,
575 2242 637 2275 quo
650 2231 710 2275 piis
724 2242 834 2265 eorum
852 2232 1008 2265 exercitiis

268 2284 388 2317 facilius
412 2294 523 2317 vacare
542 2289 678 2328 possent,
697 2285 865 2328 providere
889 2285 1006 2326 volens,

267 2343 458 2382 perpetuum
483 2348 576 2371 usum
601 2338 698 2382 ipsius
717 2338 866 2371 ecclesiae
886 2338 914 2371 S.
934 2338 1009 2371 Pan-

269 2391 399 2424 taleonis
430 2392 611 2435 praeposito
635 2396 665 2424 et
689 2391 812 2424 clericis
839 2391 1008 2435 praedictis

269 2442 459 2476 concesserit
481 2447 512 2475 et
535 2442 750 2486 assignaverit,
770 2447 864 2486 prout
887 2443 920 2474 in
944 2442 1008 2475 suis

268 2496 382 2529 litteris
405 2495 542 2540 desuper
561 2496 592 2528 in
608 2496 711 2529 forma
731 2496 838 2529 Brevis
858 2496 1008 2529 consectis

269 2548 392 2593 plenius
416 2548 633 2591 continetur¹;

305 2621 320 2647 1
341 2620 502 2649 Huiusmodi
524 2619 608 2648 Breve
631 2621 774 2649 retulimus
793 2629 853 2657 sup.
874 2629 936 2657 pag.
957 2621 1009 2649 265

273 2665 310 2702 (a.
325 2666 374 2703 τ.).

1011 470 1202 505 ,Ἀρι-661111,
1220 471 1250 498 61
1267 471 1362 508 prout
1385 476 1495 498 corum
1520 470 1550 497 et
1575 465 1766 497 scholarium

1672 249 1731 284 791
1782 258 1830 286 An.
1849 259 1878 287 c.
1897 259 1964 288 ¹623

1072 307 1086 350 ξ
1110 307 1139 340 4.
1166 307 1364 351 Praepositus
1390 317 1464 340 vero
1489 312 1519 340 61
1542 307 1647 340 clerici
1675 317 1765 350 prac—
1808 320 1964 347 ωηο-1131111311

1027 360 1101 393 dicti
1122 360 1187 403 ipsa
1212 360 1344 393 ecclesia
1369 360 1396 393 S.
1419 359 1626 399 Pantalconis,
1646 347 1965 394 1311011631ἒ1ι-113.Γ“ἶω1’ἑῖἶ

1028 424 1121 446 curae
1146 413 1320 446 animarum
1343 424 1422 457 quae
1444 413 1487 445 illi
1509 412 1662 446 incumbit
1678 416 1708 446 et
1724 413 1766 445 ibi
1781 402 1832 447 2¹3¹?
1844 406 1927 447 1118111ἷὸ
1943 403 1966 445 X?

1782 454 1862 474 riuntur
1878 453 1966 479 impedi-

1782 482 1851 509 menta
1870 486 1965 510 praeser-

1791 512 1817 526 tm
1828 513 1848 526 111
1861 509 1966 527 exercitus

1028 518 1262 562 praedictorum
1280 518 1447 551 necessitas
1460 518 1565 561 exigit,
1578 518 1707 550 minime
1722 518 1767 550 uti
1781 508 1967 563 ἕρειηωιηωιρ-

1028 572 1159 616 possint,
1180 576 1210 604 ct
1234 582 1270 604 ex
1295 571 1475 604 huiusmodi
1499 581 1593 604 curae
1618 571 1768 605 exercitio
1782 565 1852 607 iffim
1881 560 1967 581 ‘mm'

1030 625 1114 657 varia
1130 625 1247 669 passim
1268 625 1495 668 impedimenta
1510 629 1539 657 et
1557 624 1768 665 incommoda,

1030 678 1216 721 pracsertim
1237 678 1269 710 in
1286 677 1442 710 exercitiis
1465 688 1576 710 eorum
1600 677 1769 721 spirituali-

1029 731 1088 764 bus
1112 731 1275 771 obeundis,
1299 731 1362 774 pati
1387 736 1418 763 et
1440 731 1578 775 experiri
1603 731 1738 770 soleant;

1074 786 1089 828 ἓ
1113 785 1141 818 5.
1167 784 1199 818 Si
1224 784 1320 827 igitur
1344 784 1425 817 dicta
1448 784 1564 817 vicaria
1584 784 1686 828 (euius
1702 784 1768 817 fru-
1819 799 1914 822 Quaem
1930 798 1968 819 101-

1030 842 1099 870 ctus
1123 841 1153 871 et
1176 843 1348 881 proventus
1376 837 1407 869 111
1431 836 1577 880 portione
1609 836 1769 880 sexaginta
1783 825 1862 850 ¹³⁰¹¹¹¹¹

1031 896 1194 924 scutorum
1219 895 1363 923 monetae
1386 900 1444 934 per
1467 890 1640 933 capitulum
1666 895 1693 922 et
1719 900 1770 922 63-

1030 943 1161 976 nonicos
1180 942 1358 986 praedictos
1382 942 1542 975 annuatim
1567 942 1704 986 persolvi
1725 952 1772 975 so—

1031 995 1103 1036 lita,
1128 996 1210 1028 ultra
1233 996 1445 1029 emolumenta
1478 995 1599 1028 ratione
1630 994 1772 1027 exercitii

1032 1060 1126 1082 curae
1143 1055 1172 1082 et
1198 1049 1479 1083 administrationis
1502 1054 1772 1082 sacramentorum

1033 1104 1270 1147 provenientia,
1297 1104 1492 1147 consistunt)
1516 1108 1669 1147 perpetuo
1697 1113 1772 1146 sup-

1033 1157 1224 1200 primeretur
1249 1162 1278 1189 61
1303 1157 1558 1199 extingueretur,
1583 1167 1618 1189 ac
1643 1156 1681 1188 ab
1705 1156 1773 1199 ipsa

1033 1210 1164 1241 ecclesia
1189 1210 1217 1241 S.
1237 1209 1433 1242 Pantaleonis
1456 1209 1637 1242 omnimoda
1660 1209 1775 1241 anima-

1034 1273 1104 1295 rum
1130 1263 1310 1295 huiusmodi
1336 1273 1410 1295 cura
1435 1262 1643 1303 abdicaretur,
1669 1263 1775 1305 sicque

1034 1316 1177 1349 abdicata
1201 1317 1239 1348 ad
1263 1316 1456 1360 praedictam
1479 1317 1643 1349 ecclesiam
1669 1317 1697 1350 S.
1719 1317 1777 1349 Eu-

1035 1370 1156 1411 stachii,
1174 1381 1253 1414 quae
1278 1371 1372 1402 ctiam
1396 1370 1588 1414 parochialis
1613 1370 1728 1410 existit,
1745 1370 1776 1402 in

1035 1426 1083 1464 ea,
1097 1424 1191 1456 modo
1209 1429 1238 1456 et
1250 1424 1353 1457 forma
1370 1424 1500 1456 inferius
1512 1424 1678 1467 expressis,
1692 1434 1777 1457 exer-

1036 1477 1133 1510 cenda
1152 1478 1376 1517 trasserretur,
1402 1477 1450 1509 et¹
1476 1477 1537 1510 alia
1560 1477 1673 1510 fierent
1697 1488 1777 1522 quae

1037 1536 1226 1574 sequuntur,
1255 1531 1367 1574 procul
1396 1530 1492 1563 dubio
1524 1531 1725 1564 incommoda
1748 1536 1778 1566 et

1038 1584 1264 1628 impedimenta
1282 1584 1462 1617 huiusmodi
1488 1587 1667 1628 opportuna
1688 1590 1717 1617 et
1734 1596 1779 1618 sa-

1020 1638 1121 1680 ¹lubri
1150 1638 1271 1671 ratione
1303 1649 1418 1681 magno
1443 1638 1623 1671 scholarum
1649 1644 1678 1671 et
1703 1649 1778 1672 con-

1039 1691 1231 1734 gregationis
1241 1691 1473 1735 praedictarum
1486 1691 1569 1724 bono
1583 1691 1778 1732 tollerentur,

1040 1748 1069 1778 et
1093 1755 1169 1777 cura
1193 1744 1370 1777 animarum
1395 1745 1627 1788 praedictarum
1650 1745 1780 1777 nullate-

1039 1808 1097 1830 nus
1110 1798 1334 1841 negligeretur,
1348 1797 1402 1830 sed
1415 1808 1513 1841 aeque
1526 1798 1617 1838 bene,
1627 1798 1674 1830 vel
1686 1798 1779 1830 etiam

1040 1851 1152 1884 melius
1170 1857 1199 1884 et
1218 1851 1409 1884 fructuosius
1435 1862 1529 1894 quam
1548 1856 1639 1883 antea
1655 1861 1779 1884 exerce-

1040 1908 1138 1945 retur,
1163 1904 1349 1948 divinusque
1373 1904 1476 1937 cultus
1496 1904 1566 1937 inde
1584 1904 1616 1936 in
1632 1904 1713 1937 (11613
1732 1914 1779 1937 66-

1041 1958 1135 1991 clesia
1158 1958 1187 1991 S.
1206 1958 1402 1991 Pantaleonis
1421 1968 1484 1991 non
1504 1957 1664 1990 modicum
1688 1968 1780 2000 auge-

1041 2017 1140 2051 1·etur;

1085 2066 1100 2109 ξ
1117 2065 1145 2098 6.
1163 2065 1264 2105 Quare
1278 2075 1336 2108 pro
1352 2069 1441 2109 parte
1458 2065 1631 2108 praepositi
1647 2069 1677 2097 61,
1692 2065 1780 2098 cleri·
1794 2075 1848 2096 Dicti
1859 2075 1931 2095 clerici
1945 2081 1978 2096 ra-

1041 2130 1150 2152 corum
1164 2118 1398 2162 praedictorum
1415 2118 1636 2161 (asserentium
1649 2119 1778 2160 fructus,
1793 2102 1978 2158 ῗιῗὲῖἳῗέρηῖὃρξέ

1041 2172 1180 2205 redditus
1194 2177 1224 2204 et
1240 2177 1412 2215 proventus
1428 2171 1528 2204 dictae
1545 2171 1678 2204 vicariae
1694 2171 1780 2215 quin-
1793 2155 1910 2208 {3333
1929 2160 1978 2182 ⁵⁰¹⁷'

1041 2226 1189 2270 quaginta
1212 2225 1398 2258 ducatorum
1423 2225 1491 2257 auri
1516 2225 1553 2257 de
1578 2227 1712 2266 camera,
1736 2235 1781 2258 se-

1042 2279 1179 2312 cundum
1199 2289 1400 2312 communem
1425 2279 1682 2319 aestimationem,
1700 2279 1782 2312 valo-

1041 2343 1109 2365 rem
1133 2343 1271 2365 annuum
1303 2343 1366 2365 non
1398 2331 1581 2375 excedere),
1606 2332 1696 2365 nobis
1723 2332 1782 2364 fuit

1042 2386 1203 2419 humiliter
1216 2385 1434 2429 supplicatum,
1448 2390 1601 2428 quatenus
1618 2385 1718 2418 dictae
1735 2395 1783 2418 ee-

1042 2439 1155 2472 clesiae
1178 2439 1207 2472 S.
1238 2438 1434 2471 Pantaleonis
1463 2449 1555 2471 usum
1581 2437 1683 2471 eidem
1707 2439 1782 2472 Con-

1042 2493 1217 2536 gregationi
1231 2493 1404 2526 concedere
1421 2498 1451 2525 et
1462 2492 1633 2536 assignare,
1649 2492 1782 2537 aliisque

1042 2547 1073 2579 in
1087 2545 1270 2590 praemissis
1279 2551 1455 2590 opportune
1469 2545 1636 2590 providere
1648 2546 1686 2579 de
1698 2546 1783 2579 beni—

1042 2600 1159 2643 gnitate
1182 2599 1356 2643 apostolica
1378 2599 1603 2642 dignaremur3

1078 2665 1089 2690 1
1108 2663 1200 2699 Praep.
1217 2665 1243 2691 ec
1257 2670 1307 2690 nos
1321 2661 1444 2690 addimus
1457 2662 1495 2697 (a.
1510 2663 1559 2698 1.).
