2293 3231
77 270 125 307 qn.
142 269 172 297 c.
189 267 256 297 teri

99 1701 122 1723 In
137 1702 208 1723 tausis
221 1707 256 1722 co-

38 1740 44 1742 *
73 1733 118 1749 rain
153 1728 256 1758 cardinali

44 1764 54 1773 ·.
73 1759 204 1780 canterarto‚
219 1761 256 1776 seu

73 1781 172 1807 praeside
213 1781 256 1802 vta<

34 1807 57 1839 f
73 1813 130 1838 rum,
149 1810 192 1829 tam
206 1813 256 1829 cou-

73 1835 172 1863 iunctim,
193 1839 256 1861 quam

40 1865 42 1869 ‘
72 1859 156 1881 divisim

34 1909 52 1919 N
72 1887 178 1912 magistris
211 1888 257 1908 via-

49 1917 124 1941 jmm.

209 1867 256 1882 cum

925 267 1041 293 mru's
1066 268 1086 292 V
1110 269 1157 294 PP.

320 314 372 350 33.
397 314 458 348 Pro
481 315 594 363 litteris
618 316 797 359 patentibus
821 323 1014 356 exactorum,
1048 322 1119 349 voto
1133 315 1300 349 cardinalis
1317 314 1494 353 camerarii,
1513 324 1566 347 seu
1585 315 1651 347 eius
1668 315 1790 346 audito-

277 373 307 401 ct
330 367 532 401 fideiussione
556 379 613 412 per
643 373 805 402 exactores
828 369 1014 412 praestanda

276 420 314 453 de
338 419 474 453 fideliter
493 421 680 460 exercendo,
701 426 727 453 et
746 421 867 453 ratione
887 420 1017 453 redden-

276 473 326 513 da,
351 483 414 506 non
439 473 543 515 exigat
558 474 700 506 notarius
725 474 806 506 ultra
829 474 921 507 iulios
942 479 1015 510 tres,

276 531 304 559 et
322 537 380 570 pro
399 526 602 559 fideiussione
620 527 729 559 iulium
750 537 857 559 unum.

319 578 370 611 34.
397 579 504 622 Neque
535 579 698 619 notarius,
724 589 825 621 neque
856 578 922 610 eius
947 579 1017 610 suli-

275 630 375 663 stituti
398 631 548 673 pecunias
569 635 667 671 laxae,
685 641 742 664 nec
759 631 853 663 ctiam
868 641 884 662 a
905 635 1015 674 spo-nte

274 683 497 723 offerentibus,
527 683 689 727 recipiant,
718 683 773 716 sed
797 694 907 716 omnes
927 688 1015 715 laxae

274 736 432 769 debitores
455 736 615 768 remittant
640 736 678 769 ad
703 741 876 776 exactores,
894 747 947 769 seu
966 736 1017 769 dc-

273 789 471 832 positariuin.

318 840 370 875 35.
388 841 480 874 Nullo
500 841 595 875 modo
617 851 684 874 csse
701 841 823 885 possint
844 846 1015 882 exactores,

274 905 376 939 neque
400 895 552 936 notarius,
571 906 672 939 neque
697 896 764 929 eius
782 896 952 936 substituti,
966 907 1017 928 ne-

273 959 335 992 que
359 949 584 989 mandatarius,
609 959 711 992 neque
736 949 857 982 viarum
882 949 1015 982 fabrica-

273 1006 368 1034 tores.

316 1053 369 1088 36.
395 1053 581 1098 Supradicta
601 1064 724 1087 merces
741 1054 854 1087 notarii
872 1058 1015 1087 servetur

273 1106 366 1139 etiam
383 1106 416 1139 in
431 1106 511 1140 taxis
529 1106 748 1150 pendentibus.

317 1159 369 1193 37.
398 1160 459 1193 Pro
492 1160 688 1193 immissione
726 1170 781 1193 seu
817 1160 1014 1193 restitutione

274 1214 464 1254 fistularum,
488 1213 630 1246 notarius
650 1223 713 1247 non
734 1213 836 1256 exigat
861 1214 943 1246 ultra
971 1214 1015 1246 iu—

272 1267 332 1300 lios
356 1267 503 1310 quinque.

315 1318 367 1353 38.
382 1320 443 1353 Pro
453 1319 559 1362 rogitu
573 1319 783 1359 instrumenti,
801 1330 859 1363 pro
874 1320 1011 1363 quolibet

273 1373 454 1407 centenario
478 1383 577 1417 usque
601 1373 639 1405 ad
659 1379 746 1406 scuta
775 1373 1012 1417 quinquagilua‚

272 1428 366 1461 iulios
388 1427 466 1461 duos
474 1438 482 1467 3

316 1481 368 1515 39.
394 1481 440 1514 Ab
464 1481 536 1514 inde
561 1491 674 1524 supra,
700 1481 809 1513 iulium
836 1491 932 1513 unuin
955 1491 1013 1524 pro

272 1535 414 1579 quolibet
438 1534 618 1568 centenario
640 1539 819 1578 scutorum,
839 1534 1011 1567 dummodo

271 1599 334 1622 non
359 1588 488 1621 excedat
505 1588 536 1620 in
554 1592 652 1621 totum
676 1597 831 1620 suminam
849 1580 1010 1620 scutoruin

271 1642 419 1686 quinque.

315 1695 367 1729 40.
392 1696 454 1729 Pro
467 1695 637 1729 monitorio
651 1695 688 1728 de
713 1695 887 1734 vendendo,
905 1695 1011 1728 sende

271 1749 490 1789 rescindendo,
511 1749 650 1782 solvatur
671 1749 766 1781 iulius
782 1758 873 1780 unus.

315 1801 366 1835 411.
392 1802 452 1835 Pro
477 1802 572 1835 simili
591 1801 762 1834 monitorio
779 1806 866 1833 extra
885 1801 1010 1837 [rbem.

271 1865 343 1888 cum
363 1855 535 1888 insertione
554 1855 730 1888 litterarum
747 1865 801 1887 seu
819 1854 1013 1887 commissio—

269 1909 328 1950 nis,
345 1909 503 1942 bononeni
523 1908 870 1952 septuagintaquinque.
982 1945 985 1948 ¹

314 1962 366 1996 49..
393 1963 453 1995 Pro
466 1962 586 1995 visione
598 1962 659 1995 loci
673 1961 867 1994 differentiae
878 1961 908 1994 in
918 1962 1010 2002 Urbe,

270 2016 337 2049 iulii
353 2020 427 2048 tres.

315 2068 367 2102 43.
392 2069 487 2101 Extra
504 2068 621 2102 Urbem
641 2068 723 2100 ultra
747 2077 845 2100 unum
866 2068 1010 2109 milliare,

271 2121 337 2155 iulii
362 2132 425 2155 sex.

315 2175 367 2208 44.
393 2175 454 2207 Pro
462 2177 547 2215 nota,
565 2179 596 2207 et
611 2173 823 2217 publicatione
840 2175 1010 2207 sententiae

271 2228 459 2268 definitivae,
477 2232 564 2260 scuta
584 2227 656 2259 duo.

314 2281 366 2315 45.
391 2282 452 2315 Pro
475 2281 684 2314 instrumento
707 2280 879 2313 sententiae
903 2291 1009 2314 coram

271 2335 456 2376 camerario,
474 2339 501 2367 et
521 2334 681 2377 magistris
697 2334 829 2373 viarum,
849 2345 907 2377 pro
932 2345 1010 2378 qua—

271 2399 407 2433 cumque
431 2390 574 2428 summa,
599 2387 757 2421 bononcni
781 2387 1006 2430 quadraginta-

271 2441 420 2485 quinque.

318 2494 370 2528 46.
395 2495 456 2528 Pro
480 2495 627 2528 mandato
654 2494 692 2527 de
716 2494 930 2537 consignando
954 2505 1008 2538 pe-

270 2547 377 2582 cunias
391 2548 484 2592 parti,
497 2548 656 2581 bononeni
669 2548 816 2592 quinque.

314 2601 366 2634 47.
393 2601 454 2634 Pro
466 2603 541 2635 nota
558 2601 675 2634 decreti
690 2601 840 2634 definitivi
858 2601 889 2633 in
906 2602 1008 2634 causis

1050 369 1102 408 ris,
1119 369 1276 401 hououeni
1298 368 1577 411 trigintaquinth.

1093 421 1144 453 48.
1165 422 1224 454 l'ro
1245 421 1388 465 deposito
1410 421 1633 464 sportularum,
1651 425 1715 452 tatu
1732 430 1789 463 pro

1049 474 1220 511 sententiis,
1240 485 1332 517 quant
1360 484 1416 517 pro
1441 473 1576 506 decretis
1604 473 1789 510 definitivis,

1050 538 1111 559 uon
1132 527 1296 570 recipiant,
1318 538 1373 558 nee
1392 526 1504 570 deponi
1531 526 1621 558 saciat
1637 526 1789 563 notarius,

1049 591 1150 623 neque
1175 581 1242 612 cius
1267 580 1437 620 substituti,
1458 580 1516 612 nisi
1543 589 1699 611 suminam
1718 590 1789 612 vere

1050 633 1204 665 iudicibus
1221 633 1368 665 debitam.

1094 685 1144 717 49.
1171 686 1231 718 Pro
1246 686 1392 718 mandato
1406 686 1443 717 de
1462 685 1659 717 immittendo
1673 685 1705 717 in
1721 695 1791 728 pos-

1049 739 1221 771 sessionem
1254 739 1284 770 in
1313 739 1375 770 vim
1401 739 1572 770 sententiae
1596 738 1790 777 definitivae,

1049 792 1136 824 nullo
1149 792 1209 825 alio
1220 792 1366 824 mandato
1377 792 1564 834 exequutivo
1574 791 1790 834 praecedente,

1050 849 1174 877 scutum
1187 843 1295 877 unum}

1093 897 1144 930 50.
1170 897 1380 931 Praecedente
1398 907 1473 929 vcro
1494 896 1640 929 mandato
1658 907 1791 939 exequu-

1049 950 1123 991 tivo,
1140 950 1300 983 bononeni
1317 949 1578 993 vigintiquinque.

1094 1003 1144 1036 51.
1167 1004 1227 1036 Pro
1241 1002 1427 1046 repetitione
1438 1001 1609 1034 sententiae
1620 1001 1701 1034 inter
1714 1001 1790 1034 alias

1048 1066 1200 1099 personas
1231 1056 1321 1095 latae,
1339 1054 1496 1088 bononeni
1520 1054 1788 1098 ti·igintaseptcn1;

1092 1107 1143 1140 52.
1169 1107 1200 1140 Si
1218 1112 1323 1139 autem
1333 1106 1391 1138 erit
1410 1106 1471 1138 lata
1484 1106 1565 1138 inter
1582 1105 1707 1137 easdem
1721 1116 1791 1148 per-

1048 1170 1150 1200 sonas,
1170 1159 1329 1193 bononeni
1346 1159 1417 1192 duo.

1092 1212 1142 1246 53.
1169 1213 1229 1245 Pro
1255 1212 1466 1245 declaratione
1484 1211 1521 1243 de
1539 1210 1682 1250 emendo,
1704 1210 1790 1243 iuxta

1047 1266 1182 1299 formam
1202 1265 1434 1299 constitutionis
1448 1265 1546 1297 felicis
1562 1264 1789 1297 recordationis

1047 1319 1192 1362 Gregorii
1218 1320 1317 1363 Papae
1334 1318 1399 1352 ΧΠ]
1422 1328 1516 1362 super
1538 1318 1605 1350 iure
1635 1317 1766 1360 congrui
1781 1317 1789 1333 ¹

1047 1373 1141 1406 iulius
1158 1383 1247 1406 unus.
1279 1383 1284 1386 ·

1091 1427 1142 1459 54.
1170 1428 1229 1460 Pro
1253 1427 1497 1470 reproduetione
1522 1425 1727 1459 intimationis
1745 1425 1788 1458 sa-

1048 1486 1114 1514 ctae
1139 1481 1261 1521 vicinis,
1286 1492 1341 1513 seu
1365 1480 1526 1524 inquilinis
1556 1480 1664 1521 vigore
1688 1479 1788 1512 dictae

1047 1534 1287 1574 constitutionis,
1313 1534 1407 1566 iulius
1432 1544 1521 1565 uuus.

1091 1587 1141 1621 55.
1168 1588 1229 1620 Pro
1244 1587 1420 1620 iuramento
1438 1587 1523 1619 iuxta
1539 1588 1672 1619 formam
1686 1586 1787 1619 dictae

1046 1641 1278 1674 constitutionis
1295 1641 1482 1684 prati-stando
1503 1645 1565 1672 tani
1580 1640 1619 1672 ab
1636 1640 1789 1683 emptori-

1047 1695 1127 1732 bus,
1151 1705 1245 1739 quani
1271 1704 1287 1726 a
1312 1694 1528 1727 venditoribus
1543 1720 1550 1731 ‚
1580 1693 1673 1725 iulius
1705 1704 1786 1726 unus

1045 1758 1104 1791 pro
1128 1748 1265 1791 qualibet
1287 1752 1384 1791 parte.

1090 1800 1141 1833 5125.
1166 1801 1226 1833 Pro
1244 1800 1489 1843 consignatione,
1503 1800 1568 1831 sive
1589 1799 1785 1833 restitutione

1046 1855 1174 1887 cedulae
1190 1853 1327 1897 depositi
1351 1854 1382 1885 in
1407 1854 1509 1886 Monte
1530 1853 1664 1896 pietatis,
1685 1864 1785 1896 usquc

1045 1907 1083 1939 ad
1108 1918 1264 1940 summam
1288 1911 1451 1939 scutorum
1472 1906 1709 1949 quinquaginta,
1729 1906 1785 1939 bo—

1045 1971 1188 1994 nonenus
1211 1971 1292 1993 unus
1312 1971 1370 2004 pro
1387 1960 1525 2003 quolibet
1547 1965 1651 1996 scuto:

1090 2014 1141 2047 57.
1167 2015 1191 2047 A
1204 2014 1285 2046 dicta
1299 2015 1423 2046 sumina
1436 2022 1535 2056 usquc
1552 2012 1590 2045 ad
1603 2017 1689 2045 scuta
1699 2013 1786 2056 quin-

1045 2072 1147 2110 genta,
1164 2072 1252 2100 scuta
1272 2066 1352 2106 duo;

1089 2120 1139 2153 58.
1165 2120 1211 2153 Ab
1228 2120 1299 2152 inde
1317 2130 1411 2162 supra
1426 2130 1524 2162 usque
1538 2119 1575 2151 ad
1592 2124 1679 2151 scuta
1688 2119 1783 2159 mille,

1044 2179 1132 2207 scuta
1148 2178 1296 2217 quatuor:

1089 2227 1140 2260 59.
1166 2228 1190 2259 A
1210 2227 1295 2259 inille
1316 2236 1410 2270 supra
1428 2236 1528 2269 usque
1545 2226 1582 2257 ad
1603 2236 1784 2269 quamcum-

1044 2291 1105 2324 que
1114 2290 1281 2320 sununam,
1294 2290 1358 2312 non
1368 2280 1450 2312 ultra
1463 2284 1550 2311 scuta
1564 2289 1617 2311 scx
1632 2279 1662 2310 in
1672 2283 1780 2311 totum.

1089 2333 1140 2366 60.
1166 2334 1200 2366 ln
1225 2335 1318 2365 causa
1334 2343 1410 2365 vero
1428 2332 1583 2364 mercedis
1606 2342 1665 2375 pro
1685 2332 1784 2365 eonsi—

1043 2387 1191 2429 gnatione
1207 2386 1346 2420 cedulae.
1363 2396 1419 2417 seu
1436 2384 1632 2417 restitutione
1648 2385 1782 2428 depositi

1043 2440 1074 2472 in
1092 2440 1216 2472 casibus
1233 2438 1424 2482 praemissis,
1437 2438 1468 2470 in
1484 2438 1630 2470 omnibus
1645 2448 1704 2481 pro
1721 2448 1784 2470 me-

1043 2493 1166 2526 dietate.

1086 2546 1137 2579 fit.
1170 2546 1230 2579 Pro
1260 2545 1456 2579 restitutione
1484 2544 1613 2578 cedulae
1641 2545 1782 2578 facienda

1078 2618 1088 2644 1
1115 2616 1162 2643 Est
1181 2616 1302 2644 eiusdem
1322 2615 1448 2651 Gregorii
1468 2615 1630 2643 Constitutio
1649 2623 1731 2643 xxxin
1751 2616 1780 2642 in

271 2653 447 2702 ordinariis,
465 2654 559 2687 etiam
575 2665 682 2687 coram
699 2654 853 2698 praeside,
870 2655 917 2686 vel
937 2665 1007 2687 cum
1043 2666 1109 2690 tom.
1126 2668 1184 2696 vui,
1199 2670 1260 2697 pag.
1277 2661 1311 2688 88
1326 2663 1363 2696 (a.
1376 2663 1424 2695 τ.).

355 2717 434 2745 Bull.
453 2717 537 2745 Rom.
558 2732 592 2738 —
609 2717 668 2744 Vol.
683 2717 751 2745 XII.
929 2716 964 2744 19

1694 257 1758 293 145
1803 267 1852 292 Αη.
1873 266 1902 292 o.
1917 266 1988 294 «ειη
