2293 3231
33 303 35 322 ς
92 290 142 317 An.
160 289 189 316 C.
207 287 277 316 1612

150 2095 205 2114 olem
220 2093 278 2114 loco-

43 2132 47 2147 «,
75 2125 105 2149 ,ι’
164 2120 278 2141 ducentum

44 2151 79 2181 μζ,
95 2145 171 2178 Montis
185 2153 225 2168 non
243 2153 278 2166 ia-

44 2184 77 2214 ,a
95 2173 183 2197 catulis.
206 2176 226 2194 ut
243 2179 277 2193 cn-

44 2220 49 2250 ῑ
71 2219 82 2234 <
95 2200 279 2247 ἓῗΞίὛέἓῖὶῖῒ

96 2232 171 2273 ductui:-
195 2233 279 2274 coinser-

67 2293 81 2307 s
92 2279 182 2309 ⁴tratione
207 2279 278 2300 deser-

74 2310 76 2315 ·
97 2308 146 2331 viat,
158 2308 259 2332 assignati

927 287 1045 312 rarLus

292 346 360 369 sere
384 341 412 369 et
438 335 633 379 perlustrari,
652 336 816 379 repurgari
833 345 867 368 ac
886 336 1032 368 resarciri
1048 340 1050 376 j

291 389 403 428 facere,
428 398 463 420 ac
489 393 522 420 ut
546 399 625 431 aqua
649 388 754 431 aliquo
771 393 862 431 pacto
880 398 943 421 non
970 388 1035 420 inti-

291 441 409 481 ciatur,
443 451 499 474 nec
531 441 560 473 in
593 441 789 484 aquaeductu
821 441 936 484 aliquid
969 440 1033 472 vitii

291 494 354 535 fiat,
372 504 448 527 nere
473 504 490 526 a
515 494 662 538 quopiam
688 495 719 526 in
743 505 896 538 aquarum
912 493 1034 526 iuribus

292 547 353 580 ulla
366 547 462 587 fraus,
476 547 606 580 dolusve
623 547 849 585 connuittatur,
868 547 1034 589 minusque

291 610 392 644 aqua,
418 600 482 633 sive
504 600 716 639 clandestine,
742 600 805 632 sive
831 600 953 644 palam,
978 610 1034 642 per

292 654 366 693 vim,
390 659 442 686 aut
467 654 596 698 propria
622 654 817 693 auctoritate,
835 658 863 686 et
888 653 948 685 nisi
966 663 1035 696 per-

292 706 442 739 missione
465 710 517 740 aut
541 717 696 739 consensu
722 706 885 750 ipsiusmet
906 716 1036 748 congre-

291 760 427 802 gationis
451 760 637 800 accedente,
662 765 692 793 et
724 760 808 792 iuxta
836 760 964 793 modum
995 759 1034 791 ab

291 815 327 846 ea
351 813 643 856 praescribendum,
665 813 757 846 etiam
790 817 953 856 praetextu
979 822 1033 844 seu

292 865 400 907 vigore
417 866 645 909 cuiuscumque
662 865 817 908 rescripti,
834 875 889 897 seu
905 875 1034 897 eonces-

291 919 388 951 sionis
404 923 538 955 nostrae,
553 919 598 950 vel
617 928 834 951 successorum
851 922 1032 950 nostrorum

293 972 506 1005 Romanorum
540 972 746 1009 Pontificum,
779 972 840 1004 alio
874 971 1034 1003 derivetur

291 1035 345 1057 seu
374 1025 564 1065 deducatur,
589 1024 720 1068 provide
748 1034 872 1063 caxere3
898 1024 1033 1057 fornices

291 1082 321 1110 et
344 1078 480 1121 parietes
510 1077 674 1110 universos
706 1083 733 1110 et
767 1078 869 1121 ipsmn
894 1087 972 1121 opus
998 1088 1033 1108 ac

290 1131 468 1164 aedificium
494 1131 651 1173 integrum
676 1131 842 1173 diligenter
868 1131 978 1167 tutari·‚
1003 1135 1030 1162 et

290 1183 440 1227 quiequid
465 1184 496 1216 in
520 1184 716 1227 reparatione
741 1183 900 1226 indigere,
926 1187 977 1217 aut
1002 1183 1032 1215 in

290 1236 497 1280 aquaeductu,
517 1241 546 1270 et
570 1237 654 1269 illius
678 1236 800 1269 iuribus
829 1237 946 1280 aliquid
968 1236 1032 1270 vitii

291 1300 346 1322 seu
371 1290 477 1322 damni
508 1290 623 1323 sactum
655 1290 750 1323 fuisse
776 1290 823 1322 vel
848 1290 917 1322 lieri
946 1300 1033 1333 repe-

290 1342 398 1383 rerint,
411 1354 506 1386 quam
524 1343 663 1387 prinmm
680 1343 781 1376 eidem
795 1344 1032 1386 congregationi

291 1396 486 1436 renunciare,
512 1407 547 1429 ac
571 1396 608 1429 de
635 1397 780 1429 mandato
805 1396 945 1429 eiusdem
964 1407 1034 1429 con-

291 1449 484 1491 gregationis
511 1449 741 1492 reparationem
767 1454 797 1482 et
820 1449 1032 1492 provisionem

291 1507 504 1545 opportunam
518 1503 681 1541 adhibere;
696 1513 730 1535 ac
745 1502 775 1534 in
789 1503 936 1535 omnibus
952 1503 1033 1535 iussa

291 1556 544 1598 congregationis
569 1557 743 1599 praelatae,
768 1562 798 1588 ut
825 1556 863 1588 ad
887 1556 1032 1589 effectum

291 1608 528 1652 perducantur,
554 1610 699 1649 efficere,
724 1618 839 1641 munus
867 1609 975 1643 existat
1004 1614 1033 1641 et

291 1672 360 1695 esse
384 1662 509 1705 debeat)
534 1673 591 1705 per
614 1662 794 1705 Scipionem
824 1662 1032 1703 cardinalem,

292 1715 395 1759 quoad
414 1715 539 1755 vixerit,
557 1719 600 1755 et,
618 1726 655 1748 eo
672 1715 733 1748 vita
750 1715 873 1755 functo,
890 1726 947 1759 per
964 1726 1035 1748 con-

292 1768 508 1811 gregationem
525 1768 705 1801 huiusmodi
719 1769 878 1812 deputari,
895 1769 1033 1812 ipsisque

292 1821 514 1862 visitatoribus,
539 1832 573 1854 ae
598 1821 758 1865 praedicto
783 1822 889 1854 Ioanni
911 1822 1033 1862 Iacobo,

293 1881 324 1909 et
351 1886 410 1920 pro
439 1881 582 1919 tempore
611 1876 753 1909 existenti
779 1876 948 1909 secretario
975 1876 1034 1908 lm-

292 1929 428 1963 iusmodi
453 1930 593 1974 quinque
617 1935 704 1962 scuta
733 1935 877 1963 monetae
902 1930 1033 1973 singulis

293 1982 454 2015 mensibus
478 1983 626 2015 constitui
643 1988 672 2015 et
689 1983 825 2026 persolvi
847 1983 1033 2016 mandamus

294 2039 324 2069 et
347 2036 502 2068 volumus.

338 2089 353 2132 ἓ
377 2088 406 2122 9.
432 2089 606 2129 Postremo,
630 2093 664 2122 ut
687 2089 858 2132 impensae,
879 2100 960 2133 quae
984 2100 1035 2122 ne-

293 2141 430 2174 cessario
449 2141 525 2173 sient
544 2141 576 2173 in
595 2142 794 2184 reparatione
818 2145 847 2175 et
871 2152 1035 2175 conserva-

293 2194 378 2228 tione
396 2194 574 2238 praedietis,
591 2204 713 2227 necnon
738 2200 770 2227 ut
795 2195 975 2228 officialium
1004 2201 1034 2228 et

293 2247 512 2281 ministrorum
528 2247 639 2280 salaria
656 2247 734 2280 solvi
750 2248 883 2291 possint,
901 2248 1034 2281 ducenta

293 2301 363 2334 loca
386 2301 518 2334 alicuius
537 2301 648 2334 Montis
665 2311 728 2334 non
745 2300 910 2334 vacabitis¹
930 2301 968 2334 de
984 2312 1034 2345 pe-

293 2354 394 2388 cuniis
417 2364 561 2387 camerae
585 2353 790 2397 apostolicae,
819 2354 877 2386 sub
906 2355 1033 2387 nomine

294 2413 324 2440 et
357 2408 390 2440 in
425 2408 563 2441 favorem
596 2407 827 2451 acquaeductus
861 2408 1032 2450 praedicti,

292 2461 528 2504 quamprimum
552 2461 615 2493 emi
639 2461 733 2492 etiam
754 2460 948 2500 mandamus,
971 2460 1034 2493 illa—

293 2524 353 2556 que
366 2513 411 2546 sie
424 2518 527 2557 empta
540 2524 576 2546 ex
593 2524 675 2546 nunc
693 2524 750 2557 pro
767 2513 907 2545 eiusdem
924 2523 1034 2555 aquae-

293 2566 406 2599 ductus
429 2572 459 2599 et
482 2567 566 2599 illius
590 2567 697 2610 operis
721 2568 873 2610 perpetua
892 2566 964 2599 dote
989 2577 1034 2598 as-

295 2619 464 2662 signamus,
482 2620 542 2652 hoe
565 2619 659 2652 modo
684 2619 837 2659 videlicet,
855 2624 888 2651 ut
906 2619 1031 2651 illorum

331 2683 342 2710 l
366 2681 420 2709 Nisi
439 2681 581 2716 legendum
601 2682 635 2709 sit
654 2691 710 2709 non
729 2682 881 2709 vacabitur.

1071 287 1089 310 v
1115 287 1161 310 Pe.

1069 345 1192 367 annuus
1221 333 1380 373 redditus,
1406 333 1596 376 illorumque
1620 342 1688 365 sors
1721 342 1809 365 num-

1066 399 1160 431 quam
1187 387 1407 425 immimiatur,
1432 396 1533 430 neque
1560 386 1591 418 in
1615 385 1692 417 alios
1715 396 1809 423 usus,

1067 451 1160 483 quam
1178 440 1250 472 dicti
1267 439 1480 482 aquaeductus
1497 443 1709 471 com-artatur.
1723 438 1812 476 Quic-

1067 493 1141 536 quid
1174 498 1276 525 autcm
1311 504 1346 525 ex
1379 493 1446 536 ipso
1481 492 1605 525 redditu
1639 491 1810 535 (impensis

1066 547 1252 579 necessariis
1277 551 1304 578 et
1329 546 1450 578 salariis
1467 545 1625 589 deductis)
1650 545 1811 578 annuatim

1067 599 1233 642 supererit,
1248 599 1325 631 sorti
1339 603 1506 637 accrescat,
1521 604 1548 631 et
1568 598 1598 630 in
1616 598 1810 641 emptionem

1067 652 1202 684 aliorum
1220 652 1363 684 locorum
1381 651 1521 683 eiusdem
1540 651 1652 684 Montis
1669 651 1700 683 in
1716 650 1810 684 sortis

1068 705 1298 737 incrementum
1324 705 1505 745 collocetur,
1532 710 1561 737 et
1586 704 1685 748 ipsius
1709 703 1811 737 reddi-

1069 762 1116 791 tus
1140 769 1176 791 ac
1201 758 1386 791 incrementi
1407 758 1637 791 administratio
1655 768 1690 790 ac
1711 758 1810 790 libera

1067 810 1231 854 dispositio
1263 821 1345 843 nunc
1378 815 1406 843 et
1439 811 1469 842 in
1501 812 1689 854 perpetuum
1714 821 1810 854 penes

1067 863 1181 896 dictam
1199 864 1477 906 congregationem
1502 864 1539 896 sit
1557 869 1585 896 et
1604 874 1671 895 esse
1688 863 1807 896 debeat.

1067 917 1134 949 Non
1159 917 1255 960 possit
1278 922 1383 949 tamen
1412 916 1552 949 redditus
1577 917 1642 960 ipse
1667 917 1698 948 in
1723 922 1808 955 toto,

1067 971 1114 1002 vel
1139 976 1239 1013 parte,
1256 970 1332 1002 alias
1356 980 1448 1013 quam
1475 980 1530 1013 per
1554 970 1809 1012 congregationis

1067 1024 1212 1056 mandata
1229 1023 1420 1067 depositario
1437 1024 1530 1056 liuius
1547 1024 1667 1063 Montis,
1681 1034 1763 1056 nune
1781 1028 1808 1055 et

1066 1087 1124 1120 pro
1140 1081 1280 1120 tempore
1297 1076 1450 1116 existenti,
1465 1076 1629 1118 dirigenda
1642 1076 1766 1119 exponi,
1780 1081 1810 1108 et

1066 1140 1122 1173 per
1146 1130 1264 1163 dictum
1283 1130 1508 1173 depositarium
1529 1130 1649 1173 absque
1668 1129 1808 1162 eiusdem

1066 1184 1320 1226 congregationis
1356 1184 1501 1217 mandato
1537 1183 1625 1223 solvi,
1657 1188 1750 1227 prout
1778 1183 1809 1215 id

1066 1236 1194 1269 omnino
1219 1237 1435 1280 prohibemus.

1110 1290 1124 1332 ἓ
1149 1289 1199 1322 lO.
1226 1290 1434 1322 Decernentes
1455 1290 1627 1333 praemissa
1649 1290 1754 1322 omnia
1779 1294 1809 1322 et

1066 1342 1188 1385 singula
1212 1354 1269 1386 per
1293 1353 1347 1375 eos
1372 1343 1410 1375 ad
1435 1353 1514 1386 quos
1535 1348 1651 1386 spectat
1671 1348 1698 1375 et
1716 1343 1748 1375 in
1767 1343 1810 1375 fu-

1067 1400 1172 1429 turum
1197 1396 1433 1439 quomodolibet
1459 1396 1610 1440 spectabit
1628 1395 1762 1428 firmiter
1780 1401 1809 1428 et

1067 1449 1287 1482 inviolabiliter
1313 1454 1466 1493 perpetuo
1491 1449 1652 1482 observari
1677 1449 1809 1487 debere,

1067 1513 1102 1535 ae
1126 1502 1251 1534 irritum
1277 1508 1305 1535 et
1338 1502 1443 1542 inane,
1469 1503 1494 1534 si
1520 1512 1609 1535 secus
1638 1512 1732 1545 super
1762 1502 1810 1534 liis

1066 1566 1083 1588 a
1107 1567 1284 1599 quoquam,
1309 1556 1419 1599 quavis
1444 1556 1648 1595 auctoritate,
1673 1556 1810 1588 scienter

1068 1610 1114 1641 rel
1139 1609 1332 1651 ignoranter,
1357 1609 1526 1651 contigerit
1550 1609 1704 1641 attentari.

1111 1662 1126 1705 ξ
1154 1662 1200 1694 ll.
1228 1663 1295 1695 Non
1320 1662 1517 1695 obstantibus
1542 1662 1612 1705 piae
1637 1662 1809 1694 memoriae

1068 1714 1111 1747 Pii
1137 1725 1234 1758 papae
1259 1716 1295 1747 lt·
1319 1715 1571 1758 praedecessoris
1596 1715 1712 1755 nostri,
1737 1725 1810 1759 qua-

1067 1774 1156 1801 tenus
1188 1780 1267 1812 opus
1298 1769 1357 1807 sit,
1390 1779 1485 1812 super
1516 1768 1626 1810 gratiis
1658 1768 1809 1801 interesse

1066 1821 1167 1854 dictae
1192 1832 1334 1854 camerae
1360 1821 1623 1854 concernentibus
1644 1821 1675 1854 in
1699 1821 1809 1854 eadem

1067 1879 1192 1909 camera
1208 1876 1289 1908 intra
1305 1881 1426 1909 certum
1444 1880 1517 1908 tunc
1535 1886 1719 1919 expressum
1736 1880 1810 1908 tem-

1066 1940 1125 1972 pus
1162 1929 1388 1972 registrandis,
1417 1928 1459 1960 ita
1486 1928 1571 1972 qnod
1602 1933 1808 1972 praesentes,

1067 1983 1189 2015 etiamsi
1224 1983 1256 2014 in
1290 1982 1356 2026 ipsa
1381 1984 1506 2015 camera
1530 1981 1735 2023 registratae,
1761 1982 1809 2014 rel

1066 2036 1097 2068 in
1122 2037 1158 2068 ea
1175 2034 1350 2067 intimatae¹
1369 2045 1431 2068 non
1448 2035 1579 2075 suerint,
1604 2035 1810 2068 nihilominus

1067 2094 1221 2133 perpetuo
1235 2089 1337 2121 valere
1350 2094 1379 2121 et
1393 2089 1424 2121 in
1436 2099 1493 2122 suo
1506 2089 1621 2121 robore
1640 2088 1809 2133 persistere.

1067 2142 1209 2182 debeant,
1230 2142 1361 2185 aliisque
1386 2142 1663 2175 constitutionibus
1683 2147 1712 2174 et
1729 2141 1811 2175 ordi-

1067 2196 1245 2229 nationibus
1262 2196 1451 2239 apostolicis,
1476 2206 1510 2228 ac
1535 2196 1698 2239 quibusvis
1718 2195 1810 2228 facul-

1068 2249 1192 2289 tatibus,
1217 2249 1402 2292 privilegiis,
1420 2249 1548 2281 indultis
1565 2254 1595 2281 et
1611 2249 1723 2281 litteris
1739 2259 1810 2291 apo-

1067 2301 1194 2342 stolicis,
1219 2307 1328 2334 nostro
1353 2307 1383 2333 ct
1407 2312 1465 2344 pro
1490 2307 1633 2344 tempore
1664 2301 1808 2333 existenti

1068 2354 1199 2386 Romani
1216 2353 1375 2386 Pontificis
1392 2354 1577 2393 camerario,
1595 2364 1649 2386 seu
1666 2363 1809 2386 camerae

1066 2407 1274 2449 apostolicae,
1299 2411 1328 2438 et,
1352 2406 1419 2439 eius
1444 2406 1697 2449 praesidentibus
1721 2407 1810 2439 eleri-

1067 2459 1120 2499 cis,
1145 2459 1275 2502 aliisque
1300 2459 1495 2498 officialibus,
1515 2464 1545 2491 et
1566 2459 1718 2492 ministris
1742 2460 1809 2503 qui-

1066 2512 1272 2554 buscumque,
1297 2512 1390 2544 etiam
1415 2512 1534 2544 iteratis
1559 2512 1689 2553 vicibus,
1714 2513 1806 2545 etiam

1066 2569 1153 2598 motu
1177 2565 1283 2604 simili,
1301 2576 1338 2597 ex
1363 2567 1448 2597 certa
1475 2565 1615 2602 scientia,
1633 2570 1661 2599 et
1679 2566 1717 2598 de
1734 2577 1808 2610 apo-

1066 2618 1194 2651 stolicae
1218 2619 1380 2661 potestatis
1403 2619 1607 2662 plenitudine,
1624 2620 1718 2652 etiam
1737 2631 1808 2653 con-

1102 2683 1112 2706 1
1137 2680 1190 2707 Nisi
1211 2681 1270 2716 quis
1291 2681 1367 2707 malit
1386 2681 1476 2716 legere
1494 2681 1663 2709 insinuatae
1686 2683 1721 2717 (a.
1738 2684 1786 2717 T.).

1707 274 1771 307 189
1818 284 1866 310 An.
1884 284 1913 311 e.
1936 284 2004 312 1612

1834 1326 1837 1329 Ι
1889 1299 2008 1321 observan-

1824 1328 1853 1346 tia
1881 1327 2007 1352 praemisso-

1824 1359 1869 1373 rum
1885 1356 2007 1378 iniungitur.

1845 1671 1962 1693 Contrariis
1973 1672 2008 1693 tle-

1824 1702 1919 1725 rogatur.
