2293 3231
75 288 123 316 An.
140 287 167 314 C.
192 286 259 314 1612

913 286 1031 311 PAULUS

271 333 322 378 qui
354 333 385 367 in
417 333 516 378 ipsius
546 333 649 367 officio
682 338 942 375 commorantur,
974 335 1011 367 de

271 387 360 422 dictis
391 387 605 421 instrumentis
634 391 784 430 rogetur,
809 392 838 422 et
863 398 925 421 non
953 399 1012 431 pro

271 441 368 475 altero
393 440 432 473 ad
457 440 666 473 referendum.

315 492 344 526 8.
376 493 406 526 Si
436 493 595 537 contingat
626 503 723 526 unum
754 494 911 527 notarium
937 493 1014 526 acci-

272 557 346 590 pere
360 546 529 580 terminum
547 557 606 590 pro
621 547 682 580 alio
691 547 814 581 notario
830 547 867 579 ad
880 547 1014 579 reseren-
1029 572 1031 589 ,

271 599 356 641 dum,
382 603 522 633 teneatur
546 599 714 644 accipiens,
732 610 791 644 per
814 603 910 634 totam
928 600 1013 632 illam

271 652 353 686 diem
372 664 433 697 qua
449 653 617 697 acceperit,
642 653 827 686 relationem
852 653 967 693 facere,
984 656 1014 686 ct

271 705 432 741 decretum
449 706 605 740 scribatur
619 706 683 739 sive
697 705 911 740 subscribatur
921 716 1014 739 manu

271 760 385 794 notarii
402 759 577 794 referentis.

317 813 345 847 9.
370 814 433 847 Neo
458 813 624 856 quisquam
647 812 790 846 similiter
808 812 906 856 possit
924 812 954 844 in
971 812 1015 845 su-

273 871 377 902 turum
398 868 490 911 plura
512 866 685 901 notariatus
702 866 805 899 officia
828 866 859 898 in
884 865 1015 898 diversis

273 921 479 955 tribunalibus
493 920 651 960 obtinere;
673 919 726 953 sed
742 923 928 953 censeantur
947 929 1014 952 esse

273 975 355 1009 dicta
368 975 471 1008 officia
483 975 564 1009 inter
577 985 609 1007 se
623 974 882 1018 incompatibilia,
898 974 1014 1017 absque

273 1030 381 1064 nostra
403 1029 450 1061 vel
473 1039 691 1062 successorum
707 1032 888 1062 nostrorum
906 1028 1016 1061 Roma-

274 1093 389 1117 norum
404 1082 589 1117 Pontificum
606 1081 741 1116 licentia.

320 1135 371 1170 10.
397 1137 434 1170 Et
457 1141 520 1169 tam
545 1136 623 1180 ipsi,
648 1145 742 1179 quam
767 1145 878 1168 eorum
908 1135 1017 1169 substi-

274 1189 351 1230 tuti,
376 1200 439 1223 non
471 1189 591 1234 possint
628 1199 695 1221 csse
732 1192 956 1232 procuratores
985 1188 1016 1220 in

275 1243 374 1284 curia,
399 1243 430 1275 in
456 1253 516 1286 qua
540 1242 652 1275 notarii
679 1245 759 1283 sunt,
785 1247 835 1275 aut
859 1241 1015 1275 substituti

277 1296 415 1329 ufficium
431 1299 585 1330 exercent.

319 1350 370 1383 stt.
396 1350 584 1390 Citationes,
610 1349 788 1390 monitoria,
814 1360 867 1382 seu
892 1350 1017 1393 ‹⁷1nasvis

275 1403 351 1437 alias
374 1403 572 1448 provisiones
589 1406 675 1437 extra
701 1403 816 1436 Urbem
841 1403 1016 1443 mittendas,

275 1468 338 1492 non
362 1457 527 1501 expediant
544 1457 581 1490 ad
602 1457 736 1489 alicuius
753 1457 940 1495 instantiam,
958 1458 1016 1491 nisi

275 1514 382 1545 notato
407 1511 437 1543 in
463 1511 539 1543 actis
559 1510 685 1544 nominc
702 1511 917 1554 procuratoris
935 1511 1018 1555 prin-

276 1564 396 1609 cipalis,
417 1562 473 1598 ’aut
489 1564 616 1598 alterius
633 1564 700 1597 illas
725 1564 905 1599 obtinentis:
924 1570 967 1605 nt,
993 1565 1016 1597 si

276 1617 313 1650 ad
327 1617 454 1650 illarum
465 1616 714 1651 moderationem
724 1617 760 1650 sit
772 1617 1017 1662 procedendum,

278 1672 376 1716 possit
399 1681 473 1716 pars
497 1671 700 1705 incontinenti
723 1671 900 1715 scire,s1uis
924 1672 961 1706 sit
979 1672 1019 1705 01-

278 1725 409 1765 tanetus,
439 1725 569 1768 eiusque
593 1725 698 1758 citati'o
723 1725 855 1759 sufficiat
880 1725 917 1758 ad
943 1725 1018 1760 obti—

276 1779 410 1813 nendam
433 1779 692 1812 moderationem.

289 1861 304 1872 ,
320 1833 371 1866 ⁴102.
390 1833 451 1866 Nec
472 1832 603 1866 sufficiat
621 1833 652 1865 in
674 1833 750 1865 actis
770 1833 948 1877 exprimere
965 1844 1018 1866 no-

277 1897 348 1919 men
373 1886 598 1930 procuratoris,
616 1886 675 1918 nisi
698 1887 735 1919 iis
751 1890 843 1920 notus
868 1887 904 1920 sit
922 1887 952 1919 in
969 1898 1019 1920 011-

277 1940 323 1973 ria
341 1940 379 1973 ad
391 1940 452 1973 hoc
468 1944 502 1974 ut
518 1939 607 1974 citari
631 1939 740 1984 possit,
757 1941 805 1973 rel
823 1940 931 1974 saltem
950 1941 1019 1973 talis

277 1996 465 2038 procurator
496 1993 589 2036 eligat
621 1993 814 2026 domicilium
840 1994 891 2026 ubi
929 1994 1017 2027 citari

279 2047 359 2081 velit.

326 2100 373 2133 13.
399 2100 433 2133 In
457 2100 611 2134 mandatis
634 2100 827 2144 cxcquutivis
851 2101 959 2144 vigore
978 2095 1037 2135 111-1

279 2158 542 2195 strumentorum,
569 2153 631 2187 sive
657 2165 839 2198 apocarum,
864 2147 1037 2197 1·ctaxatis,3

279 2214 341 2241 tam
364 2208 395 2241 in
420 2207 508 2241 curia
533 2218 626 2251 quam
643 2211 729 2242 extra
754 2218 822 2240 eam
848 2209 1018 2251 mittendis,

279 2265 457 2306 apponatur
468 2261 544 2303 dies,
554 2261 670 2294 mensis
679 2264 707 2295 et
720 2271 818 2294 annus
834 2261 1020 2296 instrumen-

280 2315 311 2356 ti,
336 2315 399 2348 sive
431 2325 569 2359 apocae,
595 2314 683 2347 cuins
706 2315 814 2357 rigore
839 2316 1017 2349 mandatum

280 2370 451 2402 relaxatum
466 2369 533 2402 fuit.

323 2421 375 2455 14.
400 2421 550 2456 Similiter
579 2421 610 2454 in
642 2421 830 2455 relaxatione
862 2421 1019 2456 mandato-

280 2486 361 2517 rum,
372 2481 401 2509 et
416 2486 687 2519 quarumcumque
702 2475 945 2519 expeditionum,
956 2481 1018 2508 tam

280 2530 312 2562 in
337 2530 423 2563 curia
449 2541 543 2574 quam
571 2534 657 2563 extra
681 2539 749 2563 eam
775 2529 1017 2569 mittendarum,

282 2584 383 2618 citatis
396 2584 547 2628 partibus,
563 2584 610 2617 vel
625 2594 733 2617 earum
748 2583 1017 2627 procuratoribus,

281 2641 333 2671 aut
355 2637 386 2669 in
403 2637 647 2671 contradictorio
669 2637 784 2669 iudicio
809 2636 1017 2678 obtentarum,

282 2690 399 2734 apponi
431 2689 542 2723 debeat
564 2690 662 2724 altera
691 2701 726 2724 ex
758 2689 824 2724 istis
850 2690 1017 2731 clausulis,

1055 286 1073 310 v
1098 287 1146 311 re.
1710 277 1750 310 87

1046 335 1202 369 videlicet:
1230 335 1269 369 In
1294 335 1534 369 contumaciam
1559 334 1598 367 N.
1624 345 1780 378 procura-

1047 389 1146 430 tor1's,·
1178 389 1247 427 rel,
1281 389 1303 420 si
1338 392 1524 432 procurator
1549 398 1621 420 vere
1653 393 1779 420 eontra-

1046 441 1157 475 ‹lixerit
1182 446 1210 476 et
1233 442 1263 474 in
1288 442 1363 475 actis
1387 441 1642 485 protestationem
1667 441 1783 481 ses-crit,

1047 495 1116 527 loco
1142 496 1319 539 praedictae
1337 496 1504 535 clausulae,
1523 495 1694 529 scribatur:
1711 495 1784 528 Non

1047 548 1190 581 obstante
1206 549 1436 592 protestatione
1454 548 1491 582 N.
1510 559 1548 582 esc
1564 548 1606 581 (1ίῖ
1611 559 1695 582 verso
1709 558 1784 592 pro-

1046 603 1217 635 curatoris.

1092 655 1142 687 215.
1169 656 1288 696 Porro,
1314 656 1483 689 moderatis
1507 655 1744 689 inhibitionibus
1768 666 1784 687 a

1047 718 1103 740 suo
1128 707 1229 741 iudice
1254 709 1415 749 emanatis,
1440 709 1524 741 nullo
1550 713 1711 752 praetextu
1728 718 1785 741 no-

1048 761 1118 793 tarii
1151 761 1241 805 lapso
1273 762 1407 794 termino
1439 762 1641 794 intimationis
1665 761 1785 805 possint

1048 813 1190 846 obtentae
1216 814 1439 847 moderationis
1479 814 1571 846 tidem
1604 814 1784 855 retardare,

1048 865 1105 898 nisi
1123 866 1160 898 de
1178 866 1403 910 impedimento
1421 878 1492 900 vere
1518 872 1635 900 constet
1653 867 1682 900 in
1699 868 1784 900 actis.

1048 920 1167 953 Notarii
1182 931 1451 964 quorulmaunqne
1465 920 1666 953 tribunalium
1684 921 1786 961 Urbis,

1048 974 1177 1016 excepta
1203 974 1292 1014 Rota,
1310 978 1472 1006 teneantur
1492 973 1522 1005 in
1540 974 1786 1017 quibuscumque

1049 1026 1161 1067 causis,
1186 1027 1279 1059 etiam
1305 1027 1538 1064 commissaliis,
1564 1027 1644 1060 intra
1668 1028 1786 1060 Statum

1051 1080 1304 1112 Ecclesiastieum
1322 1081 1396 1113 dare
1421 1080 1540 1113 litteras
1558 1081 1698 1113 missivas
1719 1081 1788 1114 loco

1033 1178 1034 1181 Ἰ
1050 1133 1308 1174 remissoralinm,
1327 1140 1353 1167 et
1381 1146 1439 1178 pro
1457 1135 1586 1178 singulis
1604 1135 1714 1168 litteris
1730 1136 1788 1168 1111-

1051 1187 1195 1227 iusmodi,
1210 1193 1301 1230 atque
1319 1187 1443 1220 illarum
1460 1188 1678 1227 instrinnento,
1695 1188 1788 1220 ctiam

1051 1251 1121 1272 cum
1147 1241 1286 1273 articulis
1314 1246 1341 1273 et
1368 1241 1620 1284 interrogatoriis
1644 1242 1790 1274 introclu-

1052 1295 1102 1334 sis,
1128 1295 1266 1327 solvatur
1292 1306 1412 1327 11101005
1430 1295 1575 1327 inliornm
1595 1306 1718 1333 norem,
1732 1306 1788 1328 nee

1052 1359 1135 1392 pars,
1149 1348 1327 1381 huiusmodi
1343 1349 1461 1381 litteras
1474 1354 1591 1393 petens,
1606 1355 1713 1381 contra
1724 1349 1790 1382 eius

1052 1403 1242 1435 voluntatem
1256 1409 1387 1445 cogatur
1404 1403 1614 1435 remissoriam
1636 1403 1788 1447 act-ipere,

1097 1457 1147 1490 16.
1174 1456 1349 1489 Smnmaria
1375 1457 1510 1497 testium,
1529 1457 1653 1500 quando
1675 1462 1790 1490 11110111-

1052 1511 1106 1543 riis
1124 1511 1190 1543 [lari
1209 1511 1349 1554 contigit,
1367 1511 1543 1543 scribantur
1557 1511 1587 1543 in
1604 1510 1686 1543 bona
1704 1513 1789 1544 carta

1052 1575 1114 1598 non
1138 1564 1256 1604 bibula,
1282 1570 1310 1597 et
1336 1570 1493 1597 caractere
1520 1564 1719 1607 intelligibili,
1745 1576 1790 1598 so—

1053 1619 1117 1651 111111
1142 1618 1232 1651 solita
1257 1617 1411 1651 mercede.

1096 1671 1146 1704 117.
1171 1672 1289 1705 Notarii
1315 1672 1431 1704 nnllam
1458 1682 1587 1715 prorsus
1612 1672 1788 1704 mercedem

1052 1731 1103 1758 ant
1128 1726 1374 1758 emolumentum
1406 1725 1500 1757 etiam
1525 1725 1689 1758 mininnnn
1714 1726 1789 1758 reci-

1052 1780 1159 1824 piant,
1185 1779 1268 1822 qnod
1304 1780 1392 1823 prius
1426 1779 1456 1811 in
1482 1780 1563 1812 libro
1588 1785 1788 1823 receptorum

1053 1834 1159 1877 (quein
1184 1833 1319 1866 retinere
1345 1833 1491 1875 debcant)
1509 1833 1642 1866 tidelitcr
1659 1844 1722 1866 non
1739 1844 1790 1866 an-

1051 1887 1238 1927 notaverint,
1264 1897 1334 1919 cum
1360 1887 1560 1930 expressione
1578 1886 1649 1927 (liei,
1668 1898 1788 1927 causae,

1052 1947 1081 1974 et
1106 1951 1259 1985 personae
1285 1940 1453 1979 solventis,
1478 1947 1508 1972 nt
1535 1952 1569 1973 ex
1595 1941 1676 1973 libro
1702 1952 1791 1985 supe-

1035 1995 1118 2046 ¹rior
1143 1995 1240 2039 possit
1267 2006 1303 2027 ex
1328 1994 1432 2027 officio
1457 2004 1658 2037 cognoscere,
1676 1994 1791 2038 siquid

1035 2048 1132 2092 ,ultra
1158 2053 1243 2081 taxas
1268 2048 1404 2080 indebite
1426 2048 1611 2092 receperint.

1097 2101 1148 2134 218.
1173 2102 1317 2134 Ceterum
1336 2102 1372 2134 de
1392 2102 1515 2135 (latione
1541 2102 1707 2134 arrharum
1732 2112 1790 2146 pro

1053 2156 1212 2199 registris,
1238 2156 1447 2193 ‹thraetibuss
1474 2161 1523 2188 ant
1550 2156 1639 2199 eopia
1665 2155 1791 2188 iudicio-

1053 2220 1123 2242 rum
1147 2219 1210 2242 non
1243 2214 1341 2242 stetur
1372 2209 1453 2241 libro
1484 2209 1618 2245 notarii,
1643 2220 1699 2241 nee
1725 2209 1790 2241 eins

1035 2291 1036 2297 ,
1053 2263 1256 2303 annotationi,
1270 2262 1328 2295 nisi
1346 2274 1416 2294 enm
1434 2262 1662 2306 subssaiptione
1681 2262 1788 2306 partis,

1053 2323 1102 2349 ant
1128 2317 1343 2361 procuratoris
1368 2316 1493 2348 arrham
1519 2315 1628 2347 dantis.

1097 2371 1147 2404 ¹19.
1174 2371 1207 2403 In
1232 2370 1442 2405 manualibus,
1469 2370 1513 2401 rel
1540 2369 1716 2405 broliardis.
1743 2370 1789 2401 101

1052 2424 1140 2456 libris
1164 2423 1444 2455 instrnmentornm
1477 2428 1627 2462 actorum,
1653 2428 1681 2454 et
1711 2422 1791 2455 111211-

1052 2488 1121 2510 rum
1147 2487 1224 2520 quas
1248 2481 1357 2509 vocant
1389 2476 1574 2519 ligatarinn,
1599 2486 1662 2508 non
1685 2476 1790 2508 dimit-

1054 2535 1115 2562 tant
1140 2529 1255 2562 notarii
1282 2529 1353 2562 solia
1377 2529 1439 2561 nlla
1466 2528 1495 2561 in
1520 2533 1608 2572 parte
1633 2529 1713 2569 alba,
1738 2529 1790 2561 nbi

1052 2583 1147 2616 scribi
1172 2584 1265 2621 solet,
1291 2583 1365 2622 sed,
1390 2582 1442 2614 ubi
1476 2582 1518 2614 511·
1544 2582 1614 2614 alba
1638 2592 1791 2614 remanse-

1052 2637 1124 2674 rint,
1150 2647 1185 2668 ea
1206 2636 1405 2668 interlineare
1431 2640 1601 2668 tenentum:

1798 286 1846 313 An.
1867 285 1894 312 C.
1914 285 1980 313 11112

1097 2689 1147 2723 020.
1174 2690 1241 2723 Non
1279 2689 1431 2722 retineant
1469 2689 1640 2732 scripturas
1670 2694 1698 2720 et
1723 2688 1790 2720 iura
1820 2686 1824 2689 Α
