2293 3231
231 283 277 311 An.
297 282 324 309 C.
348 283 416 311 1619

246 876 360 901 Doroa-tio
370 881 416 895 enn-

233 906 352 924 uariorum.

281 2598 401 2620 Exnrrtmm.

461 274 526 309 434
1004 281 1183 307 animumn

429 342 508 371 eam,
526 336 554 365 et
580 331 772 374 ubicmnque
790 329 1001 369 decesserint,
1020 329 1065 361 vel
1084 329 1173 361 dccc-

430 386 504 418 dcrc
529 384 716 425 contigerit,
742 389 772 415 ut
799 381 1042 426 praesertu1·,al)
1067 382 1173 414 hacre-

431 438 522 471 dibus
551 436 733 470 eorumdem
761 435 983 469 cardinalium.
1000 435 1172 478 quibusvis,

430 490 704 536 appellationibus
729 489 934 532 subterfugiis
953 495 980 522 et
1007 489 1174 523 cavillatio-

431 545 522 577 nibus
538 543 678 581 remotis,
694 543 767 586 ipsis
781 542 940 585 magistris
961 542 1174 575 caeremonia-

431 609 500 631 rum
519 596 654 641 persolvi
674 601 794 635 curent,
812 600 840 629 et
859 595 953 628 etiam
972 606 1043 628 cum
1061 595 1172 628 ellectu

432 651 564 690 saciant,
590 656 616 682 et
642 650 680 682 ad
706 649 736 682 id
762 649 831 683 illos
855 649 1001 683 omnibus
1026 649 1174 683 remediis

432 703 619 747 opportunis
644 702 704 735 sibi
729 702 895 742 bcnevisis,
921 702 1013 735 etiam
1039 713 1111 736 cum
1133 703 1175 735 in-

433 756 593 790 vocatione
630 755 737 789 auxilii
768 755 889 789 brachii
919 755 1087 795 secularis,
1122 766 1174 788 co-

433 814 503 853 gant
530 816 557 843 ct
584 810 784 854 compellant.

477 864 545 907 §ln
578 865 646 897 Non
679 862 876 897 obstantibus
900 862 1109 907 praemissis,
1140 872 1174 895 ac

433 917 708 952 constitutionibus
732 922 761 949 et
785 916 1037 950 ordinationibus
1055 921 1176 960 aposto-

433 971 510 1007 licis.
528 971 712 1014 statutisque
731 976 758 1003 et
776 969 1066 1009 consuetudinibus,
1083 969 1176 1002 etiam

433 1027 627 1065 iuramento,
653 1024 892 1058 confirmatione
917 1023 1103 1068 apostolica,
1129 1023 1175 1055 vel

433 1079 543 1124 quavis
570 1080 719 1112 firmitate.
748 1078 808 1111 alia
837 1076 1023 1117 roboratis¹,
1044 1077 1176 1118 statutis,

433 1133 608 1178 privilegiis
625 1143 761 1176 quoquc,
779 1131 908 1165 indultis
926 1137 955 1164 ct
972 1131 1085 1164 litteris
1105 1141 1179 1175 apo-

435 1187 564 1228 stolicis,
579 1186 727 1231 praefatis
740 1185 954 1218 cardinalibus
970 1190 1000 1218 et
1016 1184 1178 1228 quibusvis

435 1241 514 1281 aliis,
532 1241 589 1273 sub
607 1240 858 1284 quibuscumque
877 1239 1048 1272 verborum
1068 1238 1178 1271 formis

436 1300 465 1327 et
491 1293 663 1334 tenoribus,
687 1304 723 1325 ac.
747 1303 819 1325 cum
844 1291 1006 1336 quibusvis
1030 1291 1179 1324 clausulis

437 1353 463 1382 et
491 1347 643 1387 decretis,
669 1347 700 1379 in
724 1346 918 1379 contrarium
942 1344 1179 1389 quomodolibet

437 1401 604 1435 concessis.
638 1400 756 1439 Quibus
780 1399 947 1439 omnibus,
972 1399 1064 1432 etiam
1091 1398 1115 1430 si
1141 1398 1178 1430 dc

437 1454 499 1488 illis=
531 1464 706 1498 eorumque
731 1453 803 1486 totis
838 1452 1002 1485 tenoribus
1034 1451 1179 1495 specialis

438 1515 467 1542 et
492 1519 639 1552 expressa
665 1508 782 1541 mentio
799 1506 944 1539 habenda
961 1507 1051 1547 soret,
1069 1516 1179 1539 eorum

439 1567 563 1598 tenores
587 1561 806 1606 praesentibus
830 1571 888 1604 pro
913 1560 1104 1594 sufficienter
1128 1571 1181 1593 ex-

439 1617 555 1662 pressis
579 1617 741 1656 hahentes,
767 1615 827 1648 illis
848 1615 924 1648 alias
944 1615 974 1647 in
992 1625 1048 1647 suo
1066 1614 1198 1648 roboret

439 1670 665 1716 permansuris,
690 1670 747 1702 hac
774 1669 840 1703 vice
865 1669 1023 1702 dumtaxat
1044 1653 1200 1713 speciali-l

441 1731 488 1758 ter
502 1730 529 1757 et
545 1734 690 1768 expresse
705 1724 906 1767 derogamus,
921 1723 1095 1766 ceterisque
1113 1734 1182 1757 con-

441 1778 546 1811 trariis
563 1778 823 1822 quilniscnmqne.

486 1833 596 1865 Datum
619 1833 745 1871 llomae,
773 1831 855 1875 apud
881 1836 1023 1864 sanctum
1045 1831 1183 1871 Petrum,

442 1886 500 1919 snb
517 1886 632 1918 annulo
649 1885 833 1925 piscatoris,
849 1885 899 1918 die
918 1895 937 1918 x
959 1885 1031 1917 maii
1052 1895 1184 1925 immin,
1200 1914 1201 1922 ,

443 1940 643 1985 pontificatus
660 1939 760 1973 nostri
778 1949 859 1972 anno
877 1949 918 1972 iv.
1200 1972 1203 2008 Ι

481 2002 539 2029 Dat.
561 2002 604 2029 die
627 2002 659 2029 10
679 2002 743 2029 maii
765 2001 844 2035 1563,
865 2001 1067 2037 pontif.an.1v.

746 2108 876 2143 CCCXII.

445 2171 590 2206 Iubi‘laci
616 2173 751 2206 indictio
780 2172 822 2205 (nl
853 2172 1002 2205 divinam
1031 2183 1122 2217 opem
1153 2174 1206 2206 in,

488 2226 713 2268 praesentibus
751 2225 910 2259 Ecclesiae
947 2226 1189 2260 necessitatibus

492 2279 747 2322 implorandam.

661 2342 771 2369 Paulus
793 2341 974 2376 Episcopus,

625 2394 732 2415 servus
764 2395 915 2416 servorum
944 2387 996 2416 Dei
1005 2410 1012 2422 ,

449 2438 603 2465 Universis
615 2436 863 2465 christifidelibus
876 2441 1054 2472 praesentes
1069 2438 1189 2466 litteras

485 2481 688 2516 inspecturis,
710 2482 839 2509 salutem
851 2484 881 2509 et
892 2482 1088 2516 apostolicam
1099 2483 1190 2511 hene-

486 2526 658 2553 dictionem.

497 2579 647 2611 hominus
671 2590 705 2612 ac
732 2580 811 2612 [leus
832 2585 940 2613 noster
967 2582 1120 2621 excelsus,
1137 2581 1191 2624 qui

454 2631 482 2663 in
509 2632 655 2664 omnibus
685 2633 834 2676 operibus
864 2633 927 2666 suis
956 2634 1055 2668 iustus
1087 2641 1130 2667 cst
1163 2639 1190 2668 ct

493 2694 500 2720 1
520 2693 618 2721 vocem
633 2694 748 2722 statutis
763 2695 886 2722 delemus
900 2696 937 2730 (n.
954 2696 1002 2730 T.)-

1207 280 1362 306 Romami

1207 329 1406 366 misericors,
1440 329 1521 362 iusto
1549 327 1621 362 licet
1650 328 1764 363 iudicio
1789 329 1891 364 visitet
1916 329 1947 363 in

1207 381 1294 424 virga
1322 381 1500 425 iniquitates
1520 386 1653 422 nostras,
1670 387 1699 415 ct
1717 383 1748 415 in
1764 383 1948 416 verberibus

1206 440 1332 478 peccata
1347 440 1463 475 nostra,
1478 435 1729 468 misericordiam
1742 441 1846 469 tamen
1860 447 1947 470 suam

1207 498 1269 522 non
1303 492 1424 522 amovet
1457 498 1473 520 a
1504 488 1610 521 nobis:
1648 489 1832 533 temporalia
1865 490 1948 523 enim

1209 542 1380 574 immittens
1409 541 1553 584 flagella,
1577 542 1730 575 immensa
1758 542 1949 585 benignitate

1208 600 1234 626 et
1263 594 1414 627 charitate
1439 596 1494 626 sua
1521 599 1644 627 revocat
1670 604 1727 627 nos
1747 594 1786 626 ab
1806 594 1950 638 iniquita-

1208 648 1291 680 tibus
1316 648 1449 687 nostris,
1475 653 1506 679 ut
1533 647 1570 679 ad
1595 647 1820 691 poenitentiam
1851 647 1948 680 addu-

1208 711 1325 734 camur.

1253 755 1267 795 ,ξ’
1297 754 1320 786 1.
1347 754 1380 786 ld
1406 764 1480 787 vcro
1505 764 1562 788 nos
1587 753 1769 797 cogitantes,
1795 754 1875 788 sicut
1892 766 1950 799 pro

1208 809 1316 841 nostra
1342 807 1492 851 pastorali
1518 809 1594 841 cura
1619 807 1758 841 maximo
1778 808 1882 842 cordis
1899 808 1953 842 do-

1209 861 1276 894 lore
1309 861 1465 894 afficimur
1494 866 1659 895 cernentes
1690 861 1783 895 tantis
1818 872 1853 894 ac
1889 867 1951 895 tam

1210 914 1357 958 gravibus
1379 915 1527 959 procellis
1544 914 1713 955 interdum,
1731 925 1767 949 ac
1782 915 1952 960 praecipue

1211 968 1270 1001 hoc
1296 974 1438 1012 tempore
1463 968 1492 1000 in
1518 968 1633 1012 inclyta
1658 967 1826 1002 Germania
1858 973 1886 1001 et
1912 969 1953 1001 vi-

1211 1022 1288 1055 cinis
1312 1021 1494 1066 provinciis,
1507 1021 1619 1065 agitari
1639 1021 1810 1055 Ecclesiam
1831 1022 1896 1062 Dei,
1912 1021 1953 1055 ita

1211 1076 1303 1108 etiam
1330 1086 1494 1120 speramus
1513 1076 1544 1109 in
1562 1076 1705 1115 Domino,
1722 1075 1806 1120 quod
1824 1075 1848 1108 si
1870 1086 1952 1117 eum,

1211 1130 1368 1174 pressuris
1388 1140 1445 1163 nos
1460 1130 1490 1162 in
1507 1130 1572 1163 vias
1589 1140 1660 1163 suas
1678 1135 1888 1171 revocantem,
1904 1141 1954 1164 au-

1212 1184 1381 1224 dierimus,
1406 1184 1518 1227 dignos
1543 1184 1664 1217 fructus
1689 1189 1817 1226 agentes
1844 1184 1953 1227 poeni-

1213 1237 1335 1275 tentiae,
1345 1237 1382 1271 de
1395 1237 1633 1271 tribulationum
1646 1237 1794 1281 procellis
1802 1237 1953 1281 populum

1213 1302 1303 1324 suum
1329 1291 1438 1325 educet
1464 1297 1491 1324 et
1519 1290 1775 1334 tranquillitatem
1798 1290 1955 1324 Ecclesiae

1213 1356 1286 1377 suae
1313 1344 1465 1377 restituet.
1488 1345 1553 1377 lloc
1567 1354 1652 1384 vero,
1669 1350 1701 1376 ut
1721 1344 1890 1388 impetrare
1907 1354 1955 1377 va-

1213 1399 1354 1437 leamus,
1382 1398 1410 1430 in
1436 1398 1531 1431 corde
1557 1398 1692 1431 contrito
1724 1403 1752 1430 et
1790 1398 1956 1433 humiliato

1214 1453 1409 1486 orationibus
1434 1452 1471 1485 ad
1492 1452 1590 1485 Deum
1609 1452 1776 1491 adeamns3
1802 1452 1956 1496 scriptum

1214 1512 1257 1540 est
1284 1506 1384 1539 enim:
1414 1505 1558 1539 Orabitis
1578 1516 1638 1546 me,
1659 1510 1687 1539 et
1704 1516 1759 1549 eqo
1779 1505 1957 1539 exaudiam

1214 1571 1286 1600 vos,
1319 1559 1483 1604 quaeretis
1516 1570 1585 1600 me,
1613 1563 1641 1592 cl
1669 1559 1854 1599 invenietis,
1882 1570 1956 1592 cum

1197 1642 1199 1651 ,
1215 1613 1423 1658 quaesieritis
1440 1613 1474 1646 in
1493 1617 1555 1647 tolo
1572 1613 1665 1646 corde
1680 1616 1803 1653 vestm,-
1827 1623 1886 1647 nec
1903 1613 1957 1646 de·

1216 1668 1272 1700 sint
1289 1667 1458 1707 orationes,
1473 1667 1598 1707 ieiunia,
1616 1667 1835 1707 eleemosinae,
1852 1672 1881 1700 ct
1898 1667 1958 1700 alia

1217 1722 1268 1766 pia
1285 1732 1392 1765 opera,
1410 1731 1568 1754 memores
1586 1720 1731 1757 Danielis,
1749 1720 1839 1754 cuius
1852 1721 1958 1761 verba,

1199 1786 1252 1808 -ex
1278 1786 1342 1819 quo
1366 1774 1416 1807 die
1440 1774 1587 1818 apposuit
1612 1785 1667 1807 cor
1692 1785 1795 1814 suum,
1820 1779 1853 1806 ut
1871 1784 1903 1807 se
1919 1775 1960 1807 as-

1218 1829 1337 1872 iligeret
1367 1828 1396 1861 in
1422 1832 1593 1872 conspectu
1619 1828 1694 1865 Dei,
1724 1827 1868 1861 exaudita
1893 1828 1959 1861 sue-

1219 1888 1312 1915 runt:
1338 1892 1409 1915 nam
1434 1881 1518 1926 quod
1544 1881 1649 1915 attinet
1677 1881 1714 1913 ad
1737 1881 1959 1925 eleemosynas,

1219 1947 1270 1969 eas
1296 1939 1423 1980 peccata
1448 1945 1584 1979 purgare
1600 1961 1607 1975 ‚
1632 1944 1668 1968 ac
1693 1935 1795 1968 facere
1822 1940 1856 1967 ut
1880 1935 1961 1968 inve-

1219 1990 1323 2023 niatur
1355 1988 1594 2028 misericordia,
1626 1988 1700 2021 satis
1731 1988 1824 2021 ctiam
1849 1987 1961 2021 divinis

1220 2042 1354 2087 eloquiis
1387 2041 1605 2075 admonemur.
1626 2041 1789 2083 Quocirca,
1806 2046 1850 2082 ut,
1869 2052 1962 2086 quan-

1203 2103 1286 2129 Ἰῐιιῐη
1312 2107 1383 2130 cum
1410 2096 1543 2129 Domino
1572 2106 1760 2140 possumus,
1791 2095 1901 2129 fideles
1924 2096 1961 2129 ad

1221 2151 1258 2183 ad
1290 2151 1367 2183 haec
1399 2149 1533 2183 alacrius
1564 2149 1743 2193 peragenda
1773 2149 1962 2191 invitemus,

1223 2216 1279 2248 pro
1303 2209 1412 2237 nostro
1436 2203 1602 2248 pastoralis
1627 2202 1721 2236 officii
1752 2213 1900 2243 munere,
1925 2215 1960 2238 ex

1222 2258 1354 2292 solemni
1381 2257 1537 2291 Ecclesiae
1557 2257 1729 2290 catholicae
1755 2268 1853 2297 more,
1879 2258 1962 2292 eius-

1222 2313 1292 2345 dem
1318 2312 1475 2345 Ecclesiae
1500 2312 1682 2351 thesauros,
1707 2322 1842 2354 quorum
1857 2339 1864 2352 ‚
1889 2311 1962 2346 licet

1223 2365 1317 2399 nullis
1342 2365 1458 2398 nostris
1483 2365 1614 2404 meritis,
1639 2375 1656 2397 a
1680 2364 1813 2398 Domino
1837 2364 1962 2409 dispen-

1223 2425 1342 2453 satores
1367 2418 1525 2452 constituti
1551 2428 1669 2459 sumus,
1694 2417 1836 2461 proferre
1853 2423 1883 2451 ct
1901 2419 1961 2451 lar-

1224 2473 1351 2516 gissime
1376 2482 1509 2515 erogare
1533 2471 1740 2504 decrevimus

1269 2526 1283 2567 ,ξ
1308 2525 1336 2559 9..
1364 2526 1480 2568 ltaque,
1498 2535 1534 2557 cx
1555 2527 1642 2568 parte
1659 2523 1883 2567 omnipotentis
1908 2525 1962 2558 Dei

1226 2579 1324 2612 Patris¹
1349 2584 1380 2611 et
1404 2578 1471 2611 Filii
1497 2583 1523 2610 et
1551 2577 1685 2621 Spiritus
1709 2577 1828 2618 sancti,
1854 2588 1964 2611 omnes

1226 2637 1252 2666 et
1279 2632 1419 2675 singulos
1444 2630 1608 2674 utriusque
1634 2641 1726 2663 sexus
1743 2631 1963 2664 christifideles

1227 2693 1287 2719 tam
1305 2687 1334 2718 in
1353 2687 1442 2719 Alma
1461 2685 1541 2717 Urbe
1558 2687 1676 2724 nostra,
1696 2695 1790 2729 quam
1810 2685 1882 2718 alibi
1899 2685 1964 2718 ubi-

1955 283 2004 311 An.
2025 282 2054 311 C.
2077 283 2145 313 16¹9

2002 773 2071 794 Causa
2095 772 2152 794 indi-

1966 800 2043 820 ctionis
2087 798 2151 820 huius

1968 826 2062 847 iubilaoi.

2011 2534 2110 2556 noi-tatur
2132 2533 2161 2564 pel

1978 2562 2024 2583 otus
2029 2562 2161 2588 asuquutno·

1978 2594 2032 2609 nt'nl.
