2293 3231
81 291 131 319 An.
147 290 175 318 C.
196 290 263 318 1622

129 2048 229 2074 Exceptio
245 2049 271 2070 de

119 2081 131 2096 a
145 2075 165 2096 in
186 2077 272 2096 rubrica

87 2102 272 2123 similiter-dicitur.

89 2128 199 2150 clausulae
212 2134 272 2155 prae-

89 2157 216 2176 servaturae.

162 2526 273 2557 Clausulas

91 2557 104 2579 p
110 2556 275 2575 mosei-vatimo-

881 291 1057 316 GREGORIUS
1081 293 1121 316 XV
1145 292 1193 316 PP-

277 336 418 377 interius,
442 347 536 380 quam
557 337 594 369 ad
617 338 754 370 exterius
775 343 959 381 spectantes,
980 350 1013 371 ac

278 394 340 422 tam
373 388 410 421 ad
443 389 701 432 supplicationem
731 390 888 433 partium,
920 402 1014 434 quam

277 447 386 483 motu,
411 442 539 475 scientia
570 448 600 477 et
630 445 791 487 potcstatis
821 445 1015 488 plenitudine

277 495 442 537 similibus,
467 506 484 528 a
507 496 585 530 Sede
611 497 798 540 Apostoliea,
816 508 895 540 quae
912 503 1015 530 tamen

277 548 365 581 vivae
382 548 466 582 vocis
479 549 617 590 oraculo,
631 549 781 582 hactenus
805 550 1016 593 quandocum-

278 612 338 645 que
362 605 392 635 et
416 602 696 646 qualitercumque,
722 613 756 636 cx
782 604 890 646 quavis
921 603 1014 636 etiam

277 655 316 688 de
340 655 523 688 necessitate
547 656 750 700 exprimenda
768 659 872 698 causa,
892 657 1017 701 quibus-

277 709 323 741 vis
356 709 517 752 collegiis,
552 710 717 754 capitulis,
743 710 927 751 ordinibus,
953 716 1015 743 tam

277 762 520 796 Mendicantium
545 774 638 807 quam
664 774 726 797 non
755 764 1015 804 Mendicantium,

278 816 491 857 societatibus,
516 817 608 849 etiam
628 817 773 851 Societati
797 818 876 858 Iesu,
894 829 929 850 ac.
946 828 1018 851 con-

278 870 515 913 gregationibus
537 871 740 915 quibuslibet,
765 872 828 904 sive
853 882 963 905 eorum
989 878 1017 905 ct

278 933 387 957 earum
401 925 574 968 respective
592 925 791 968 praepositis,
805 925 941 965 decanis,
955 935 1018 957 ma-

279 977 395 1019 gistris,
413 978 574 1018 ministris,
595 977 753 1021 praelatis‚
778 978 948 1021 prioribus,
973 988 1019 1011 re—

280 1031 436 1073 ctoribus,
461 1031 661 1074 generalibus
685 1032 733 1063 rel
757 1031 1017 1074 provincialibus,

279 1088 332 1116 aut
352 1084 420 1116 aliis
445 1094 644 1127 quocumque
672 1084 799 1117 nomine
831 1084 1018 1127 nuncupatis

279 1136 513 1180 superioribus,
539 1137 631 1169 etiam
656 1137 895 1180 quomodolibet
918 1147 1020 1169 exem-

278 1189 351 1233 ptis,
375 1200 410 1223 ac
435 1189 506 1223 Sedi
529 1190 707 1234 praedictae
721 1190 900 1223 immediate
919 1190 1019 1223 subie-

279 1241 345 1283 ctis,
370 1242 595 1286 cuiuscumque
619 1243 788 1285 dignitatis,
807 1243 1019 1286 praeeminen-

279 1294 350 1335 tiae,
363 1300 414 1328 aut
429 1295 539 1338 quovis
556 1296 721 1339 privilegio
740 1296 868 1328 munitis
884 1296 959 1338 (non
978 1301 1020 1327 ta-

279 1358 352 1381 men
365 1348 403 1381 ad
420 1348 680 1392 supplicationem
699 1350 825 1392 regum)
843 1359 1018 1388 concessas,

279 1401 312 1434 in
342 1401 380 1434 iis
411 1401 576 1442 videlicet,
607 1412 686 1445 quae
715 1412 778 1435 non
811 1407 882 1434 sunt
910 1401 1019 1434 sortita

280 1455 437 1496 effectum,
462 1459 570 1490 tenore
586 1456 800 1499 praesentium
824 1466 1019 1495 revocamus,

281 1519 450 1550 cassamus,
475 1510 625 1550 tollimus,
643 1510 836 1552 abrogamus
861 1514 890 1541 et.
914 1509 1021 1541 annul-

280 1561 392 1603 lamus,
405 1573 441 1595 ac
458 1567 613 1603 revocata,
634 1567 762 1602 cassata,
784 1562 915 1601 sublata,
933 1562 1022 1594 abro-

281 1620 352 1657 gata
376 1620 406 1648 et
434 1615 612 1655 annullata,
637 1615 819 1658 viribusque
851 1619 880 1647 et
910 1615 1021 1647 effectu

281 1678 378 1701 vacua
408 1674 561 1712 perpetuo
593 1670 659 1701 fore
689 1673 719 1700 et
749 1678 837 1708 esse,
860 1678 963 1711 neque
990 1668 1021 1700 in

282 1726 446 1765 posterum
478 1722 625 1765 cuiquam
656 1720 822 1763 suffragari
851 1731 942 1763 posse
973 1720 1020 1752 vel

282 1774 407 1815 debere,
431 1785 534 1818 neque
559 1774 695 1818 aliquem
719 1773 756 1806 iis
782 1773 820 1806 de
845 1779 951 1806 cetero
976 1773 1021 1805 uti

282 1828 347 1861 ullo
371 1828 465 1861 modo
481 1839 583 1872 posse,
601 1827 723 1861 etiamsi
742 1838 890 1871 expressa
910 1833 939 1860 et
956 1837 1023 1871 spe-

283 1881 373 1914 cifica
397 1881 524 1922 mentio,
543 1881 636 1914 etiam
653 1880 691 1913 de
707 1880 804 1913 verbo
825 1880 864 1912 ad
880 1880 1021 1920 verbum,

284 1934 323 1967 de
346 1935 384 1968 iis
407 1935 548 1968 facienda
567 1938 647 1968 esset
661 1961 668 1975 ,
693 1934 891 1966 decernimus
916 1939 945 1965 et
970 1933 1023 1965 de·

285 1989 449 2021 claramus.

330 2042 345 2085 ἓ
368 2041 398 2074 2.
431 2041 567 2074 Firmius
591 2046 695 2074 tamen
719 2046 749 2073 et
773 2041 804 2073 in
829 2051 885 2073 suo
909 2041 1024 2073 robore

286 2095 545 2138 permanentibus
568 2094 714 2127 omnibus
743 2093 872 2126 indultis
896 2098 926 2126 et
956 2093 1024 2126 aliis

288 2147 542 2181 concessionibus
566 2146 734 2190 praedictis
753 2147 840 2179 vivae
857 2147 941 2179 vocis
959 2157 1025 2179 ora-

288 2201 358 2234 culo
375 2200 403 2233 S.
423 2201 456 2233 R.
475 2200 507 2233 E.
527 2200 738 2233 cardinalibus
755 2200 792 2232 ad
813 2200 953 2243 ipsorum
976 2200 1023 2232 vel

287 2254 420 2287 aliorum
438 2264 712 2296 quorumcumque
730 2254 878 2292 savorem,
896 2253 1024 2295 propria

287 2306 315 2339 S.
335 2307 368 2339 R.
386 2307 419 2339 E.
435 2306 642 2339 cardinalium
667 2316 761 2338 manu
792 2306 942 2346 firmatis,
967 2316 1024 2349 pro

287 2359 364 2403 ipsis
388 2359 434 2392 vel
460 2351 535 2391 aliis⁴
553 2359 651 2399 sactis,
677 2364 706 2391 et
731 2359 768 2391 de
792 2359 905 2401 quibus
931 2358 1024 2391 iidem

288 2418 412 2447 sanctae
436 2414 592 2446 Romanae
610 2412 766 2445 Ecclesiae
792 2412 965 2445 cardinales
985 2418 1026 2445 te-

288 2467 469 2501 stimonium
494 2467 525 2499 in
549 2466 672 2509 scriptis
696 2466 918 2509 praebuerunt.

333 2521 348 2564 ξ
364 2520 393 2554 3.
418 2521 636 2559 Decernentes,
653 2524 833 2563 praesentes
849 2519 979 2559 litteras,
997 2524 1026 2551 et

288 2573 320 2606 in
340 2574 384 2607 eis
399 2579 544 2607 contenta
564 2583 791 2616 quaecumque,
810 2572 902 2604 ctiam
928 2583 964 2604 ex
989 2582 1026 2604 eo

289 2627 374 2671 quod
396 2627 586 2672 quicumque
611 2627 642 2658 in
666 2625 846 2669 praemissis
876 2625 1026 2658 interesse

289 2680 455 2724 habentes,
481 2691 536 2715 seu
558 2680 675 2714 habere
706 2679 960 2723 praetendentes,
988 2680 1026 2713 ad

1048 392 1199 435 reptionis
1224 391 1270 424 vel
1296 391 1490 434 obreptionis
1515 390 1600 430 vitio,
1618 393 1669 423 aut
1694 390 1790 422 inten-

1048 444 1140 477 tionis
1156 450 1281 477 nostrae
1299 455 1353 476 seu
1371 444 1432 476 alio
1448 453 1648 486 quocumque
1666 442 1785 474 defectu

1048 498 1167 537 notari,
1193 497 1390 541 impugnari,
1415 496 1580 539 redargui,
1606 495 1644 528 ad
1669 495 1717 528 ius
1741 495 1788 527 vel

1048 551 1295 583 controversiam
1314 550 1466 590 revocari,
1484 549 1522 582 ad
1544 549 1694 583 terminos
1713 548 1790 581 iuris

1048 603 1178 644 reduci,
1203 608 1256 636 aut.
1286 603 1436 636 adversus
1468 603 1535 635 illas
1569 602 1789 646 quodcumque

1049 656 1136 697 iuris,
1162 657 1280 700 gratiae
1312 657 1358 689 vel
1391 656 1462 689 sacti
1489 656 1664 689 remedium
1689 655 1790 699 impe-

1049 711 1123 743 trari
1149 711 1325 743 nullatcnus
1350 720 1459 754 posse,
1485 709 1538 742 sed
1568 710 1634 742 illas
1666 719 1790 753 semper

1049 764 1165 796 validas
1186 768 1215 798 et
1239 764 1379 797 efficaces
1405 763 1540 796 existere
1558 768 1588 796 et
1606 763 1681 803 sore,
1704 773 1789 796 suos-

1050 828 1109 860 que
1133 818 1290 861 plenarios
1315 821 1345 851 et
1370 818 1508 860 integros
1533 816 1661 850 effectus
1683 817 1789 850 sortiri

1049 875 1081 903 ct
1105 870 1257 911 obtinere,

1095 924 1161 968 §4
1195 925 1307 968 Sicque
1339 935 1396 968 per
1425 934 1642 968 quoscumque
1673 923 1790 956 iudices

1050 978 1227 1011 ordinarios
1252 983 1282 1011 et
1306 978 1480 1020 delegatos,
1506 977 1597 1011 etiam
1623 987 1789 1010 causarum

1052 1031 1156 1074 palatii
1181 1031 1343 1075 apostolici
1369 1031 1546 1071 auditores,
1571 1041 1606 1064 ac
1631 1031 1660 1064 S.
1692 1031 1726 1063 R.
1755 1031 1788 1063 E.

1051 1084 1234 1124 cardinales,
1251 1084 1344 1117 etiam
1360 1084 1398 1116 de
1415 1084 1509 1116 latere
1527 1084 1647 1126 legatos
1665 1088 1694 1116 ct
1716 1093 1792 1115 nun-

1051 1137 1116 1170 cios
1141 1137 1277 1179 (sublata
1303 1137 1346 1169 eis
1363 1143 1391 1169 et
1409 1147 1520 1169 corum
1538 1137 1666 1169 cuilibet
1683 1136 1792 1179 quavis

1052 1190 1141 1222 aliter
1166 1190 1322 1223 iudicandi
1349 1195 1379 1222 et
1399 1190 1626 1233 interpretandi
1647 1190 1792 1222 facultate

1052 1247 1081 1274 et
1105 1243 1303 1285 auctoritate)
1325 1243 1457 1275 iudicari
1476 1248 1505 1275 et
1523 1243 1647 1275 definiri
1665 1243 1791 1280 debere,

1051 1306 1085 1328 ac
1108 1295 1232 1328 irritum
1258 1301 1285 1328 et
1312 1295 1414 1335 inane,
1440 1295 1464 1327 si
1490 1306 1579 1328 secus
1597 1306 1690 1339 super
1711 1295 1758 1327 his
1776 1306 1792 1327 a

1052 1360 1068 1381 a
1092 1360 1272 1393 quoquam,
1297 1349 1406 1392 quavis
1431 1349 1634 1388 auctoritate,
1660 1348 1794 1382 scienter

1052 1402 1098 1434 vel
1119 1402 1310 1444 ignoranter,
1336 1401 1504 1443 contigerit
1527 1401 1681 1434 attentari.

1097 1455 1111 1497 g
1143 1454 1171 1487 5.
1204 1455 1271 1487 Non
1304 1454 1501 1488 obstantibus
1533 1453 1732 1498 praemissis,
1758 1464 1793 1487 ac

1052 1507 1214 1550 quibusvis
1239 1508 1514 1541 constitutionibus
1539 1513 1569 1540 et
1593 1507 1795 1541 ordinationi—

1054 1561 1113 1593 bus
1126 1561 1316 1604 apostolicis,
1330 1561 1504 1604 privilegiis
1518 1571 1652 1604 quoque,
1663 1561 1794 1594 indultis

1055 1618 1083 1648 et
1108 1615 1218 1647 litteris
1239 1614 1429 1658 apostolicis,
1447 1614 1621 1655 ordinibus,
1639 1615 1794 1647 societati-

1054 1667 1112 1700 bus
1145 1672 1175 1700 et
1208 1667 1506 1710 congregationibus
1534 1667 1722 1710 praedictis,
1748 1678 1796 1701 eo-

1055 1731 1190 1763 rumque
1215 1720 1421 1763 praeposifis,
1446 1720 1572 1752 decanis
1586 1746 1593 1760 ,
1615 1720 1794 1762 magistris,

1056 1773 1217 1814 ministris,
1243 1773 1400 1817 praelatis,
1425 1772 1597 1816 prioribus,
1617 1773 1795 1806 rectoribus

1057 1832 1086 1859 et
1111 1827 1178 1859 aliis
1204 1826 1420 1870 superioribus
1445 1826 1614 1869 praedictis
1643 1826 1700 1858 sub
1730 1826 1796 1869 qui-

1056 1880 1251 1924 buscumque
1276 1880 1438 1913 tenoribus
1463 1885 1493 1912 et
1518 1879 1638 1920 formis,
1663 1890 1698 1912 ac
1723 1890 1794 1912 cum

1057 1934 1230 1977 quibusvis,
1255 1934 1348 1967 eliam
1373 1933 1645 1975 dcrogatoriarum
1663 1932 1795 1975 deroga-

1058 1988 1163 2027 toriis,
1196 1987 1326 2030 aliisque
1358 1987 1587 2019 efficacioribus
1612 1992 1641 2019 et
1665 1986 1796 2019 insolitis

1058 2041 1215 2081 clausulis,
1227 2052 1263 2073 ac
1276 2040 1473 2073 irritantibus
1487 2045 1516 2072 et
1529 2040 1597 2072 aliis
1614 2039 1748 2072 decretis
1765 2040 1795 2071 in

1058 2105 1174 2137 genere
1199 2095 1245 2127 vel
1270 2094 1301 2126 in
1322 2094 1447 2137 ispecie,
1473 2104 1508 2126 ac
1532 2093 1606 2125 alias
1627 2094 1659 2125 in
1678 2098 1797 2126 contra-

1058 2148 1140 2180 rium
1159 2147 1404 2191 praemissorum
1424 2146 1659 2190 quomodolibet
1673 2156 1797 2179 conces-

1059 2201 1110 2241 sis,
1136 2200 1329 2233 consirmatis
1354 2205 1383 2232 et
1408 2200 1571 2232 innovatis.
1596 2199 1714 2238 Quibus
1734 2210 1797 2231 om-

1058 2254 1150 2286 nibus
1163 2258 1191 2286 et
1211 2253 1352 2295 singulis,
1370 2253 1491 2285 etiamsi
1516 2263 1575 2295 pro
1596 2253 1722 2285 illorum
1739 2253 1797 2284 sus—

1059 2307 1174 2341 sicienti
1208 2307 1413 2349 derogatione
1447 2306 1484 2339 de
1516 2306 1598 2345 illis,
1624 2316 1797 2349 eorumque

1059 2361 1131 2393 totis
1144 2360 1305 2393 tenoribus
1320 2360 1473 2403 specialis,
1486 2359 1641 2402 specifica,
1653 2369 1797 2402 expressa

1059 2419 1089 2446 et
1112 2413 1281 2453 individua,
1302 2424 1336 2445 ac
1354 2413 1391 2445 de
1407 2413 1504 2445 verbo
1523 2412 1560 2444 ad
1575 2413 1716 2452 verbum,
1735 2422 1797 2445 non

1059 2471 1163 2499 autem
1188 2476 1244 2509 per
1269 2466 1423 2498 clausulas
1448 2465 1610 2507 generales
1635 2465 1716 2497 idem
1746 2465 1800 2497 im—

1059 2524 1229 2563 portantes,
1247 2518 1364 2551 mentio
1385 2529 1439 2551 seu
1459 2518 1586 2561 quaevis
1600 2518 1659 2550 alia
1676 2529 1800 2562 expres—

1060 2574 1106 2606 sio
1144 2573 1307 2613 habcnda,
1332 2577 1385 2604 aut
1415 2572 1518 2615 aliqua
1550 2572 1610 2604 alia
1645 2572 1798 2615 exquisita

1061 2628 1161 2660 forma
1185 2626 1223 2658 ad
1249 2626 1308 2658 hoc
1326 2625 1477 2658 servanda
1496 2625 1586 2665 soret,
1603 2630 1728 2658 tenores
1745 2626 1799 2658 hu-

1061 2679 1195 2713 iusmodi
1218 2678 1434 2722 praesentibus
1467 2689 1525 2722 pro
1549 2678 1641 2722 plene
1665 2684 1696 2711 et
1719 2679 1800 2711 suffi-
1830 2671 1834 2674 ³

1691 280 1754 314 707
1801 289 1894 317 Aac.
1918 290 1985 316 1622

1031 340 1107 372 ,hoc
1133 339 1231 371 vocati
1258 341 1285 371 ct
1311 338 1405 371 auditi
1430 348 1492 370 non
1512 337 1640 377 suerint,
1659 336 1696 369 de
1714 337 1791 369 sub-

1845 935 1942 957 Clausula
1957 943 1989 957 nu-

1806 963 1867 984 btatd.

1835 1466 1945 1487 Clausulne
1957 1467 1991 1486 de-

1809 1496 1938 1519 rogatorias..
