2293 3231
282 285 332 312 An.
349 285 379 313 C.
398 284 466 312 ¹622

280 721 345 768 1Ιίῐὲ
375 747 463 767 iudicari

280 780 342 801 posse
358 774 462 795 decernit.

375 721 404 741 ita
426 725 463 740 nec

347 1252 464 1274 Contrariis

280 1279 375 1301 omnibus
403 1279 464 1305 plene

281 1307 376 1332 derogat.

509 273 573 308 658

481 332 628 366 omnibus
652 336 680 363 et
706 329 838 372 singulis
862 334 915 360 aut
938 327 1021 360 circa
1038 336 1074 358 ea
1093 335 1221 369 quoquo

484 384 578 418 modo
587 383 813 426 delinquentes,
828 380 951 424 quoties
961 385 989 412 et
1007 378 1131 422 quando
1142 388 1222 421 opus

481 435 584 475 suerit,
602 434 694 467 etiam
716 437 803 465 extra
825 430 1046 470 visitationem,
1071 439 1128 473 per
1152 439 1223 462 cen·

482 499 571 522 suras
595 485 833 525 ecclesiasticas,
854 485 992 527 aliasque
1019 493 1153 526 poenas,
1178 482 1221 515 uti

481 541 622 575 eiusdem
647 539 734 572 Sedis
758 538 911 581 delegati,
936 536 1127 581 procedere,
1147 546 1218 569 om-

483 604 617 638 nemque
634 592 883 626 iurisdictionem
911 600 1057 624 exercere
1078 590 1176 622 libere
1194 593 1222 623 et

481 649 562 682 licite
575 647 706 680 valeant.

526 704 541 745 ἓ
566 702 594 735 7.
620 701 838 739 Decerncntes‚
856 699 900 732 sic
925 708 982 742 per
1006 707 1222 741 quoscumque

481 755 609 795 iudices,
619 753 729 798 quavis
741 752 926 786 auctoritate
943 751 1120 794 fungentes,
1129 749 1222 783 etiam

482 809 564 843 sacri
588 807 694 852 palatii
719 806 899 846 auditores,
924 815 980 838 nec
1011 814 1074 837 non
1099 808 1223 837 sanctae

483 864 641 897 Romanae
658 860 815 894 Ecclesiae
831 859 1005 892 cardinales
1024 857 1159 901 (sublata
1179 856 1223 889 eis

480 922 509 949 ct
535 926 647 949 eorum
673 913 801 948 cuilibet
826 912 934 958 quavis
951 911 1042 944 aliter
1066 909 1223 943 iudicandi

481 976 511 1003 et
535 967 763 1013 interpretandi
788 966 933 1000 facultate
966 970 995 997 ct
1023 963 1222 1007 auctoritate)

481 1023 613 1057 iudicari
637 1026 668 1055 et
691 1019 815 1054 definiri
845 1019 975 1058 debere3
1001 1018 1125 1051 irritum
1150 1027 1224 1061 quo-

481 1087 542 1122 que
566 1081 597 1109 et
620 1075 722 1115 inane,
747 1074 772 1107 si
798 1083 888 1106 secus
912 1082 1006 1116 super
1030 1071 1079 1104 his
1103 1081 1119 1103 a
1143 1081 1222 1114 quo-

479 1140 583 1175 quam,
595 1128 705 1174 quavis
722 1126 917 1166 auctoritate,
927 1125 1062 1159 scienter
1076 1123 1122 1157 vel
1138 1123 1223 1166 igno-

479 1189 595 1224 ranter,
612 1181 780 1225 contigerit
798 1179 954 1213 attentari.

524 1238 539 1281 g
563 1236 591 1269 8.
618 1237 686 1270 Non
717 1233 914 1268 obstantibus
945 1230 1221 1265 constitutionibus

480 1296 509 1324 et
533 1288 783 1324 ordinationibus
812 1285 993 1331 apostolicis
1021 1285 1052 1318 in
1081 1285 1220 1317 favorem

479 1352 754 1389 quarumcumque
779 1350 998 1385 personarum,
1019 1343 1111 1382 atque
1136 1336 1222 1371 Ordi-

479 1408 554 1431 num
579 1401 641 1432 tam
666 1394 918 1435 Mendicantium,
936 1403 1030 1438 quam
1055 1402 1117 1425 non
1141 1392 1222 1425 Men-

480 1452 671 1491 dicantium,
696 1449 896 1489 militiarum,
922 1447 1016 1481 ctiam
1045 1446 1072 1479 S
1099 1445 1222 1479 loannis

479 1503 766 1549 hierosolymitani,
782 1501 1075 1545 congregationum,
1096 1500 1223 1534 societa-

480 1564 556 1600 tum,
581 1569 616 1592 ac
641 1558 778 1592 cuiusvis
802 1556 930 1590 alterius
954 1554 1102 1595 instituti,
1128 1553 1220 1587 etiam

478 1612 656 1647 necessario
687 1617 717 1645 et
747 1610 778 1642 in
809 1609 970 1642 individuo
1002 1607 1220 1652 exprimendi,

480 1665 756 1705 monasteriorum,
767 1668 990 1702 conventuum,
999 1661 1221 1705 capitulorum,

478 1719 702 1759 ecclesiarum,
719 1722 750 1751 et
774 1717 909 1750 aliorum
927 1725 1220 1760 quorumcumque,

478 1779 541 1806 tam
566 1772 753 1806 secularium
780 1781 874 1815 quam
899 1769 1109 1812 regularium,
1135 1768 1220 1802 loco-

478 1837 560 1867 rum,
580 1836 638 1859 nec
662 1834 726 1858 non
750 1824 877 1857 illorum
904 1823 1012 1866 (etiam
1032 1822 1219 1863 iuramento,

478 1878 719 1913 confirmatione
744 1877 932 1922 apostolica,
957 1876 1005 1909 vel
1037 1875 1146 1920 quavis
1170 1875 1221 1907 sir-

478 1933 585 1967 mitate
608 1932 669 1965 alia
690 1931 862 1974 roboratis)
878 1929 1001 1964 statutis
1018 1930 1066 1962 vel
1091 1939 1220 1962 consue-

478 1986 648 2026 tudinibus,
660 1985 754 2018 etiam
770 1983 1084 2023 immemorabilibus,
1099 1993 1221 2026 exemp-

478 2039 616 2073 tionibus
646 2049 789 2083 quoque,
814 2038 942 2071 indultis
971 2043 1001 2071 et
1025 2037 1219 2082 privilegiis,

478 2093 571 2126 etiam
586 2093 616 2125 in
630 2102 765 2136 corpore
779 2092 856 2125 iuris
869 2091 993 2132 clausis,
1006 2095 1059 2125 aut
1072 2101 1107 2123 ex
1126 2092 1219 2124 causa

1058 277 1235 302 acLLAan
1261 276 1414 301 ROMANUM

1254 335 1290 358 ac
1313 324 1352 357 de
1376 324 1567 368 apostolicae
1596 324 1757 367 potestatis
1784 323 1995 368 plenitudine,

1255 383 1305 410 aut
1333 377 1409 409 alias
1434 376 1687 421 quomodolibet,
1711 376 1805 410 etiam
1829 387 1888 420 per
1913 377 1995 409 viam

1255 429 1549 464 communicationis
1573 439 1628 462 seu
1652 429 1854 469 extensionis,
1873 439 1997 463 conces-

1256 483 1298 517 sis
1318 490 1345 517 et
1373 483 1493 516 iteratis
1510 482 1629 516 vicibus
1646 481 1831 526 approbatis
1854 487 1884 515 et
1907 482 1997 516 inno-

1256 538 1350 575 vatis;
1374 537 1508 577 etiamsi,
1531 547 1590 580 pro
1614 536 1741 570 illorum
1766 535 1932 569 sufficienti
1948 536 1999 569 de-

1257 591 1432 634 rogatione,
1441 590 1479 623 de
1491 590 1552 622 illis
1565 599 1739 633 eorumque
1751 589 1823 623 totis
1837 589 1999 623 tenoribus

1256 651 1285 678 et
1303 644 1411 678 formis
1425 643 1570 688 specialis
1585 648 1614 676 et
1628 642 1786 676 individua
1803 654 1839 676 ac
1851 643 1889 676 de
1903 643 1999 677 verbo

1256 698 1294 731 ad
1309 698 1450 739 verbum,
1464 707 1526 731 non
1539 702 1644 730 autem
1661 707 1717 740 per
1734 697 1890 730 clausulas
1908 706 1999 740 gene-

1257 752 1338 785 rales
1356 752 1439 785 idem
1458 752 1674 795 imponantes
1692 750 1810 785 mentio
1827 761 1883 784 seu
1901 760 1999 795 quae-

1258 805 1303 838 vis
1320 805 1379 838 alia
1399 804 1561 849 expressio
1579 804 1723 837 habenda
1747 807 1799 837 aut
1819 803 1924 848 aliqua
1939 803 2000 836 alia

1257 858 1411 902 exquisita
1443 857 1543 891 forma
1572 857 1725 891 servanda
1749 860 1850 897 esset,
1874 861 2000 890 tenores

1257 911 1460 951 huiusmodi,
1485 922 1520 944 ac
1545 911 1571 945 si
1603 911 1642 944 (le
1667 910 1763 944 verbo
1787 910 1826 944 ad
1850 910 1999 953 verbum,

1257 966 1335 999 nihil
1353 965 1477 1010 penitus
1497 965 1626 1007 omisso,
1643 970 1671 998 et
1688 966 1790 999 forma
1807 965 1839 998 in
1855 965 1917 998 illis
1936 969 1999 997 tra-

1257 1019 1321 1068 dita
1337 1019 1512 1060 observata,
1530 1019 1639 1052 inserti
1656 1019 1768 1060 forent,
1781 1017 2000 1062 praesentibus

1255 1084 1314 1118 pro
1338 1073 1496 1118 expressis
1517 1073 1678 1113 habentes,
1695 1071 1820 1116 quibus,
1843 1070 1947 1116 quoad
1963 1081 2001 1105 ea

1256 1137 1336 1170 quae
1366 1127 1483 1160 eisdem
1523 1125 1741 1171 praesentibus
1773 1125 1998 1166 adversantur,

1256 1180 1317 1213 illis
1341 1180 1417 1213 alias
1434 1180 1466 1217 in
1483 1191 1540 1214 suo
1558 1180 1674 1214 robore
1690 1179 1916 1224 permansuris,
1934 1189 1999 1223 spe-

1255 1233 1376 1267 cialiter
1392 1239 1422 1267 et
1438 1244 1587 1278 expresse
1603 1233 1805 1277 derogamus,
1821 1232 1997 1277 ceterisque

1256 1287 1422 1320 contrariis
1438 1287 1698 1330 quibuscumque.

1300 1342 1315 1384 ἓ
1339 1340 1368 1374 9.
1395 1341 1550 1381 Ceterum,
1568 1341 1641 1385 quia
1661 1340 1786 1374 difficile
1803 1341 1893 1382 foret,
1910 1350 1998 1384 prae-

1256 1399 1359 1427 sentes
1376 1394 1493 1428 litteras
1506 1394 1544 1427 ad
1562 1393 1685 1437 singula
1702 1403 1845 1437 quaeque
1861 1393 1931 1427 loca
1943 1393 1997 1427 de-

1255 1448 1340 1489 ferri,
1365 1453 1399 1481 ut.
1423 1458 1477 1481 eae
1502 1453 1606 1481 tamen
1630 1447 1777 1482 omnihus
1793 1447 1998 1490 innotescant,

1256 1501 1442 1534 mandamus
1476 1501 1544 1535 illas
1575 1501 1614 1534 ad
1644 1501 1748 1534 valvas
1781 1501 1999 1535 Lateranensis

1256 1560 1285 1588 et
1311 1555 1465 1600 Principis
1489 1555 1706 1599 apostolorum
1726 1555 1764 1588 de
1789 1555 1872 1589 Urbe
1896 1553 1999 1589 basili-

1256 1619 1375 1650 carum,
1396 1614 1489 1653 atque
1515 1609 1720 1642 cancellariae
1744 1608 1944 1653 apostolicae,
1969 1614 2000 1643 et

1255 1662 1286 1695 in
1311 1662 1377 1695 acie
1402 1663 1504 1706 campi
1530 1663 1641 1696 Florae
1671 1662 1844 1707 publicari,
1869 1666 1899 1696 et
1922 1662 1999 1696 inibi

1255 1716 1349 1759 affigi,
1366 1721 1396 1749 et
1413 1726 1469 1760 per
1486 1716 1612 1761 aliquod
1630 1716 1782 1760 temporis
1798 1715 1933 1760 spatium
1951 1715 1998 1749 di-

1255 1769 1346 1810 mitti,
1364 1769 1471 1813 eisque
1491 1769 1649 1810 detractis,
1669 1779 1778 1802 earum
1800 1769 1944 1813 exempla
1959 1779 1998 1803 eo

1255 1822 1285 1855 in
1302 1823 1372 1856 loco
1389 1823 1534 1867 relinqui.

1299 1876 1314 1919 g
1339 1876 1391 1910 110.
1413 1878 1456 1910 Ac
1481 1877 1636 1918 volumus,
1652 1882 1686 1910 ut
1706 1876 1888 1910 earumdem
1904 1886 1997 1921 prae·

1254 1930 1387 1964 sentium
1402 1929 1579 1963 litterarum
1594 1930 1810 1975 transumptis,
1827 1930 1920 1963 etiam
1940 1930 1998 1964 im-

1254 1984 1381 2028 pressis,
1399 1994 1494 2016 manu
1511 1983 1644 2017 alicuius
1660 1984 1773 2018 notarii
1792 1983 1911 2028 publici
1928 1984 1999 2018 sub-

1254 2038 1389 2082 scriptis,
1402 2043 1432 2071 et
1449 2037 1554 2081 sigillo
1567 2038 1699 2082 praelati
1723 2048 1777 2072 seu
1794 2047 1949 2082 personae
1965 2037 1996 2071 in

1253 2091 1404 2134 dignitate
1422 2091 1632 2124 ecclesiastica
1652 2091 1839 2125 constitutae
1856 2091 1996 2133 munitis,

478 2153 508 2180 et
527 2147 618 2180 titulo
635 2156 770 2180 oneroso
788 2146 835 2179 vel
860 2146 892 2178 in
912 2145 1010 2178 limite
1030 2144 1220 2178 fundationis
1254 2144 1284 2177 iu
1309 2144 1425 2178 iudicio
1449 2148 1479 2177 et
1504 2149 1591 2177 extra
1615 2144 1701 2185 illud,
1719 2144 1773 2177 ubi
1790 2155 1870 2189 opus
1890 2143 1995 2185 fuerit,

478 2200 651 2241 concessis,
676 2199 768 2233 ctiam
794 2199 873 2231 mari
899 2209 1029 2241 magno,
1054 2209 1109 2230 seu
1134 2198 1220 2230 bulla

477 2255 587 2294 aurea,
612 2258 665 2286 aut
690 2253 766 2285 alias
790 2252 977 2296 nuncupatis
986 2263 994 2292 ;
1019 2257 1219 2284 conservato-

478 2319 549 2341 rum
560 2307 827 2351 deputationibus,
841 2316 1027 2349 eorumque,
1045 2311 1138 2350 atquc
1151 2305 1219 2338 aliis

479 2360 728 2401 inhibitionibus,
741 2360 855 2404 quibus
869 2359 1008 2404 episcopi
1025 2359 1147 2392 deferre
1164 2359 1219 2392 mi-

479 2415 562 2447 nime
587 2419 768 2454 teneantur;
793 2418 824 2446 et
855 2413 1017 2457 quibusvis
1045 2412 1134 2456 aliis,
1160 2413 1217 2446 sub

1253 2198 1363 2232 eadem
1381 2209 1513 2243 prorsus
1525 2198 1604 2232 fides
1615 2198 1814 2240 adhiheatur,
1826 2208 1906 2242 quae
1919 2198 1996 2243 ipsis

1253 2252 1461 2295 originalibus
1485 2251 1702 2292 adhiberetur,
1729 2251 1755 2285 si
1778 2252 1883 2285 forent
1906 2251 1995 2285 exhi-

1253 2305 1338 2338 bitae
1359 2305 1406 2338 vel
1423 2309 1576 2339 ostensae.

1297 2360 1311 2402 ,ξ
1337 2359 1350 2392 ·1
1365 2359 1387 2392 Ι.
1413 2359 1496 2392 Nulli
1520 2369 1598 2402 ergo
1621 2359 1750 2392 omnino
1775 2357 1941 2391 hominum
1960 2357 1994 2391 li-

478 2467 727 2511 quibuscumque
741 2466 905 2500 tenoribus
918 2471 948 2499 et
961 2466 1080 2507 formis,
1091 2477 1127 2499 ac
1147 2477 1218 2499 cum
1235 2460 1238 2505 Ι
1253 2466 1442 2507 durationis,
1455 2465 1667 2507 decretorum,
1677 2464 1900 2508 derogationis,
1910 2474 1994 2498 man-

478 2520 639 2563 quibusvis
667 2521 760 2554 etiarn
788 2520 1062 2563 derogatoriarurn
1091 2519 1220 2563 deroga-

479 2573 585 2613 toriis‚
610 2573 742 2616 aliisque
775 2573 1004 2607 efficacioribus
1033 2578 1062 2607 et
1087 2573 1220 2607 insolitis

479 2627 642 2668 clausulis,
668 2638 723 2660 nec
754 2638 816 2660 non
846 2627 1041 2661 irritantibus
1065 2627 1218 2668 dem-viis,

480 2681 572 2713 etiam
598 2685 684 2713 motu
709 2681 842 2725 proprio
859 2685 889 2712 et
909 2692 944 2713 ex
969 2683 1055 2714 certa
1080 2680 1218 2723 scientia,

1252 2519 1314 2552 dati
1339 2525 1368 2552 et
1392 2519 1559 2553 voluntatis
1584 2519 1765 2561 infringere,
1791 2519 1838 2551 vel
1862 2518 1890 2551 ei
1915 2528 1995 2551 ausu

1253 2573 1420 2607 temerario
1444 2572 1611 2606 contraire.
1645 2571 1676 2604 Si
1709 2571 1779 2614 quis
1803 2576 1907 2604 autem
1932 2571 1993 2606 hoc

1252 2631 1404 2659 attentare
1440 2624 1707 2670 praesumpserit,
1745 2624 1993 2668 indignationem

1253 2679 1476 2724 omnipotentis
1500 2679 1555 2712 Dei
1587 2689 1623 2712 ac
1655 2678 1821 2712 beatorum
1851 2678 1935 2713 Petri
1963 2683 1995 2712 et

2008 275 2057 302 An.
2073 274 2102 302 C.
2125 274 2192 304 ¹⁶22

2027 1350 2197 1373 ruminationem

2012 1376 2093 1399 Romae
2110 1377 2196 1403 tactam.

2012 1409 2085 1425 omnes
2129 1404 2196 1431 lium

2012 1430 2094 1452 statuit.

2011 1884 2196 1935 „traam

2056 2364 2192 2387 Sanctionem

1253 2416 1319 2446 ceat
1343 2412 1423 2446 hanc
1440 2412 1588 2456 paginam
1608 2417 1791 2446 nostrorum
1807 2410 1925 2452 statuti,
1941 2410 1993 2444 de-
2008 2391 2193 2440 mennam-umi-
