<?xml version="1.0" encoding="UTF-8"?>
<!DOCTYPE html PUBLIC "-//W3C//DTD XHTML 1.0 Transitional//EN"
    "http://www.w3.org/TR/xhtml1/DTD/xhtml1-transitional.dtd">
<html xmlns="http://www.w3.org/1999/xhtml" xml:lang="en" lang="en">
 <head>
  <title>
</title>
<meta http-equiv="Content-Type" content="text/html;charset=utf-8" />
  <meta name='ocr-system' content='tesseract 3.04.00' />
  <meta name='ocr-capabilities' content='ocr_page ocr_carea ocr_par ocr_line ocrx_word'/>
</head>
<body>
  <div class='ocr_page' id='page_1' title='image "./bullarumdiplomat12cath_0252.png"; bbox 0 0 2293 3231; ppageno 0'>
   <div class='ocr_carea' id='block_1_1' title="bbox 281 279 458 307">
    <p class='ocr_par' dir='ltr' id='par_1_1' title="bbox 281 279 458 307">
     <span class='ocr_line' id='line_1_1' title="bbox 281 279 458 307; baseline 0 -1"><span class='ocrx_word' id='word_1_1' title='bbox 281 282 326 306; x_wconf 70' lang='lat' dir='ltr'><strong>An.</strong></span> <span class='ocrx_word' id='word_1_2' title='bbox 339 281 357 305; x_wconf 76' lang='lat' dir='ltr'>C</span> <span class='ocrx_word' id='word_1_3' title='bbox 392 279 458 307; x_wconf 67' lang='lat'><strong>16¹3</strong></span> 
     </span>
    </p>
   </div>
   <div class='ocr_carea' id='block_1_2' title="bbox 277 370 463 447">
    <p class='ocr_par' dir='ltr' id='par_1_2' title="bbox 277 370 463 447">
     <span class='ocr_line' id='line_1_2' title="bbox 278 370 463 390; baseline -0.011 0"><span class='ocrx_word' id='word_1_4' title='bbox 278 370 369 390; x_wconf 64' lang='lat' dir='ltr'><strong>eccle-ia</strong></span> <span class='ocrx_word' id='word_1_5' title='bbox 394 370 463 389; x_wconf 74' lang='lat' dir='ltr'><strong>saneti</strong></span> 
     </span>
     <span class='ocr_line' id='line_1_3' title="bbox 277 394 462 417; baseline -0.011 -1"><span class='ocrx_word' id='word_1_6' title='bbox 277 395 387 417; x_wconf 79' lang='lat' dir='ltr'><strong>Laui-enni</strong></span> <span class='ocrx_word' id='word_1_7' title='bbox 442 394 462 414; x_wconf 87' lang='lat' dir='ltr'><strong>in</strong></span> 
     </span>
     <span class='ocr_line' id='line_1_4' title="bbox 278 421 454 447; baseline -0.011 -4"><span class='ocrx_word' id='word_1_8' title='bbox 278 422 370 443; x_wconf 78' lang='lat' dir='ltr'><strong>Damaso</strong></span> <span class='ocrx_word' id='word_1_9' title='bbox 385 421 454 447; x_wconf 75' lang='lat' dir='ltr'><strong>erigit.</strong></span> 
     </span>
    </p>
   </div>
   <div class='ocr_carea' id='block_1_3' title="bbox 277 270 1995 371">
    <p class='ocr_par' dir='ltr' id='par_1_3' title="bbox 277 270 1995 371">
     <span class='ocr_line' id='line_1_5' title="bbox 504 270 1415 304; baseline 0 0"><span class='ocrx_word' id='word_1_10' title='bbox 504 270 568 304; x_wconf 62' lang='grc'><strong>214</strong></span> <span class='ocrx_word' id='word_1_11' title='bbox 1058 280 1236 304; x_wconf 53' lang='lat' dir='ltr'><strong>armamini</strong></span> <span class='ocrx_word' id='word_1_12' title='bbox 1260 279 1415 304; x_wconf 70' lang='lat' dir='ltr'><strong>ROMANUM</strong></span> 
     </span>
     <span class='ocr_line' id='line_1_6' title="bbox 277 327 1995 371; baseline -0.002 -7"><span class='ocrx_word' id='word_1_13' title='bbox 277 344 408 369; x_wconf 53' lang='lat' dir='ltr'><strong>mamm„</strong></span> <span class='ocrx_word' id='word_1_14' title='bbox 442 348 462 361; x_wconf 72' lang='grc' dir='ltr'><strong>ι..</strong></span> <span class='ocrx_word' id='word_1_15' title='bbox 477 329 569 361; x_wconf 79' lang='lat' dir='ltr'><strong>rentii</strong></span> <span class='ocrx_word' id='word_1_16' title='bbox 587 328 618 360; x_wconf 89' lang='lat' dir='ltr'><strong>in</strong></span> <span class='ocrx_word' id='word_1_17' title='bbox 639 327 770 360; x_wconf 80' lang='lat' dir='ltr'><strong>Damaso</strong></span> <span class='ocrx_word' id='word_1_18' title='bbox 786 327 936 360; x_wconf 82' lang='lat' dir='ltr'><strong>diaconus</strong></span> <span class='ocrx_word' id='word_1_19' title='bbox 953 327 1120 360; x_wconf 85' lang='lat' dir='ltr'><strong>cardinalis</strong></span> <span class='ocrx_word' id='word_1_20' title='bbox 1138 329 1219 361; x_wconf 85' lang='lat' dir='ltr'><strong>Mon·</strong></span> <span class='ocrx_word' id='word_1_21' title='bbox 1251 328 1375 371; x_wconf 88' lang='lat' dir='ltr'><strong>aliaque</strong></span> <span class='ocrx_word' id='word_1_22' title='bbox 1395 327 1446 370; x_wconf 89' lang='lat' dir='ltr'><strong>pia</strong></span> <span class='ocrx_word' id='word_1_23' title='bbox 1472 336 1569 370; x_wconf 88' lang='lat' dir='ltr'><strong>opera</strong></span> <span class='ocrx_word' id='word_1_24' title='bbox 1595 327 1806 361; x_wconf 83' lang='lat' dir='ltr'><strong>exercendum</strong></span> <span class='ocrx_word' id='word_1_25' title='bbox 1832 328 1917 361; x_wconf 79' lang='lat' dir='ltr'><strong>iuxta</strong></span> <span class='ocrx_word' id='word_1_26' title='bbox 1935 329 1995 362; x_wconf 82' lang='lat' dir='ltr'><strong>sor-</strong></span> 
     </span>
    </p>
   </div>
   <div class='ocr_carea' id='block_1_4' title="bbox 478 380 1225 2596">
    <p class='ocr_par' dir='ltr' id='par_1_4' title="bbox 478 380 1225 2596">
     <span class='ocr_line' id='line_1_7' title="bbox 478 380 1219 423; baseline 0 -10"><span class='ocrx_word' id='word_1_27' title='bbox 478 381 571 414; x_wconf 90' lang='lat' dir='ltr'><strong>taltus</strong></span> <span class='ocrx_word' id='word_1_28' title='bbox 589 386 787 423; x_wconf 85' lang='lat' dir='ltr'><strong>nuncupatus</strong></span> <span class='ocrx_word' id='word_1_29' title='bbox 805 385 928 412; x_wconf 82' lang='lat' dir='ltr'><strong>sanctae</strong></span> <span class='ocrx_word' id='word_1_30' title='bbox 946 380 1104 413; x_wconf 78' lang='lat' dir='ltr'><strong>Romanae</strong></span> <span class='ocrx_word' id='word_1_31' title='bbox 1118 380 1219 413; x_wconf 81' lang='lat' dir='ltr'><strong>Eccle-</strong></span> 
     </span>
     <span class='ocr_line' id='line_1_8' title="bbox 478 432 1219 476; baseline -0.001 -11"><span class='ocrx_word' id='word_1_32' title='bbox 478 433 541 465; x_wconf 88' lang='lat' dir='ltr'><strong>siae</strong></span> <span class='ocrx_word' id='word_1_33' title='bbox 562 432 846 471; x_wconf 68' lang='lat' dir='ltr'><strong>vicecancellarius,</strong></span> <span class='ocrx_word' id='word_1_34' title='bbox 871 432 955 475; x_wconf 88' lang='lat' dir='ltr'><strong>quod</strong></span> <span class='ocrx_word' id='word_1_35' title='bbox 981 432 1046 476; x_wconf 88' lang='lat' dir='ltr'><strong>ipse</strong></span> <span class='ocrx_word' id='word_1_36' title='bbox 1070 433 1146 464; x_wconf 83' lang='lat' dir='ltr'><strong>alias</strong></span> <span class='ocrx_word' id='word_1_37' title='bbox 1162 433 1219 474; x_wconf 77' lang='lat' dir='ltr'><strong>(at-</strong></span> 
     </span>
     <span class='ocr_line' id='line_1_9' title="bbox 478 485 1218 529; baseline 0 -11"><span class='ocrx_word' id='word_1_38' title='bbox 478 491 562 519; x_wconf 87' lang='lat' dir='ltr'><strong>tente</strong></span> <span class='ocrx_word' id='word_1_39' title='bbox 583 485 785 518; x_wconf 77' lang='lat' dir='ltr'><strong>considerans</strong></span> <span class='ocrx_word' id='word_1_40' title='bbox 800 486 998 528; x_wconf 74' lang='lat' dir='ltr'><strong>collegiatam</strong></span> <span class='ocrx_word' id='word_1_41' title='bbox 1016 486 1171 529; x_wconf 76' lang='lat' dir='ltr'>insignem</span> <span class='ocrx_word' id='word_1_42' title='bbox 1188 491 1218 519; x_wconf 87' lang='lat' dir='ltr'><strong>et</strong></span> 
     </span>
     <span class='ocr_line' id='line_1_10' title="bbox 478 538 1217 582; baseline 0.003 -12"><span class='ocrx_word' id='word_1_43' title='bbox 478 539 708 582; x_wconf 76' lang='lat' dir='ltr'><strong>parrochialem</strong></span> <span class='ocrx_word' id='word_1_44' title='bbox 733 538 898 572; x_wconf 86' lang='lat' dir='ltr'><strong>ecclesiam</strong></span> <span class='ocrx_word' id='word_1_45' title='bbox 928 539 1026 572; x_wconf 89' lang='lat' dir='ltr'><strong>sancti</strong></span> <span class='ocrx_word' id='word_1_46' title='bbox 1060 539 1217 572; x_wconf 83' lang='lat' dir='ltr'><strong>Laurentii</strong></span> 
     </span>
     <span class='ocr_line' id='line_1_11' title="bbox 479 591 1219 635; baseline 0.001 -12"><span class='ocrx_word' id='word_1_47' title='bbox 479 591 510 623; x_wconf 91' lang='lat' dir='ltr'><strong>in</strong></span> <span class='ocrx_word' id='word_1_48' title='bbox 535 592 682 632; x_wconf 79' lang='lat' dir='ltr'><strong>Damaso,</strong></span> <span class='ocrx_word' id='word_1_49' title='bbox 707 602 786 635; x_wconf 88' lang='lat' dir='ltr'><strong>quae</strong></span> <span class='ocrx_word' id='word_1_50' title='bbox 811 591 1025 625; x_wconf 75' lang='lat' dir='ltr'><strong>denominatio</strong></span> <span class='ocrx_word' id='word_1_51' title='bbox 1049 592 1097 625; x_wconf 90' lang='lat' dir='ltr'><strong>sui</strong></span> <span class='ocrx_word' id='word_1_52' title='bbox 1121 592 1219 625; x_wconf 90' lang='lat' dir='ltr'><strong>cardi-</strong></span> 
     </span>
     <span class='ocr_line' id='line_1_12' title="bbox 479 644 1219 688; baseline 0.003 -12"><span class='ocrx_word' id='word_1_53' title='bbox 479 644 600 677; x_wconf 85' lang='lat' dir='ltr'><strong>nalatus</strong></span> <span class='ocrx_word' id='word_1_54' title='bbox 617 645 731 684; x_wconf 75' lang='lat' dir='ltr'><strong>existit,</strong></span> <span class='ocrx_word' id='word_1_55' title='bbox 748 656 855 677; x_wconf 69' lang='lat' dir='ltr'><strong>curzun</strong></span> <span class='ocrx_word' id='word_1_56' title='bbox 880 645 1058 678; x_wconf 86' lang='lat' dir='ltr'><strong>animarum</strong></span> <span class='ocrx_word' id='word_1_57' title='bbox 1077 651 1106 677; x_wconf 90' lang='lat' dir='ltr'><strong>et</strong></span> <span class='ocrx_word' id='word_1_58' title='bbox 1131 656 1219 688; x_wconf 85' lang='lat' dir='ltr'><strong>paro-</strong></span> 
     </span>
     <span class='ocr_line' id='line_1_13' title="bbox 478 697 1217 742; baseline 0 -12"><span class='ocrx_word' id='word_1_59' title='bbox 478 697 581 730; x_wconf 90' lang='lat' dir='ltr'><strong>chiam</strong></span> <span class='ocrx_word' id='word_1_60' title='bbox 607 698 682 730; x_wconf 87' lang='lat' dir='ltr'><strong>satis</strong></span> <span class='ocrx_word' id='word_1_61' title='bbox 699 699 835 741; x_wconf 84' lang='lat' dir='ltr'><strong>amplam</strong></span> <span class='ocrx_word' id='word_1_62' title='bbox 861 698 988 737; x_wconf 88' lang='lat' dir='ltr'><strong>habere,</strong></span> <span class='ocrx_word' id='word_1_63' title='bbox 1013 702 1041 732; x_wconf 86' lang='lat' dir='ltr'><strong>et</strong></span> <span class='ocrx_word' id='word_1_64' title='bbox 1066 699 1217 742; x_wconf 89' lang='lat' dir='ltr'><strong>populum</strong></span> 
     </span>
     <span class='ocr_line' id='line_1_14' title="bbox 479 750 1220 791; baseline 0.001 -9"><span class='ocrx_word' id='word_1_65' title='bbox 479 750 509 782; x_wconf 92' lang='lat' dir='ltr'><strong>in</strong></span> <span class='ocrx_word' id='word_1_66' title='bbox 534 752 570 783; x_wconf 70' lang='lat' dir='ltr'><strong>ea</strong></span> <span class='ocrx_word' id='word_1_67' title='bbox 596 750 637 783; x_wconf 88' lang='lat' dir='ltr'><strong>ita</strong></span> <span class='ocrx_word' id='word_1_68' title='bbox 661 761 866 784; x_wconf 87' lang='lat' dir='ltr'><strong>numerosum</strong></span> <span class='ocrx_word' id='word_1_69' title='bbox 886 761 964 791; x_wconf 84' lang='lat' dir='ltr'><strong>esse,</strong></span> <span class='ocrx_word' id='word_1_70' title='bbox 981 757 1013 783; x_wconf 90' lang='lat' dir='ltr'><strong>ut</strong></span> <span class='ocrx_word' id='word_1_71' title='bbox 1036 752 1121 784; x_wconf 81' lang='lat' dir='ltr'><strong>solus</strong></span> <span class='ocrx_word' id='word_1_72' title='bbox 1143 751 1220 783; x_wconf 83' lang='lat' dir='ltr'><strong>vica-</strong></span> 
     </span>
     <span class='ocr_line' id='line_1_15' title="bbox 478 803 1220 847; baseline 0.001 -12"><span class='ocrx_word' id='word_1_73' title='bbox 478 803 544 835; x_wconf 88' lang='lat' dir='ltr'><strong>rius</strong></span> <span class='ocrx_word' id='word_1_74' title='bbox 564 809 736 847; x_wconf 86' lang='lat' dir='ltr'><strong>perpetuus</strong></span> <span class='ocrx_word' id='word_1_75' title='bbox 752 804 790 836; x_wconf 92' lang='lat' dir='ltr'><strong>ad</strong></span> <span class='ocrx_word' id='word_1_76' title='bbox 807 814 916 837; x_wconf 87' lang='lat' dir='ltr'><strong>curaui</strong></span> <span class='ocrx_word' id='word_1_77' title='bbox 934 804 1115 837; x_wconf 86' lang='lat' dir='ltr'><strong>huiusmodi</strong></span> <span class='ocrx_word' id='word_1_78' title='bbox 1129 803 1220 836; x_wconf 87' lang='lat' dir='ltr'><strong>desti-</strong></span> 
     </span>
     <span class='ocr_line' id='line_1_16' title="bbox 478 857 1219 900; baseline 0.001 -12"><span class='ocrx_word' id='word_1_79' title='bbox 478 861 568 889; x_wconf 86' lang='lat' dir='ltr'><strong>natus</strong></span> <span class='ocrx_word' id='word_1_80' title='bbox 597 867 660 889; x_wconf 90' lang='lat' dir='ltr'><strong>non</strong></span> <span class='ocrx_word' id='word_1_81' title='bbox 692 857 790 900; x_wconf 85' lang='lat' dir='ltr'><strong>possit</strong></span> <span class='ocrx_word' id='word_1_82' title='bbox 824 857 969 890; x_wconf 85' lang='lat' dir='ltr'><strong>sufficere</strong></span> <span class='ocrx_word' id='word_1_83' title='bbox 999 857 1219 890; x_wconf 85' lang='lat' dir='ltr'><strong>ecelesiasticis</strong></span> 
     </span>
     <span class='ocr_line' id='line_1_17' title="bbox 478 911 1218 954; baseline 0.001 -12"><span class='ocrx_word' id='word_1_84' title='bbox 478 911 685 943; x_wconf 78' lang='lat' dir='ltr'><strong>sacramentis</strong></span> <span class='ocrx_word' id='word_1_85' title='bbox 721 911 935 943; x_wconf 83' lang='lat' dir='ltr'><strong>ministrandis</strong></span> <span class='ocrx_word' id='word_1_86' title='bbox 972 916 1001 943; x_wconf 93' lang='lat' dir='ltr'><strong>et</strong></span> <span class='ocrx_word' id='word_1_87' title='bbox 1036 911 1105 943; x_wconf 89' lang='lat' dir='ltr'><strong>aliis</strong></span> <span class='ocrx_word' id='word_1_88' title='bbox 1139 920 1218 954; x_wconf 89' lang='lat' dir='ltr'><strong>quae</strong></span> 
     </span>
     <span class='ocr_line' id='line_1_18' title="bbox 478 962 1218 997; baseline 0.001 -2"><span class='ocrx_word' id='word_1_89' title='bbox 478 963 516 995; x_wconf 89' lang='lat' dir='ltr'><strong>ad</strong></span> <span class='ocrx_word' id='word_1_90' title='bbox 541 962 682 996; x_wconf 76' lang='lat' dir='ltr'><strong>divinum</strong></span> <span class='ocrx_word' id='word_1_91' title='bbox 707 963 825 996; x_wconf 91' lang='lat' dir='ltr'><strong>cultum</strong></span> <span class='ocrx_word' id='word_1_92' title='bbox 844 968 872 997; x_wconf 92' lang='lat' dir='ltr'><strong>et</strong></span> <span class='ocrx_word' id='word_1_93' title='bbox 890 963 1068 996; x_wconf 86' lang='lat' dir='ltr'><strong>animarum</strong></span> <span class='ocrx_word' id='word_1_94' title='bbox 1085 964 1218 996; x_wconf 82' lang='lat' dir='ltr'><strong>salutem</strong></span> 
     </span>
     <span class='ocr_line' id='line_1_19' title="bbox 478 1017 1219 1060; baseline 0.001 -12"><span class='ocrx_word' id='word_1_95' title='bbox 478 1017 695 1059; x_wconf 86' lang='lat' dir='ltr'><strong>procuranda¹</strong></span> <span class='ocrx_word' id='word_1_96' title='bbox 713 1020 876 1060; x_wconf 84' lang='lat' dir='ltr'><strong>spectant),</strong></span> <span class='ocrx_word' id='word_1_97' title='bbox 894 1022 1072 1060; x_wconf 79' lang='lat' dir='ltr'><strong>propterea,</strong></span> <span class='ocrx_word' id='word_1_98' title='bbox 1092 1021 1124 1050; x_wconf 89' lang='lat' dir='ltr'><strong>ut</strong></span> <span class='ocrx_word' id='word_1_99' title='bbox 1149 1028 1219 1049; x_wconf 90' lang='lat' dir='ltr'><strong>iuu—</strong></span> 
     </span>
     <span class='ocr_line' id='line_1_20' title="bbox 479 1069 1219 1113; baseline 0 -12"><span class='ocrx_word' id='word_1_100' title='bbox 479 1069 563 1101; x_wconf 83' lang='lat' dir='ltr'><strong>neris</strong></span> <span class='ocrx_word' id='word_1_101' title='bbox 589 1070 634 1101; x_wconf 88' lang='lat' dir='ltr'><strong>sui</strong></span> <span class='ocrx_word' id='word_1_102' title='bbox 660 1069 766 1101; x_wconf 86' lang='lat' dir='ltr'><strong>debito</strong></span> <span class='ocrx_word' id='word_1_103' title='bbox 790 1069 990 1109; x_wconf 79' lang='lat' dir='ltr'><strong>satisfaceret,</strong></span> <span class='ocrx_word' id='word_1_104' title='bbox 1009 1070 1093 1102; x_wconf 84' lang='lat' dir='ltr'><strong>iuxta</strong></span> <span class='ocrx_word' id='word_1_105' title='bbox 1113 1069 1219 1113; x_wconf 91' lang='lat' dir='ltr'><strong>dispo—</strong></span> 
     </span>
     <span class='ocr_line' id='line_1_21' title="bbox 479 1122 1218 1166; baseline 0.001 -13"><span class='ocrx_word' id='word_1_106' title='bbox 479 1122 624 1154; x_wconf 83' lang='lat' dir='ltr'><strong>sitionem</strong></span> <span class='ocrx_word' id='word_1_107' title='bbox 639 1122 718 1155; x_wconf 88' lang='lat' dir='ltr'><strong>sacri</strong></span> <span class='ocrx_word' id='word_1_108' title='bbox 733 1122 862 1155; x_wconf 77' lang='lat' dir='ltr'><strong>Concilii</strong></span> <span class='ocrx_word' id='word_1_109' title='bbox 882 1122 1055 1155; x_wconf 76' lang='lat' dir='ltr'><strong>Tridentini</strong></span> <span class='ocrx_word' id='word_1_110' title='bbox 1075 1122 1218 1166; x_wconf 86' lang='lat' dir='ltr'><strong>proxime</strong></span> 
     </span>
     <span class='ocr_line' id='line_1_22' title="bbox 478 1175 1219 1219; baseline 0.001 -12"><span class='ocrx_word' id='word_1_111' title='bbox 478 1175 658 1218; x_wconf 85' lang='lat' dir='ltr'><strong>praeteritis</strong></span> <span class='ocrx_word' id='word_1_112' title='bbox 671 1175 760 1207; x_wconf 84' lang='lat' dir='ltr'><strong>annis</strong></span> <span class='ocrx_word' id='word_1_113' title='bbox 778 1176 946 1208; x_wconf 88' lang='lat' dir='ltr'><strong>nonnullos</strong></span> <span class='ocrx_word' id='word_1_114' title='bbox 959 1175 1027 1219; x_wconf 86' lang='lat' dir='ltr'><strong>pios</strong></span> <span class='ocrx_word' id='word_1_115' title='bbox 1039 1175 1219 1208; x_wconf 79' lang='lat' dir='ltr'><strong>sacerdotes</strong></span> 
     </span>
     <span class='ocr_line' id='line_1_23' title="bbox 479 1228 1219 1272; baseline 0.001 -12"><span class='ocrx_word' id='word_1_116' title='bbox 479 1228 516 1261; x_wconf 88' lang='lat' dir='ltr'><strong>ad</strong></span> <span class='ocrx_word' id='word_1_117' title='bbox 542 1234 654 1261; x_wconf 90' lang='lat' dir='ltr'><strong>nutum</strong></span> <span class='ocrx_word' id='word_1_118' title='bbox 678 1228 862 1261; x_wconf 73' lang='lat' dir='ltr'><strong>amovibiles</strong></span> <span class='ocrx_word' id='word_1_119' title='bbox 885 1228 1056 1272; x_wconf 79' lang='lat' dir='ltr'><strong>deputavit,</strong></span> <span class='ocrx_word' id='word_1_120' title='bbox 1073 1229 1126 1272; x_wconf 89' lang='lat' dir='ltr'><strong>qui</strong></span> <span class='ocrx_word' id='word_1_121' title='bbox 1145 1229 1219 1261; x_wconf 89' lang='lat' dir='ltr'><strong>insi-</strong></span> 
     </span>
     <span class='ocr_line' id='line_1_24' title="bbox 481 1281 1218 1325; baseline 0 -12"><span class='ocrx_word' id='word_1_122' title='bbox 481 1282 544 1314; x_wconf 86' lang='lat' dir='ltr'><strong>mul</strong></span> <span class='ocrx_word' id='word_1_123' title='bbox 561 1286 589 1314; x_wconf 85' lang='lat' dir='ltr'><strong>et</strong></span> <span class='ocrx_word' id='word_1_124' title='bbox 610 1291 708 1325; x_wconf 86' lang='lat' dir='ltr'><strong>prope</strong></span> <span class='ocrx_word' id='word_1_125' title='bbox 729 1282 892 1314; x_wconf 88' lang='lat' dir='ltr'><strong>ecclesiam</strong></span> <span class='ocrx_word' id='word_1_126' title='bbox 911 1281 1102 1325; x_wconf 82' lang='lat' dir='ltr'><strong>praedictam</strong></span> <span class='ocrx_word' id='word_1_127' title='bbox 1120 1281 1218 1314; x_wconf 84' lang='lat' dir='ltr'><strong>sancti</strong></span> 
     </span>
     <span class='ocr_line' id='line_1_25' title="bbox 480 1334 1220 1378; baseline -0.001 -11"><span class='ocrx_word' id='word_1_128' title='bbox 480 1334 639 1367; x_wconf 90' lang='lat' dir='ltr'><strong>Laurentii</strong></span> <span class='ocrx_word' id='word_1_129' title='bbox 665 1335 695 1366; x_wconf 94' lang='lat' dir='ltr'><strong>in</strong></span> <span class='ocrx_word' id='word_1_130' title='bbox 715 1335 810 1367; x_wconf 90' lang='lat' dir='ltr'><strong>domo</strong></span> <span class='ocrx_word' id='word_1_131' title='bbox 823 1334 861 1367; x_wconf 90' lang='lat' dir='ltr'><strong>ab</strong></span> <span class='ocrx_word' id='word_1_132' title='bbox 878 1335 945 1378; x_wconf 87' lang='lat' dir='ltr'><strong>ipso</strong></span> <span class='ocrx_word' id='word_1_133' title='bbox 962 1334 1137 1367; x_wconf 76' lang='lat' dir='ltr'><strong>Alexandro</strong></span> <span class='ocrx_word' id='word_1_134' title='bbox 1155 1345 1220 1367; x_wconf 89' lang='lat' dir='ltr'><strong>car-</strong></span> 
     </span>
     <span class='ocr_line' id='line_1_26' title="bbox 479 1388 1218 1431; baseline 0 -11"><span class='ocrx_word' id='word_1_135' title='bbox 479 1388 583 1420; x_wconf 89' lang='lat' dir='ltr'><strong>dinale</strong></span> <span class='ocrx_word' id='word_1_136' title='bbox 603 1388 758 1420; x_wconf 79' lang='lat' dir='ltr'><strong>conducta</strong></span> <span class='ocrx_word' id='word_1_137' title='bbox 777 1388 964 1427; x_wconf 87' lang='lat' dir='ltr'><strong>habitantes,</strong></span> <span class='ocrx_word' id='word_1_138' title='bbox 982 1398 1016 1420; x_wconf 89' lang='lat' dir='ltr'><strong>ac</strong></span> <span class='ocrx_word' id='word_1_139' title='bbox 1036 1398 1094 1431; x_wconf 90' lang='lat' dir='ltr'><strong>pro</strong></span> <span class='ocrx_word' id='word_1_140' title='bbox 1108 1398 1218 1420; x_wconf 90' lang='lat' dir='ltr'><strong>eorum</strong></span> 
     </span>
     <span class='ocr_line' id='line_1_27' title="bbox 480 1441 1220 1484; baseline 0.001 -11"><span class='ocrx_word' id='word_1_141' title='bbox 480 1441 726 1474; x_wconf 78' lang='lat' dir='ltr'><strong>substentatione</strong></span> <span class='ocrx_word' id='word_1_142' title='bbox 763 1442 960 1475; x_wconf 71' lang='lat' dir='ltr'><strong>convenienti</strong></span> <span class='ocrx_word' id='word_1_143' title='bbox 996 1442 1140 1484; x_wconf 83' lang='lat' dir='ltr'><strong>portione</strong></span> <span class='ocrx_word' id='word_1_144' title='bbox 1176 1451 1192 1474; x_wconf 88' lang='lat' dir='ltr'><strong>e</strong></span> <span class='ocrx_word' id='word_1_145' title='bbox 1209 1441 1220 1458; x_wconf 89' lang='grc'><strong>“·’</strong></span> 
     </span>
     <span class='ocr_line' id='line_1_28' title="bbox 480 1493 1220 1538; baseline 0.001 -13"><span class='ocrx_word' id='word_1_146' title='bbox 480 1495 619 1538; x_wconf 79' lang='lat' dir='ltr'><strong>propriis</strong></span> <span class='ocrx_word' id='word_1_147' title='bbox 639 1494 813 1527; x_wconf 83' lang='lat' dir='ltr'><strong>redditibus</strong></span> <span class='ocrx_word' id='word_1_148' title='bbox 837 1494 876 1526; x_wconf 85' lang='lat' dir='ltr'><strong>ab</strong></span> <span class='ocrx_word' id='word_1_149' title='bbox 909 1494 1019 1527; x_wconf 87' lang='lat' dir='ltr'><strong>eodem</strong></span> <span class='ocrx_word' id='word_1_150' title='bbox 1045 1493 1220 1527; x_wconf 69' lang='lat' dir='ltr'><strong>Alexandro</strong></span> 
     </span>
     <span class='ocr_line' id='line_1_29' title="bbox 480 1547 1221 1587; baseline -0.001 -7"><span class='ocrx_word' id='word_1_151' title='bbox 480 1548 631 1580; x_wconf 83' lang='lat' dir='ltr'><strong>cardinali</strong></span> <span class='ocrx_word' id='word_1_152' title='bbox 645 1548 826 1587; x_wconf 79' lang='lat' dir='ltr'><strong>constituta,</strong></span> <span class='ocrx_word' id='word_1_153' title='bbox 839 1548 870 1579; x_wconf 92' lang='lat' dir='ltr'><strong>in</strong></span> <span class='ocrx_word' id='word_1_154' title='bbox 886 1547 995 1580; x_wconf 75' lang='lat' dir='ltr'><strong>eadem</strong></span> <span class='ocrx_word' id='word_1_155' title='bbox 1009 1548 1142 1580; x_wconf 79' lang='lat' dir='ltr'><strong>ecclesia</strong></span> <span class='ocrx_word' id='word_1_156' title='bbox 1155 1557 1221 1579; x_wconf 84' lang='lat' dir='ltr'><strong>san-</strong></span> 
     </span>
     <span class='ocr_line' id='line_1_30' title="bbox 481 1600 1222 1640; baseline -0.001 -7"><span class='ocrx_word' id='word_1_157' title='bbox 481 1602 520 1633; x_wconf 87' lang='lat' dir='ltr'><strong>cti</strong></span> <span class='ocrx_word' id='word_1_158' title='bbox 547 1601 704 1634; x_wconf 88' lang='lat' dir='ltr'><strong>Laurentii</strong></span> <span class='ocrx_word' id='word_1_159' title='bbox 722 1601 892 1640; x_wconf 71' lang='lat' dir='ltr'><strong>deservire,</strong></span> <span class='ocrx_word' id='word_1_160' title='bbox 909 1600 1121 1633; x_wconf 81' lang='lat' dir='ltr'><strong>consessiones</strong></span> <span class='ocrx_word' id='word_1_161' title='bbox 1141 1600 1222 1633; x_wconf 87' lang='lat' dir='ltr'><strong>chri-</strong></span> 
     </span>
     <span class='ocr_line' id='line_1_31' title="bbox 481 1654 1220 1693; baseline -0.001 -7"><span class='ocrx_word' id='word_1_162' title='bbox 481 1654 663 1687; x_wconf 80' lang='lat' dir='ltr'><strong>stifidelium</strong></span> <span class='ocrx_word' id='word_1_163' title='bbox 701 1654 810 1687; x_wconf 85' lang='lat' dir='ltr'><strong>audire</strong></span> <span class='ocrx_word' id='word_1_164' title='bbox 828 1681 835 1693; x_wconf 92' lang='lat'>‚</span> <span class='ocrx_word' id='word_1_165' title='bbox 867 1654 1078 1687; x_wconf 84' lang='lat' dir='ltr'><strong>ecclesiastica</strong></span> <span class='ocrx_word' id='word_1_166' title='bbox 1117 1663 1220 1685; x_wconf 85' lang='lat' dir='ltr'><strong>sacra—</strong></span> 
     </span>
     <span class='ocr_line' id='line_1_32' title="bbox 482 1705 1220 1749; baseline -0.001 -10"><span class='ocrx_word' id='word_1_167' title='bbox 482 1712 586 1739; x_wconf 88' lang='lat' dir='ltr'><strong>menta</strong></span> <span class='ocrx_word' id='word_1_168' title='bbox 610 1706 840 1747; x_wconf 86' lang='lat' dir='ltr'><strong>administrare,</strong></span> <span class='ocrx_word' id='word_1_169' title='bbox 858 1712 887 1739; x_wconf 55' lang='lat' dir='ltr'><strong>et,</strong></span> <span class='ocrx_word' id='word_1_170' title='bbox 904 1716 1020 1749; x_wconf 82' lang='lat' dir='ltr'><strong>pucros</strong></span> <span class='ocrx_word' id='word_1_171' title='bbox 1044 1705 1220 1739; x_wconf 89' lang='lat' dir='ltr'><strong>doctrinam</strong></span> 
     </span>
     <span class='ocr_line' id='line_1_33' title="bbox 481 1759 1220 1802; baseline -0.001 -10"><span class='ocrx_word' id='word_1_172' title='bbox 481 1760 685 1792; x_wconf 76' lang='lat' dir='ltr'><strong>clu-istianam</strong></span> <span class='ocrx_word' id='word_1_173' title='bbox 717 1759 831 1793; x_wconf 87' lang='lat' dir='ltr'><strong>docere</strong></span> <span class='ocrx_word' id='word_1_174' title='bbox 855 1759 1027 1797; x_wconf 84' lang='lat' dir='ltr'><strong>deberent;</strong></span> <span class='ocrx_word' id='word_1_175' title='bbox 1059 1764 1086 1791; x_wconf 85' lang='lat' dir='ltr'><strong>et</strong></span> <span class='ocrx_word' id='word_1_176' title='bbox 1114 1764 1220 1802; x_wconf 84' lang='lat' dir='ltr'><strong>postca</strong></span> 
     </span>
     <span class='ocr_line' id='line_1_34' title="bbox 482 1812 1221 1855; baseline 0 -10"><span class='ocrx_word' id='word_1_177' title='bbox 482 1813 747 1855; x_wconf 80' lang='lat' dir='ltr'><strong>(animadvertens</strong></span> <span class='ocrx_word' id='word_1_178' title='bbox 768 1813 849 1845; x_wconf 88' lang='lat' dir='ltr'><strong>idem</strong></span> <span class='ocrx_word' id='word_1_179' title='bbox 865 1812 1037 1845; x_wconf 60' lang='lat' dir='ltr'><strong>Alexander</strong></span> <span class='ocrx_word' id='word_1_180' title='bbox 1055 1812 1221 1845; x_wconf 83' lang='lat' dir='ltr'><strong>cardinalis</strong></span> 
     </span>
     <span class='ocr_line' id='line_1_35' title="bbox 482 1865 1224 1910; baseline -0.001 -12"><span class='ocrx_word' id='word_1_181' title='bbox 482 1866 542 1899; x_wconf 87' lang='lat' dir='ltr'><strong>hoc</strong></span> <span class='ocrx_word' id='word_1_182' title='bbox 567 1877 646 1910; x_wconf 90' lang='lat' dir='ltr'><strong>opus</strong></span> <span class='ocrx_word' id='word_1_183' title='bbox 670 1866 707 1898; x_wconf 90' lang='lat' dir='ltr'><strong>ad</strong></span> <span class='ocrx_word' id='word_1_184' title='bbox 733 1876 882 1909; x_wconf 76' lang='lat' dir='ltr'><strong>magnum</strong></span> <span class='ocrx_word' id='word_1_185' title='bbox 904 1865 956 1898; x_wconf 87' lang='lat' dir='ltr'><strong>Dei</strong></span> <span class='ocrx_word' id='word_1_186' title='bbox 978 1865 1139 1898; x_wconf 67' lang='lat' dir='ltr'><strong>servitium</strong></span> <span class='ocrx_word' id='word_1_187' title='bbox 1157 1870 1224 1897; x_wconf 84' lang='lat' dir='ltr'><strong>ten-</strong></span> 
     </span>
     <span class='ocr_line' id='line_1_36' title="bbox 482 1918 1221 1959; baseline -0.003 -7"><span class='ocrx_word' id='word_1_188' title='bbox 482 1920 568 1959; x_wconf 87' lang='lat' dir='ltr'><strong>dere,</strong></span> <span class='ocrx_word' id='word_1_189' title='bbox 585 1920 661 1952; x_wconf 84' lang='lat' dir='ltr'><strong>etin</strong></span> <span class='ocrx_word' id='word_1_190' title='bbox 686 1919 768 1952; x_wconf 77' lang='lat' dir='ltr'><strong>dicta</strong></span> <span class='ocrx_word' id='word_1_191' title='bbox 793 1919 924 1952; x_wconf 80' lang='lat' dir='ltr'><strong>ccclesia</strong></span> <span class='ocrx_word' id='word_1_192' title='bbox 949 1918 1046 1951; x_wconf 85' lang='lat' dir='ltr'><strong>sancti</strong></span> <span class='ocrx_word' id='word_1_193' title='bbox 1062 1918 1221 1951; x_wconf 87' lang='lat' dir='ltr'><strong>Laurentii</strong></span> 
     </span>
     <span class='ocr_line' id='line_1_37' title="bbox 483 1971 1220 2015; baseline -0.003 -10"><span class='ocrx_word' id='word_1_194' title='bbox 483 1972 682 2005; x_wconf 83' lang='lat' dir='ltr'><strong>sacerdotum</strong></span> <span class='ocrx_word' id='word_1_195' title='bbox 715 1973 855 2015; x_wconf 87' lang='lat' dir='ltr'><strong>ipsorum</strong></span> <span class='ocrx_word' id='word_1_196' title='bbox 887 1973 983 2015; x_wconf 79' lang='lat' dir='ltr'><strong>opera</strong></span> <span class='ocrx_word' id='word_1_197' title='bbox 1007 1982 1042 2004; x_wconf 89' lang='lat' dir='ltr'><strong>ac</strong></span> <span class='ocrx_word' id='word_1_198' title='bbox 1068 1971 1220 2004; x_wconf 79' lang='lat' dir='ltr'><strong>industria</strong></span> 
     </span>
     <span class='ocr_line' id='line_1_38' title="bbox 483 2024 1222 2068; baseline -0.004 -10"><span class='ocrx_word' id='word_1_199' title='bbox 483 2025 692 2068; x_wconf 80' lang='lat' dir='ltr'><strong>frequentiam</strong></span> <span class='ocrx_word' id='word_1_200' title='bbox 716 2029 985 2057; x_wconf 89' lang='lat' dir='ltr'><strong>sacramentorum</strong></span> <span class='ocrx_word' id='word_1_201' title='bbox 1000 2051 1007 2063; x_wconf 95' lang='lat'><strong>,</strong></span> <span class='ocrx_word' id='word_1_202' title='bbox 1033 2030 1063 2056; x_wconf 88' lang='lat' dir='ltr'><strong>et</strong></span> <span class='ocrx_word' id='word_1_203' title='bbox 1087 2024 1146 2056; x_wconf 89' lang='lat' dir='ltr'><strong>alia</strong></span> <span class='ocrx_word' id='word_1_204' title='bbox 1171 2024 1222 2067; x_wconf 90' lang='lat' dir='ltr'><strong>pia</strong></span> 
     </span>
     <span class='ocr_line' id='line_1_39' title="bbox 485 2076 1221 2118; baseline -0.001 -8"><span class='ocrx_word' id='word_1_205' title='bbox 485 2083 514 2111; x_wconf 89' lang='lat' dir='ltr'><strong>et</strong></span> <span class='ocrx_word' id='word_1_206' title='bbox 538 2083 644 2110; x_wconf 86' lang='lat' dir='ltr'><strong>sancta</strong></span> <span class='ocrx_word' id='word_1_207' title='bbox 668 2077 816 2110; x_wconf 76' lang='lat' dir='ltr'><strong>exercitia</strong></span> <span class='ocrx_word' id='word_1_208' title='bbox 843 2077 872 2109; x_wconf 90' lang='lat' dir='ltr'><strong>iu</strong></span> <span class='ocrx_word' id='word_1_209' title='bbox 892 2076 959 2109; x_wconf 89' lang='lat' dir='ltr'><strong>dies</strong></span> <span class='ocrx_word' id='word_1_210' title='bbox 978 2081 1173 2118; x_wconf 82' lang='lat' dir='ltr'><strong>accrescere)</strong></span> <span class='ocrx_word' id='word_1_211' title='bbox 1191 2077 1221 2109; x_wconf 92' lang='lat' dir='ltr'><strong>in</strong></span> 
     </span>
     <span class='ocr_line' id='line_1_40' title="bbox 485 2130 1222 2163; baseline 0 0"><span class='ocrx_word' id='word_1_212' title='bbox 485 2130 594 2163; x_wconf 80' lang='lat' dir='ltr'><strong>eadem</strong></span> <span class='ocrx_word' id='word_1_213' title='bbox 619 2130 750 2163; x_wconf 81' lang='lat' dir='ltr'><strong>ecclesia</strong></span> <span class='ocrx_word' id='word_1_214' title='bbox 769 2130 866 2163; x_wconf 82' lang='lat' dir='ltr'><strong>sancti</strong></span> <span class='ocrx_word' id='word_1_215' title='bbox 888 2130 1045 2162; x_wconf 86' lang='lat' dir='ltr'><strong>Laurentii</strong></span> <span class='ocrx_word' id='word_1_216' title='bbox 1063 2130 1222 2163; x_wconf 88' lang='lat' dir='ltr'><strong>ordinario</strong></span> 
     </span>
     <span class='ocr_line' id='line_1_41' title="bbox 485 2183 1220 2226; baseline -0.001 -10"><span class='ocrx_word' id='word_1_217' title='bbox 485 2184 554 2216; x_wconf 90' lang='lat' dir='ltr'><strong>iure</strong></span> <span class='ocrx_word' id='word_1_218' title='bbox 577 2183 636 2216; x_wconf 85' lang='lat' dir='ltr'><strong>sibi</strong></span> <span class='ocrx_word' id='word_1_219' title='bbox 660 2183 798 2216; x_wconf 76' lang='lat' dir='ltr'><strong>subiecta</strong></span> <span class='ocrx_word' id='word_1_220' title='bbox 823 2193 916 2216; x_wconf 89' lang='lat' dir='ltr'><strong>unam</strong></span> <span class='ocrx_word' id='word_1_221' title='bbox 941 2183 1220 2226; x_wconf 77' lang='lat' dir='ltr'><strong>Congregationem</strong></span> 
     </span>
     <span class='ocr_line' id='line_1_42' title="bbox 486 2237 1224 2281; baseline -0.001 -11"><span class='ocrx_word' id='word_1_222' title='bbox 486 2237 743 2281; x_wconf 72' lang='lat' dir='ltr'><strong>presbyterorum</strong></span> <span class='ocrx_word' id='word_1_223' title='bbox 758 2237 946 2269; x_wconf 77' lang='lat' dir='ltr'><strong>secularium</strong></span> <span class='ocrx_word' id='word_1_224' title='bbox 961 2237 998 2269; x_wconf 89' lang='lat' dir='ltr'><strong>ad</strong></span> <span class='ocrx_word' id='word_1_225' title='bbox 1012 2242 1121 2269; x_wconf 88' lang='lat' dir='ltr'><strong>nutum</strong></span> <span class='ocrx_word' id='word_1_226' title='bbox 1141 2247 1224 2269; x_wconf 88' lang='lat' dir='ltr'><strong>amo-</strong></span> 
     </span>
     <span class='ocr_line' id='line_1_43' title="bbox 487 2290 1224 2334; baseline -0.001 -12"><span class='ocrx_word' id='word_1_227' title='bbox 487 2290 627 2323; x_wconf 77' lang='lat' dir='ltr'><strong>vibilium</strong></span> <span class='ocrx_word' id='word_1_228' title='bbox 637 2301 696 2334; x_wconf 89' lang='lat' dir='ltr'><strong>pro</strong></span> <span class='ocrx_word' id='word_1_229' title='bbox 707 2290 834 2323; x_wconf 73' lang='lat' dir='ltr'><strong>servitio</strong></span> <span class='ocrx_word' id='word_1_230' title='bbox 844 2290 983 2322; x_wconf 86' lang='lat' dir='ltr'><strong>eiusdem</strong></span> <span class='ocrx_word' id='word_1_231' title='bbox 995 2290 1144 2323; x_wconf 85' lang='lat' dir='ltr'><strong>ecclesiae</strong></span> <span class='ocrx_word' id='word_1_232' title='bbox 1157 2300 1224 2321; x_wconf 84' lang='lat' dir='ltr'><strong>sau-</strong></span> 
     </span>
     <span class='ocr_line' id='line_1_44' title="bbox 486 2343 1225 2377; baseline -0.001 -1"><span class='ocrx_word' id='word_1_233' title='bbox 486 2344 526 2376; x_wconf 91' lang='lat' dir='ltr'><strong>cti</strong></span> <span class='ocrx_word' id='word_1_234' title='bbox 557 2344 713 2376; x_wconf 81' lang='lat' dir='ltr'><strong>Laurentii</strong></span> <span class='ocrx_word' id='word_1_235' title='bbox 738 2343 776 2375; x_wconf 91' lang='lat' dir='ltr'><strong>ad</strong></span> <span class='ocrx_word' id='word_1_236' title='bbox 801 2343 1014 2377; x_wconf 81' lang='lat' dir='ltr'><strong>consessiones</strong></span> <span class='ocrx_word' id='word_1_237' title='bbox 1040 2343 1225 2375; x_wconf 73' lang='lat' dir='ltr'><strong>christifide-</strong></span> 
     </span>
     <span class='ocr_line' id='line_1_45' title="bbox 486 2395 1224 2436; baseline -0.003 -7"><span class='ocrx_word' id='word_1_238' title='bbox 486 2396 563 2429; x_wconf 90' lang='lat' dir='ltr'><strong>lium</strong></span> <span class='ocrx_word' id='word_1_239' title='bbox 577 2396 998 2436; x_wconf 88' lang='lat' dir='ltr'><strong>audiendas,sanctissimum</strong></span> <span class='ocrx_word' id='word_1_240' title='bbox 1012 2395 1224 2428; x_wconf 80' lang='lat' dir='ltr'><strong>Eucharistiae</strong></span> 
     </span>
     <span class='ocr_line' id='line_1_46' title="bbox 486 2448 1223 2488; baseline -0.001 -6"><span class='ocrx_word' id='word_1_241' title='bbox 486 2455 717 2482; x_wconf 79' lang='lat' dir='ltr'><strong>sacramentum</strong></span> <span class='ocrx_word' id='word_1_242' title='bbox 757 2448 1039 2481; x_wconf 86' lang='lat' dir='ltr'><strong>administrandum</strong></span> <span class='ocrx_word' id='word_1_243' title='bbox 1058 2475 1066 2488; x_wconf 93' lang='lat'>‚</span> <span class='ocrx_word' id='word_1_244' title='bbox 1102 2459 1223 2482; x_wconf 85' lang='lat' dir='ltr'><strong>necnon</strong></span> 
     </span>
     <span class='ocr_line' id='line_1_47' title="bbox 486 2503 1225 2536; baseline 0.001 -1"><span class='ocrx_word' id='word_1_245' title='bbox 486 2503 604 2535; x_wconf 83' lang='lat' dir='ltr'><strong>dictum</strong></span> <span class='ocrx_word' id='word_1_246' title='bbox 629 2503 814 2536; x_wconf 84' lang='lat' dir='ltr'><strong>exercitium</strong></span> <span class='ocrx_word' id='word_1_247' title='bbox 846 2503 1008 2536; x_wconf 88' lang='lat' dir='ltr'><strong>doctrinae</strong></span> <span class='ocrx_word' id='word_1_248' title='bbox 1036 2503 1225 2536; x_wconf 85' lang='lat' dir='ltr'><strong>christianae</strong></span> 
     </span>
     <span class='ocr_line' id='line_1_48' title="bbox 488 2556 1223 2596; baseline 0.001 -8"><span class='ocrx_word' id='word_1_249' title='bbox 488 2556 765 2596; x_wconf 79' lang='lat' dir='ltr'><strong>manutenendum,</strong></span> <span class='ocrx_word' id='word_1_250' title='bbox 783 2556 979 2589; x_wconf 84' lang='lat' dir='ltr'><strong>moribundis</strong></span> <span class='ocrx_word' id='word_1_251' title='bbox 1003 2556 1223 2596; x_wconf 84' lang='lat' dir='ltr'><strong>assistendum,</strong></span> 
     </span>
    </p>
   </div>
   <div class='ocr_carea' id='block_1_5' title="bbox 525 2625 1147 2707">
    <p class='ocr_par' dir='ltr' id='par_1_5' title="bbox 525 2625 1147 2707">
     <span class='ocr_line' id='line_1_49' title="bbox 526 2625 1147 2662; baseline 0.002 -10"><span class='ocrx_word' id='word_1_252' title='bbox 526 2627 535 2652; x_wconf 86' lang='grc'>1</span> <span class='ocrx_word' id='word_1_253' title='bbox 560 2625 630 2652; x_wconf 84' lang='lat' dir='ltr'><strong>Edit.</strong></span> <span class='ocrx_word' id='word_1_254' title='bbox 651 2627 733 2653; x_wconf 64' lang='grc' dir='ltr'>Μαίη.</span> <span class='ocrx_word' id='word_1_255' title='bbox 756 2626 819 2662; x_wconf 84' lang='lat' dir='ltr'><strong>legit</strong></span> <span class='ocrx_word' id='word_1_256' title='bbox 836 2627 1039 2661; x_wconf 73' lang='lat' dir='ltr'><strong>procurandas</strong></span> <span class='ocrx_word' id='word_1_257' title='bbox 1054 2627 1092 2661; x_wconf 74' lang='lat' dir='ltr'><strong>(a.</strong></span> <span class='ocrx_word' id='word_1_258' title='bbox 1109 2629 1147 2660; x_wconf 87' lang='grc' dir='ltr'><strong>Τ.)</strong></span> 
     </span>
     <span class='ocr_line' id='line_1_50' title="bbox 525 2670 1147 2707; baseline 0.002 -10"><span class='ocrx_word' id='word_1_259' title='bbox 525 2672 540 2697; x_wconf 68' lang='grc'><strong>2</strong></span> <span class='ocrx_word' id='word_1_260' title='bbox 561 2670 704 2705; x_wconf 79' lang='lat' dir='ltr'><strong>Pei-peram</strong></span> <span class='ocrx_word' id='word_1_261' title='bbox 725 2672 790 2698; x_wconf 65' lang='lat' dir='ltr'><strong>ellit.</strong></span> <span class='ocrx_word' id='word_1_262' title='bbox 812 2672 894 2699; x_wconf 84' lang='lat' dir='ltr'><strong>Main.</strong></span> <span class='ocrx_word' id='word_1_263' title='bbox 917 2672 980 2706; x_wconf 79' lang='lat' dir='ltr'><strong>legit</strong></span> <span class='ocrx_word' id='word_1_264' title='bbox 1000 2675 1024 2699; x_wconf 83' lang='lat' dir='ltr'><strong>et</strong></span> <span class='ocrx_word' id='word_1_265' title='bbox 1044 2679 1082 2707; x_wconf 60' lang='lat' dir='ltr'><strong>(n.</strong></span> <span class='ocrx_word' id='word_1_266' title='bbox 1099 2672 1147 2705; x_wconf 85' lang='lat' dir='ltr'><strong>T.).</strong></span> 
     </span>
    </p>
   </div>
   <div class='ocr_carea' id='block_1_6' title="bbox 1252 379 1997 2597">
    <p class='ocr_par' dir='ltr' id='par_1_6' title="bbox 1252 379 1997 2597">
     <span class='ocr_line' id='line_1_51' title="bbox 1253 379 1993 423; baseline 0.004 -12"><span class='ocrx_word' id='word_1_267' title='bbox 1253 390 1336 412; x_wconf 90' lang='lat' dir='ltr'><strong>mam</strong></span> <span class='ocrx_word' id='word_1_268' title='bbox 1354 379 1566 422; x_wconf 82' lang='lat' dir='ltr'><strong>capitulorum</strong></span> <span class='ocrx_word' id='word_1_269' title='bbox 1583 385 1614 412; x_wconf 83' lang='lat' dir='ltr'><strong>et</strong></span> <span class='ocrx_word' id='word_1_270' title='bbox 1638 380 1821 423; x_wconf 74' lang='lat' dir='ltr'><strong>regularum</strong></span> <span class='ocrx_word' id='word_1_271' title='bbox 1845 381 1884 414; x_wconf 91' lang='lat' dir='ltr'><strong>ad</strong></span> <span class='ocrx_word' id='word_1_272' title='bbox 1908 381 1993 414; x_wconf 85' lang='lat' dir='ltr'><strong>hunc</strong></span> 
     </span>
     <span class='ocr_line' id='line_1_52' title="bbox 1252 432 1994 478; baseline 0.003 -13"><span class='ocrx_word' id='word_1_273' title='bbox 1252 432 1398 466; x_wconf 74' lang='lat' dir='ltr'><strong>effectum</strong></span> <span class='ocrx_word' id='word_1_274' title='bbox 1412 433 1451 465; x_wconf 89' lang='lat' dir='ltr'><strong>ab</strong></span> <span class='ocrx_word' id='word_1_275' title='bbox 1468 433 1536 477; x_wconf 88' lang='lat' dir='ltr'><strong>ipso</strong></span> <span class='ocrx_word' id='word_1_276' title='bbox 1552 433 1730 467; x_wconf 79' lang='lat' dir='ltr'><strong>Alexandro</strong></span> <span class='ocrx_word' id='word_1_277' title='bbox 1743 434 1894 467; x_wconf 83' lang='lat' dir='ltr'><strong>cardinali</strong></span> <span class='ocrx_word' id='word_1_278' title='bbox 1908 444 1994 478; x_wconf 87' lang='lat' dir='ltr'><strong>prae-</strong></span> 
     </span>
     <span class='ocr_line' id='line_1_53' title="bbox 1253 486 1994 530; baseline 0.001 -12"><span class='ocrx_word' id='word_1_279' title='bbox 1253 486 1412 529; x_wconf 79' lang='lat' dir='ltr'><strong>scriptam,</strong></span> <span class='ocrx_word' id='word_1_280' title='bbox 1435 496 1490 519; x_wconf 88' lang='lat' dir='ltr'><strong>seu</strong></span> <span class='ocrx_word' id='word_1_281' title='bbox 1514 486 1791 530; x_wconf 83' lang='lat' dir='ltr'><strong>praescribendam</strong></span> <span class='ocrx_word' id='word_1_282' title='bbox 1806 514 1814 527; x_wconf 96' lang='lat'><strong>,</strong></span> <span class='ocrx_word' id='word_1_283' title='bbox 1839 487 1938 521; x_wconf 76' lang='lat' dir='ltr'><strong>erexit</strong></span> <span class='ocrx_word' id='word_1_284' title='bbox 1963 492 1994 519; x_wconf 87' lang='lat' dir='ltr'><strong>et</strong></span> 
     </span>
     <span class='ocr_line' id='line_1_54' title="bbox 1253 538 1993 582; baseline 0.004 -12"><span class='ocrx_word' id='word_1_285' title='bbox 1253 538 1403 578; x_wconf 64' lang='lat' dir='ltr'><strong>instituit:</strong></span> <span class='ocrx_word' id='word_1_286' title='bbox 1429 539 1536 582; x_wconf 86' lang='lat' dir='ltr'><strong>illique</strong></span> <span class='ocrx_word' id='word_1_287' title='bbox 1561 539 1604 572; x_wconf 92' lang='lat' dir='ltr'><strong>sic</strong></span> <span class='ocrx_word' id='word_1_288' title='bbox 1629 544 1751 572; x_wconf 88' lang='lat' dir='ltr'><strong>erectae</strong></span> <span class='ocrx_word' id='word_1_289' title='bbox 1780 544 1810 573; x_wconf 86' lang='lat' dir='ltr'><strong>et</strong></span> <span class='ocrx_word' id='word_1_290' title='bbox 1834 540 1993 573; x_wconf 87' lang='lat' dir='ltr'><strong>institutae</strong></span> 
     </span>
     <span class='ocr_line' id='line_1_55' title="bbox 1253 592 1992 635; baseline 0.003 -11"><span class='ocrx_word' id='word_1_291' title='bbox 1253 602 1310 635; x_wconf 89' lang='lat' dir='ltr'><strong>pro</strong></span> <span class='ocrx_word' id='word_1_292' title='bbox 1343 592 1500 625; x_wconf 87' lang='lat' dir='ltr'><strong>dictorum</strong></span> <span class='ocrx_word' id='word_1_293' title='bbox 1532 592 1733 626; x_wconf 84' lang='lat' dir='ltr'><strong>sacerdotum</strong></span> <span class='ocrx_word' id='word_1_294' title='bbox 1757 593 1992 633; x_wconf 84' lang='lat' dir='ltr'><strong>sustentatione,</strong></span> 
     </span>
     <span class='ocr_line' id='line_1_56' title="bbox 1254 645 1994 689; baseline 0.001 -12"><span class='ocrx_word' id='word_1_295' title='bbox 1254 645 1361 688; x_wconf 73' lang='lat' dir='ltr'><strong>vigore</strong></span> <span class='ocrx_word' id='word_1_296' title='bbox 1394 646 1577 678; x_wconf 82' lang='lat' dir='ltr'><strong>facultatum</strong></span> <span class='ocrx_word' id='word_1_297' title='bbox 1602 656 1658 689; x_wconf 90' lang='lat' dir='ltr'><strong>per</strong></span> <span class='ocrx_word' id='word_1_298' title='bbox 1682 646 1802 679; x_wconf 85' lang='lat' dir='ltr'><strong>litteras</strong></span> <span class='ocrx_word' id='word_1_299' title='bbox 1826 646 1924 679; x_wconf 81' lang='lat' dir='ltr'><strong>felicis</strong></span> <span class='ocrx_word' id='word_1_300' title='bbox 1948 655 1994 678; x_wconf 89' lang='lat' dir='ltr'><strong>re-</strong></span> 
     </span>
     <span class='ocr_line' id='line_1_57' title="bbox 1253 698 1994 742; baseline 0.001 -12"><span class='ocrx_word' id='word_1_301' title='bbox 1253 698 1445 731; x_wconf 85' lang='lat' dir='ltr'><strong>cordationis</strong></span> <span class='ocrx_word' id='word_1_302' title='bbox 1468 698 1637 732; x_wconf 81' lang='lat' dir='ltr'><strong>Clementis</strong></span> <span class='ocrx_word' id='word_1_303' title='bbox 1662 698 1762 742; x_wconf 87' lang='lat' dir='ltr'><strong>Papae</strong></span> <span class='ocrx_word' id='word_1_304' title='bbox 1776 698 1842 732; x_wconf 86' lang='lat' dir='ltr'><strong>Vlll</strong></span> <span class='ocrx_word' id='word_1_305' title='bbox 1865 698 1994 742; x_wconf 87' lang='lat' dir='ltr'><strong>praede-</strong></span> 
     </span>
     <span class='ocr_line' id='line_1_58' title="bbox 1254 751 1993 796; baseline 0.001 -12"><span class='ocrx_word' id='word_1_306' title='bbox 1254 751 1388 784; x_wconf 80' lang='lat' dir='ltr'><strong>cessoris</strong></span> <span class='ocrx_word' id='word_1_307' title='bbox 1420 752 1520 785; x_wconf 85' lang='lat' dir='ltr'><strong>nostri</strong></span> <span class='ocrx_word' id='word_1_308' title='bbox 1556 752 1614 785; x_wconf 84' lang='lat' dir='ltr'><strong>sub</strong></span> <span class='ocrx_word' id='word_1_309' title='bbox 1649 752 1699 785; x_wconf 90' lang='lat' dir='ltr'><strong>die</strong></span> <span class='ocrx_word' id='word_1_310' title='bbox 1729 762 1770 785; x_wconf 87' lang='lat' dir='ltr'><strong>xv</strong></span> <span class='ocrx_word' id='word_1_311' title='bbox 1806 752 1993 796; x_wconf 87' lang='lat' dir='ltr'><strong>septembris</strong></span> 
     </span>
     <span class='ocr_line' id='line_1_59' title="bbox 1253 804 1993 844; baseline 0.003 -8"><span class='ocrx_word' id='word_1_312' title='bbox 1253 804 1326 836; x_wconf 87' lang='lat' dir='ltr'><strong>anni</strong></span> <span class='ocrx_word' id='word_1_313' title='bbox 1352 814 1484 844; x_wconf 81' lang='lat' dir='ltr'><strong>Mnxcm,</strong></span> <span class='ocrx_word' id='word_1_314' title='bbox 1503 815 1539 837; x_wconf 91' lang='lat' dir='ltr'><strong>ac</strong></span> <span class='ocrx_word' id='word_1_315' title='bbox 1563 810 1688 838; x_wconf 87' lang='lat' dir='ltr'><strong>nostras</strong></span> <span class='ocrx_word' id='word_1_316' title='bbox 1711 805 1742 838; x_wconf 92' lang='lat' dir='ltr'><strong>in</strong></span> <span class='ocrx_word' id='word_1_317' title='bbox 1768 805 1863 838; x_wconf 91' lang='lat' dir='ltr'><strong>simili</strong></span> <span class='ocrx_word' id='word_1_318' title='bbox 1890 805 1993 839; x_wconf 75' lang='lat' dir='ltr'><strong>forma</strong></span> 
     </span>
     <span class='ocr_line' id='line_1_60' title="bbox 1255 856 1994 901; baseline 0.001 -12"><span class='ocrx_word' id='word_1_319' title='bbox 1255 856 1361 889; x_wconf 75' lang='lat' dir='ltr'><strong>Brevis</strong></span> <span class='ocrx_word' id='word_1_320' title='bbox 1370 857 1530 901; x_wconf 83' lang='lat' dir='ltr'><strong>expeditas</strong></span> <span class='ocrx_word' id='word_1_321' title='bbox 1546 857 1605 890; x_wconf 92' lang='lat' dir='ltr'><strong>sub</strong></span> <span class='ocrx_word' id='word_1_322' title='bbox 1620 857 1670 890; x_wconf 90' lang='lat' dir='ltr'><strong>die</strong></span> <span class='ocrx_word' id='word_1_323' title='bbox 1684 867 1706 891; x_wconf 90' lang='lat'><strong>11</strong></span> <span class='ocrx_word' id='word_1_324' title='bbox 1719 858 1786 890; x_wconf 87' lang='lat' dir='ltr'><strong>iulii</strong></span> <span class='ocrx_word' id='word_1_325' title='bbox 1801 857 1875 890; x_wconf 86' lang='lat' dir='ltr'><strong>anni</strong></span> <span class='ocrx_word' id='word_1_326' title='bbox 1885 867 1994 891; x_wconf 69' lang='lat' dir='ltr'><strong>iincvu</strong></span> 
     </span>
     <span class='ocr_line' id='line_1_61' title="bbox 1254 909 1995 953; baseline 0.003 -12"><span class='ocrx_word' id='word_1_327' title='bbox 1254 909 1311 941; x_wconf 81' lang='lat' dir='ltr'><strong>sibi</strong></span> <span class='ocrx_word' id='word_1_328' title='bbox 1330 909 1466 953; x_wconf 85' lang='lat' dir='ltr'><strong>desuper</strong></span> <span class='ocrx_word' id='word_1_329' title='bbox 1486 910 1732 950; x_wconf 78' lang='lat' dir='ltr'><strong>concessarum&#39;,</strong></span> <span class='ocrx_word' id='word_1_330' title='bbox 1745 910 1914 944; x_wconf 88' lang='lat' dir='ltr'><strong>nonnullos</strong></span> <span class='ocrx_word' id='word_1_331' title='bbox 1926 910 1995 943; x_wconf 91' lang='lat' dir='ltr'><strong>red-</strong></span> 
     </span>
     <span class='ocr_line' id='line_1_62' title="bbox 1253 962 1994 1007; baseline 0.001 -13"><span class='ocrx_word' id='word_1_332' title='bbox 1253 962 1346 1003; x_wconf 85' lang='lat' dir='ltr'><strong>ditus,</strong></span> <span class='ocrx_word' id='word_1_333' title='bbox 1363 973 1500 996; x_wconf 88' lang='lat' dir='ltr'><strong>canones</strong></span> <span class='ocrx_word' id='word_1_334' title='bbox 1518 968 1548 996; x_wconf 85' lang='lat' dir='ltr'><strong>et</strong></span> <span class='ocrx_word' id='word_1_335' title='bbox 1565 964 1788 1007; x_wconf 90' lang='lat' dir='ltr'><strong>responsiones</strong></span> <span class='ocrx_word' id='word_1_336' title='bbox 1802 973 1922 997; x_wconf 88' lang='lat' dir='ltr'><strong>annuas</strong></span> <span class='ocrx_word' id='word_1_337' title='bbox 1937 962 1994 996; x_wconf 70' lang='lat' dir='ltr'><strong>ab&#39;</strong></span> 
     </span>
     <span class='ocr_line' id='line_1_63' title="bbox 1254 1016 1993 1059; baseline 0.001 -11"><span class='ocrx_word' id='word_1_338' title='bbox 1254 1016 1393 1049; x_wconf 86' lang='lat' dir='ltr'><strong>ecclesiis</strong></span> <span class='ocrx_word' id='word_1_339' title='bbox 1419 1016 1652 1059; x_wconf 88' lang='lat' dir='ltr'><strong>parochialibus</strong></span> <span class='ocrx_word' id='word_1_340' title='bbox 1677 1016 1817 1050; x_wconf 90' lang='lat' dir='ltr'><strong>eiusdem</strong></span> <span class='ocrx_word' id='word_1_341' title='bbox 1842 1016 1993 1050; x_wconf 86' lang='lat' dir='ltr'><strong>ecclesiae</strong></span> 
     </span>
     <span class='ocr_line' id='line_1_64' title="bbox 1254 1069 1994 1114; baseline 0.003 -13"><span class='ocrx_word' id='word_1_342' title='bbox 1254 1070 1350 1102; x_wconf 89' lang='lat' dir='ltr'><strong>sancti</strong></span> <span class='ocrx_word' id='word_1_343' title='bbox 1369 1069 1528 1102; x_wconf 88' lang='lat' dir='ltr'><strong>Laurentii</strong></span> <span class='ocrx_word' id='word_1_344' title='bbox 1546 1069 1680 1110; x_wconf 78' lang='lat' dir='ltr'><strong>filiabus,</strong></span> <span class='ocrx_word' id='word_1_345' title='bbox 1701 1070 1873 1114; x_wconf 76' lang='lat' dir='ltr'><strong>apostolica</strong></span> <span class='ocrx_word' id='word_1_346' title='bbox 1890 1075 1994 1103; x_wconf 89' lang='lat' dir='ltr'><strong>aucto-</strong></span> 
     </span>
     <span class='ocr_line' id='line_1_65' title="bbox 1254 1122 1994 1167; baseline 0 -13"><span class='ocrx_word' id='word_1_347' title='bbox 1254 1122 1344 1154; x_wconf 89' lang='lat' dir='ltr'><strong>ritate</strong></span> <span class='ocrx_word' id='word_1_348' title='bbox 1369 1123 1567 1166; x_wconf 77' lang='lat' dir='ltr'><strong>suppressiS‚</strong></span> <span class='ocrx_word' id='word_1_349' title='bbox 1592 1123 1812 1167; x_wconf 81' lang='lat' dir='ltr'><strong>provenientes</strong></span> <span class='ocrx_word' id='word_1_350' title='bbox 1836 1122 1994 1166; x_wconf 81' lang='lat' dir='ltr'><strong>(videlicet</strong></span> 
     </span>
     <span class='ocr_line' id='line_1_66' title="bbox 1253 1175 1995 1220; baseline -0.001 -12"><span class='ocrx_word' id='word_1_351' title='bbox 1253 1186 1347 1208; x_wconf 85' lang='lat' dir='ltr'><strong>unani</strong></span> <span class='ocrx_word' id='word_1_352' title='bbox 1371 1176 1501 1208; x_wconf 89' lang='lat' dir='ltr'><strong>domum</strong></span> <span class='ocrx_word' id='word_1_353' title='bbox 1527 1187 1598 1209; x_wconf 90' lang='lat' dir='ltr'><strong>cum</strong></span> <span class='ocrx_word' id='word_1_354' title='bbox 1618 1176 1772 1220; x_wconf 75' lang='lat' dir='ltr'><strong>apotheca</strong></span> <span class='ocrx_word' id='word_1_355' title='bbox 1796 1176 1828 1208; x_wconf 91' lang='lat' dir='ltr'><strong>in</strong></span> <span class='ocrx_word' id='word_1_356' title='bbox 1852 1176 1901 1208; x_wconf 72' lang='lat' dir='ltr'><strong>via</strong></span> <span class='ocrx_word' id='word_1_357' title='bbox 1917 1175 1995 1208; x_wconf 90' lang='lat' dir='ltr'><strong>Leu-</strong></span> 
     </span>
     <span class='ocr_line' id='line_1_67' title="bbox 1252 1228 1995 1262; baseline 0 -1"><span class='ocrx_word' id='word_1_358' title='bbox 1252 1229 1406 1262; x_wconf 90' lang='lat' dir='ltr'><strong>tariorum</strong></span> <span class='ocrx_word' id='word_1_359' title='bbox 1431 1229 1566 1262; x_wconf 78' lang='lat' dir='ltr'><strong>vicinam</strong></span> <span class='ocrx_word' id='word_1_360' title='bbox 1591 1229 1683 1262; x_wconf 89' lang='lat' dir='ltr'><strong>bonis</strong></span> <span class='ocrx_word' id='word_1_361' title='bbox 1705 1229 1893 1262; x_wconf 83' lang='lat' dir='ltr'><strong>dilectorum</strong></span> <span class='ocrx_word' id='word_1_362' title='bbox 1917 1228 1995 1261; x_wconf 86' lang='lat' dir='ltr'><strong>silio-</strong></span> 
     </span>
     <span class='ocr_line' id='line_1_68' title="bbox 1252 1282 1994 1326; baseline 0 -12"><span class='ocrx_word' id='word_1_363' title='bbox 1252 1292 1325 1314; x_wconf 91' lang='lat' dir='ltr'><strong>rum</strong></span> <span class='ocrx_word' id='word_1_364' title='bbox 1361 1282 1542 1326; x_wconf 71' lang='lat' dir='ltr'><strong>Hieronymi</strong></span> <span class='ocrx_word' id='word_1_365' title='bbox 1580 1282 1759 1325; x_wconf 78' lang='lat' dir='ltr'><strong>Mignanelli</strong></span> <span class='ocrx_word' id='word_1_366' title='bbox 1791 1282 1830 1314; x_wconf 86' lang='lat' dir='ltr'><strong>ab</strong></span> <span class='ocrx_word' id='word_1_367' title='bbox 1865 1284 1928 1315; x_wconf 77' lang='lat' dir='ltr'><strong>una</strong></span> <span class='ocrx_word' id='word_1_368' title='bbox 1963 1286 1994 1314; x_wconf 85' lang='lat' dir='ltr'><strong>et</strong></span> 
     </span>
     <span class='ocr_line' id='line_1_69' title="bbox 1254 1334 1994 1378; baseline -0.001 -11"><span class='ocrx_word' id='word_1_369' title='bbox 1254 1335 1339 1367; x_wconf 84' lang='lat' dir='ltr'><strong>Pauli</strong></span> <span class='ocrx_word' id='word_1_370' title='bbox 1364 1335 1488 1368; x_wconf 89' lang='lat' dir='ltr'><strong>Dizzoni</strong></span> <span class='ocrx_word' id='word_1_371' title='bbox 1512 1335 1550 1367; x_wconf 92' lang='lat' dir='ltr'><strong>ab</strong></span> <span class='ocrx_word' id='word_1_372' title='bbox 1574 1335 1673 1368; x_wconf 81' lang='lat' dir='ltr'><strong>altera</strong></span> <span class='ocrx_word' id='word_1_373' title='bbox 1697 1334 1849 1378; x_wconf 85' lang='lat' dir='ltr'><strong>partibus,</strong></span> <span class='ocrx_word' id='word_1_374' title='bbox 1866 1344 1902 1367; x_wconf 85' lang='lat' dir='ltr'><strong>ac</strong></span> <span class='ocrx_word' id='word_1_375' title='bbox 1922 1339 1994 1367; x_wconf 85' lang='lat' dir='ltr'><strong>ante</strong></span> 
     </span>
     <span class='ocr_line' id='line_1_70' title="bbox 1254 1387 1995 1431; baseline -0.001 -11"><span class='ocrx_word' id='word_1_376' title='bbox 1254 1388 1335 1420; x_wconf 75' lang='lat' dir='ltr'><strong>viam</strong></span> <span class='ocrx_word' id='word_1_377' title='bbox 1360 1387 1531 1431; x_wconf 83' lang='lat' dir='ltr'><strong>publicam,</strong></span> <span class='ocrx_word' id='word_1_378' title='bbox 1551 1387 1581 1419; x_wconf 94' lang='lat' dir='ltr'><strong>in</strong></span> <span class='ocrx_word' id='word_1_379' title='bbox 1596 1398 1659 1430; x_wconf 86' lang='lat' dir='ltr'><strong>qua</strong></span> <span class='ocrx_word' id='word_1_380' title='bbox 1682 1392 1755 1420; x_wconf 89' lang='lat' dir='ltr'><strong>tunc</strong></span> <span class='ocrx_word' id='word_1_381' title='bbox 1780 1387 1939 1420; x_wconf 85' lang='lat' dir='ltr'><strong>habitabat</strong></span> <span class='ocrx_word' id='word_1_382' title='bbox 1952 1387 1995 1419; x_wconf 93' lang='lat' dir='ltr'><strong>di-</strong></span> 
     </span>
     <span class='ocr_line' id='line_1_71' title="bbox 1254 1441 1996 1484; baseline 0 -11"><span class='ocrx_word' id='word_1_383' title='bbox 1254 1442 1352 1474; x_wconf 87' lang='lat' dir='ltr'><strong>lectus</strong></span> <span class='ocrx_word' id='word_1_384' title='bbox 1369 1441 1462 1473; x_wconf 87' lang='lat' dir='ltr'><strong>etiam</strong></span> <span class='ocrx_word' id='word_1_385' title='bbox 1479 1441 1563 1473; x_wconf 77' lang='lat' dir='ltr'><strong>lilius</strong></span> <span class='ocrx_word' id='word_1_386' title='bbox 1579 1441 1734 1484; x_wconf 85' lang='lat' dir='ltr'><strong>Georgius</strong></span> <span class='ocrx_word' id='word_1_387' title='bbox 1753 1441 1900 1474; x_wconf 81' lang='lat' dir='ltr'><strong>Albertus</strong></span> <span class='ocrx_word' id='word_1_388' title='bbox 1920 1441 1996 1473; x_wconf 89' lang='lat' dir='ltr'><strong>Leu-</strong></span> 
     </span>
     <span class='ocr_line' id='line_1_72' title="bbox 1254 1494 1994 1539; baseline -0.001 -11"><span class='ocrx_word' id='word_1_389' title='bbox 1254 1496 1352 1528; x_wconf 85' lang='lat' dir='ltr'><strong>tarius</strong></span> <span class='ocrx_word' id='word_1_390' title='bbox 1368 1496 1413 1528; x_wconf 89' lang='lat' dir='ltr'><strong>uti</strong></span> <span class='ocrx_word' id='word_1_391' title='bbox 1430 1496 1631 1539; x_wconf 73' lang='lat' dir='ltr'><strong>emphyteuta</strong></span> <span class='ocrx_word' id='word_1_392' title='bbox 1647 1495 1789 1528; x_wconf 79' lang='lat' dir='ltr'><strong>eiusdem</strong></span> <span class='ocrx_word' id='word_1_393' title='bbox 1805 1495 1919 1529; x_wconf 89' lang='lat' dir='ltr'><strong>domus</strong></span> <span class='ocrx_word' id='word_1_394' title='bbox 1935 1494 1994 1528; x_wconf 88' lang='lat' dir='ltr'><strong>sibi</strong></span> 
     </span>
     <span class='ocr_line' id='line_1_73' title="bbox 1253 1548 1994 1591; baseline -0.001 -10"><span class='ocrx_word' id='word_1_395' title='bbox 1253 1549 1292 1581; x_wconf 86' lang='lat' dir='ltr'><strong>ad</strong></span> <span class='ocrx_word' id='word_1_396' title='bbox 1317 1549 1442 1581; x_wconf 90' lang='lat' dir='ltr'><strong>tertiam</strong></span> <span class='ocrx_word' id='word_1_397' title='bbox 1467 1549 1535 1581; x_wconf 88' lang='lat' dir='ltr'><strong>eius</strong></span> <span class='ocrx_word' id='word_1_398' title='bbox 1569 1549 1805 1591; x_wconf 83' lang='lat' dir='ltr'><strong>generationem</strong></span> <span class='ocrx_word' id='word_1_399' title='bbox 1837 1548 1994 1581; x_wconf 88' lang='lat' dir='ltr'><strong>mediante</strong></span> 
     </span>
     <span class='ocr_line' id='line_1_74' title="bbox 1254 1601 1995 1644; baseline 0 -11"><span class='ocrx_word' id='word_1_400' title='bbox 1254 1601 1451 1644; x_wconf 85' lang='lat' dir='ltr'><strong>beneplacito</strong></span> <span class='ocrx_word' id='word_1_401' title='bbox 1477 1601 1651 1644; x_wconf 84' lang='lat' dir='ltr'><strong>apostolico</strong></span> <span class='ocrx_word' id='word_1_402' title='bbox 1675 1611 1842 1634; x_wconf 85' lang='lat' dir='ltr'><strong>concessae</strong></span> <span class='ocrx_word' id='word_1_403' title='bbox 1867 1601 1925 1634; x_wconf 90' lang='lat' dir='ltr'><strong>sub</strong></span> <span class='ocrx_word' id='word_1_404' title='bbox 1944 1610 1995 1633; x_wconf 91' lang='lat' dir='ltr'><strong>an-</strong></span> 
     </span>
     <span class='ocr_line' id='line_1_75' title="bbox 1255 1653 1994 1697; baseline 0.001 -12"><span class='ocrx_word' id='word_1_405' title='bbox 1255 1663 1317 1686; x_wconf 90' lang='lat' dir='ltr'><strong>nuo</strong></span> <span class='ocrx_word' id='word_1_406' title='bbox 1335 1663 1453 1686; x_wconf 89' lang='lat' dir='ltr'><strong>canone</strong></span> <span class='ocrx_word' id='word_1_407' title='bbox 1478 1653 1639 1696; x_wconf 79' lang='lat' dir='ltr'><strong>sexaginta</strong></span> <span class='ocrx_word' id='word_1_408' title='bbox 1662 1654 1802 1697; x_wconf 85' lang='lat' dir='ltr'><strong>quinque</strong></span> <span class='ocrx_word' id='word_1_409' title='bbox 1831 1658 1994 1687; x_wconf 90' lang='lat' dir='ltr'><strong>scutorum</strong></span> 
     </span>
     <span class='ocr_line' id='line_1_76' title="bbox 1255 1711 1994 1747; baseline 0 -8"><span class='ocrx_word' id='word_1_410' title='bbox 1255 1711 1408 1747; x_wconf 85' lang='lat' dir='ltr'><strong>monetae,</strong></span> <span class='ocrx_word' id='word_1_411' title='bbox 1425 1717 1546 1740; x_wconf 90' lang='lat' dir='ltr'><strong>necnon</strong></span> <span class='ocrx_word' id='word_1_412' title='bbox 1570 1717 1668 1740; x_wconf 90' lang='lat' dir='ltr'><strong>unum</strong></span> <span class='ocrx_word' id='word_1_413' title='bbox 1685 1717 1838 1740; x_wconf 87' lang='lat' dir='ltr'><strong>canonem</strong></span> <span class='ocrx_word' id='word_1_414' title='bbox 1854 1716 1994 1740; x_wconf 86' lang='lat' dir='ltr'><strong>annuum</strong></span> 
     </span>
     <span class='ocr_line' id='line_1_77' title="bbox 1255 1760 1994 1804; baseline -0.001 -11"><span class='ocrx_word' id='word_1_415' title='bbox 1255 1770 1306 1793; x_wconf 77' lang='lat' dir='ltr'><strong>sex</strong></span> <span class='ocrx_word' id='word_1_416' title='bbox 1341 1766 1504 1793; x_wconf 82' lang='lat' dir='ltr'><strong>scutorum</strong></span> <span class='ocrx_word' id='word_1_417' title='bbox 1540 1760 1692 1793; x_wconf 90' lang='lat' dir='ltr'><strong>similium</strong></span> <span class='ocrx_word' id='word_1_418' title='bbox 1732 1771 1828 1804; x_wconf 86' lang='lat' dir='ltr'><strong>super</strong></span> <span class='ocrx_word' id='word_1_419' title='bbox 1857 1760 1994 1804; x_wconf 87' lang='lat' dir='ltr'><strong>quadam</strong></span> 
     </span>
     <span class='ocr_line' id='line_1_78' title="bbox 1255 1813 1995 1857; baseline 0.001 -12"><span class='ocrx_word' id='word_1_420' title='bbox 1255 1813 1350 1846; x_wconf 91' lang='lat' dir='ltr'><strong>domo</strong></span> <span class='ocrx_word' id='word_1_421' title='bbox 1374 1813 1433 1845; x_wconf 88' lang='lat' dir='ltr'><strong>sita</strong></span> <span class='ocrx_word' id='word_1_422' title='bbox 1450 1813 1479 1845; x_wconf 93' lang='lat' dir='ltr'><strong>in</strong></span> <span class='ocrx_word' id='word_1_423' title='bbox 1494 1814 1624 1856; x_wconf 76' lang='lat' dir='ltr'><strong>regione</strong></span> <span class='ocrx_word' id='word_1_424' title='bbox 1640 1814 1796 1847; x_wconf 80' lang='lat' dir='ltr'><strong>Arenulae</strong></span> <span class='ocrx_word' id='word_1_425' title='bbox 1810 1813 1840 1846; x_wconf 91' lang='lat' dir='ltr'><strong>in</strong></span> <span class='ocrx_word' id='word_1_426' title='bbox 1857 1814 1906 1846; x_wconf 74' lang='lat' dir='ltr'><strong>via</strong></span> <span class='ocrx_word' id='word_1_427' title='bbox 1923 1813 1995 1857; x_wconf 87' lang='lat' dir='ltr'><strong>Gip-</strong></span> 
     </span>
     <span class='ocr_line' id='line_1_79' title="bbox 1254 1866 1994 1910; baseline 0 -12"><span class='ocrx_word' id='word_1_428' title='bbox 1254 1866 1459 1909; x_wconf 86' lang='lat' dir='ltr'><strong>ponariorum</strong></span> <span class='ocrx_word' id='word_1_429' title='bbox 1474 1868 1664 1910; x_wconf 79' lang='lat' dir='ltr'><strong>nuncupata,</strong></span> <span class='ocrx_word' id='word_1_430' title='bbox 1675 1876 1711 1899; x_wconf 87' lang='lat' dir='ltr'><strong>ac</strong></span> <span class='ocrx_word' id='word_1_431' title='bbox 1726 1866 1827 1898; x_wconf 79' lang='lat' dir='ltr'><strong>vicina</strong></span> <span class='ocrx_word' id='word_1_432' title='bbox 1844 1866 1994 1899; x_wconf 87' lang='lat' dir='ltr'><strong>ecclesiae</strong></span> 
     </span>
     <span class='ocr_line' id='line_1_80' title="bbox 1255 1919 1995 1962; baseline 0 -11"><span class='ocrx_word' id='word_1_433' title='bbox 1255 1919 1352 1951; x_wconf 88' lang='lat' dir='ltr'><strong>sancti</strong></span> <span class='ocrx_word' id='word_1_434' title='bbox 1378 1919 1542 1952; x_wconf 79' lang='lat' dir='ltr'><strong>Mai-tinelli</strong></span> <span class='ocrx_word' id='word_1_435' title='bbox 1566 1923 1782 1962; x_wconf 88' lang='lat' dir='ltr'><strong>nuncupatae,</strong></span> <span class='ocrx_word' id='word_1_436' title='bbox 1806 1920 1951 1962; x_wconf 74' lang='lat' dir='ltr'><strong>possessa</strong></span> <span class='ocrx_word' id='word_1_437' title='bbox 1977 1928 1995 1951; x_wconf 90' lang='lat' dir='ltr'><strong>a</strong></span> 
     </span>
     <span class='ocr_line' id='line_1_81' title="bbox 1255 1971 1995 2005; baseline 0.003 -2"><span class='ocrx_word' id='word_1_438' title='bbox 1255 1971 1367 2004; x_wconf 80' lang='lat' dir='ltr'><strong>dilecta</strong></span> <span class='ocrx_word' id='word_1_439' title='bbox 1393 1971 1423 2003; x_wconf 92' lang='lat' dir='ltr'><strong>in</strong></span> <span class='ocrx_word' id='word_1_440' title='bbox 1447 1971 1571 2005; x_wconf 86' lang='lat' dir='ltr'><strong>Christo</strong></span> <span class='ocrx_word' id='word_1_441' title='bbox 1603 1971 1667 2003; x_wconf 77' lang='lat' dir='ltr'><strong>filia</strong></span> <span class='ocrx_word' id='word_1_442' title='bbox 1691 1971 1866 2005; x_wconf 87' lang='lat' dir='ltr'><strong>Gentilesca</strong></span> <span class='ocrx_word' id='word_1_443' title='bbox 1889 1971 1995 2005; x_wconf 88' lang='lat' dir='ltr'><strong>Palma</strong></span> 
     </span>
     <span class='ocr_line' id='line_1_82' title="bbox 1254 2024 1994 2067; baseline 0.001 -11"><span class='ocrx_word' id='word_1_444' title='bbox 1254 2024 1292 2057; x_wconf 91' lang='lat' dir='ltr'><strong>de</strong></span> <span class='ocrx_word' id='word_1_445' title='bbox 1312 2025 1492 2067; x_wconf 80' lang='lat' dir='ltr'><strong>Capi-amca,</strong></span> <span class='ocrx_word' id='word_1_446' title='bbox 1518 2030 1545 2057; x_wconf 89' lang='lat' dir='ltr'><strong>et</strong></span> <span class='ocrx_word' id='word_1_447' title='bbox 1572 2024 1687 2057; x_wconf 85' lang='lat' dir='ltr'><strong>dilecto</strong></span> <span class='ocrx_word' id='word_1_448' title='bbox 1711 2024 1776 2057; x_wconf 87' lang='lat' dir='ltr'><strong>silio</strong></span> <span class='ocrx_word' id='word_1_449' title='bbox 1800 2024 1994 2058; x_wconf 89' lang='lat' dir='ltr'><strong>Bernardino</strong></span> 
     </span>
     <span class='ocr_line' id='line_1_83' title="bbox 1256 2077 1994 2121; baseline 0 -11"><span class='ocrx_word' id='word_1_450' title='bbox 1256 2078 1422 2110; x_wconf 85' lang='lat' dir='ltr'><strong>Normetae</strong></span> <span class='ocrx_word' id='word_1_451' title='bbox 1448 2077 1579 2120; x_wconf 87' lang='lat' dir='ltr'><strong>pellario</strong></span> <span class='ocrx_word' id='word_1_452' title='bbox 1604 2077 1642 2110; x_wconf 88' lang='lat' dir='ltr'><strong>ad</strong></span> <span class='ocrx_word' id='word_1_453' title='bbox 1666 2087 1814 2121; x_wconf 85' lang='lat' dir='ltr'><strong>praesens</strong></span> <span class='ocrx_word' id='word_1_454' title='bbox 1830 2077 1941 2118; x_wconf 78' lang='lat' dir='ltr'><strong>locata,</strong></span> <span class='ocrx_word' id='word_1_455' title='bbox 1958 2088 1994 2111; x_wconf 85' lang='lat' dir='ltr'><strong>ac</strong></span> 
     </span>
     <span class='ocr_line' id='line_1_84' title="bbox 1255 2129 1996 2164; baseline 0.001 -2"><span class='ocrx_word' id='word_1_456' title='bbox 1255 2131 1388 2164; x_wconf 81' lang='lat' dir='ltr'><strong>alterum</strong></span> <span class='ocrx_word' id='word_1_457' title='bbox 1413 2140 1552 2163; x_wconf 87' lang='lat' dir='ltr'><strong>annuum</strong></span> <span class='ocrx_word' id='word_1_458' title='bbox 1573 2140 1727 2163; x_wconf 88' lang='lat' dir='ltr'><strong>canonem</strong></span> <span class='ocrx_word' id='word_1_459' title='bbox 1744 2129 1912 2164; x_wconf 88' lang='lat' dir='ltr'><strong>duodecim</strong></span> <span class='ocrx_word' id='word_1_460' title='bbox 1927 2140 1996 2164; x_wconf 88' lang='lat' dir='ltr'><strong>scu—</strong></span> 
     </span>
     <span class='ocr_line' id='line_1_85' title="bbox 1255 2182 1995 2226; baseline 0.003 -12"><span class='ocrx_word' id='word_1_461' title='bbox 1255 2188 1360 2216; x_wconf 91' lang='lat' dir='ltr'><strong>torum</strong></span> <span class='ocrx_word' id='word_1_462' title='bbox 1374 2183 1497 2226; x_wconf 90' lang='lat' dir='ltr'><strong>parium</strong></span> <span class='ocrx_word' id='word_1_463' title='bbox 1516 2183 1698 2226; x_wconf 89' lang='lat' dir='ltr'><strong>impositum</strong></span> <span class='ocrx_word' id='word_1_464' title='bbox 1715 2193 1812 2226; x_wconf 87' lang='lat' dir='ltr'><strong>super</strong></span> <span class='ocrx_word' id='word_1_465' title='bbox 1826 2183 1887 2216; x_wconf 81' lang='lat' dir='ltr'><strong>alia</strong></span> <span class='ocrx_word' id='word_1_466' title='bbox 1899 2182 1995 2216; x_wconf 89' lang='lat' dir='ltr'><strong>domo</strong></span> 
     </span>
     <span class='ocr_line' id='line_1_86' title="bbox 1257 2235 1994 2279; baseline 0.001 -12"><span class='ocrx_word' id='word_1_467' title='bbox 1257 2236 1286 2268; x_wconf 91' lang='lat' dir='ltr'><strong>in</strong></span> <span class='ocrx_word' id='word_1_468' title='bbox 1311 2236 1422 2268; x_wconf 76' lang='lat' dir='ltr'><strong>eadem</strong></span> <span class='ocrx_word' id='word_1_469' title='bbox 1454 2236 1600 2278; x_wconf 81' lang='lat' dir='ltr'><strong>regione,</strong></span> <span class='ocrx_word' id='word_1_470' title='bbox 1628 2245 1723 2279; x_wconf 78' lang='lat' dir='ltr'><strong>quem</strong></span> <span class='ocrx_word' id='word_1_471' title='bbox 1747 2235 1878 2269; x_wconf 88' lang='lat' dir='ltr'><strong>dilectus</strong></span> <span class='ocrx_word' id='word_1_472' title='bbox 1901 2235 1994 2268; x_wconf 84' lang='lat' dir='ltr'><strong>etiam</strong></span> 
     </span>
     <span class='ocr_line' id='line_1_87' title="bbox 1257 2279 1996 2330; baseline 0 -10"><span class='ocrx_word' id='word_1_473' title='bbox 1257 2287 1339 2320; x_wconf 85' lang='lat' dir='ltr'><strong>lilius</strong></span> <span class='ocrx_word' id='word_1_474' title='bbox 1354 2287 1485 2320; x_wconf 85' lang='lat' dir='ltr'><strong>lacobus</strong></span> <span class='ocrx_word' id='word_1_475' title='bbox 1501 2288 1674 2321; x_wconf 89' lang='lat' dir='ltr'><strong>Cochectus</strong></span> <span class='ocrx_word' id='word_1_476' title='bbox 1690 2287 1735 2319; x_wconf 87' lang='lat' dir='ltr'><strong>uti</strong></span> <span class='ocrx_word' id='word_1_477' title='bbox 1752 2279 1911 2329; x_wconf 69' lang='lat' dir='ltr'><strong>legitimiis</strong></span> <span class='ocrx_word' id='word_1_478' title='bbox 1928 2297 1996 2330; x_wconf 88' lang='lat' dir='ltr'><strong>pos-</strong></span> 
     </span>
     <span class='ocr_line' id='line_1_88' title="bbox 1255 2339 1996 2383; baseline 0 -11"><span class='ocrx_word' id='word_1_479' title='bbox 1255 2351 1359 2374; x_wconf 79' lang='lat' dir='ltr'><strong>sessor</strong></span> <span class='ocrx_word' id='word_1_480' title='bbox 1375 2340 1475 2373; x_wconf 82' lang='lat' dir='ltr'><strong>dictae</strong></span> <span class='ocrx_word' id='word_1_481' title='bbox 1492 2341 1605 2373; x_wconf 89' lang='lat' dir='ltr'><strong>domus</strong></span> <span class='ocrx_word' id='word_1_482' title='bbox 1621 2340 1726 2379; x_wconf 82' lang='lat' dir='ltr'><strong>solvit;</strong></span> <span class='ocrx_word' id='word_1_483' title='bbox 1743 2350 1823 2383; x_wconf 85' lang='lat' dir='ltr'><strong>quae</strong></span> <span class='ocrx_word' id='word_1_484' title='bbox 1836 2339 1950 2373; x_wconf 89' lang='lat' dir='ltr'><strong>domus</strong></span> <span class='ocrx_word' id='word_1_485' title='bbox 1965 2345 1996 2373; x_wconf 83' lang='lat' dir='ltr'><strong>et</strong></span> 
     </span>
     <span class='ocr_line' id='line_1_89' title="bbox 1257 2391 1997 2427; baseline 0 -1"><span class='ocrx_word' id='word_1_486' title='bbox 1257 2404 1391 2427; x_wconf 86' lang='lat' dir='ltr'><strong>canones</strong></span> <span class='ocrx_word' id='word_1_487' title='bbox 1407 2394 1482 2427; x_wconf 87' lang='lat' dir='ltr'><strong>olim</strong></span> <span class='ocrx_word' id='word_1_488' title='bbox 1501 2394 1628 2427; x_wconf 87' lang='lat' dir='ltr'><strong>suerunt</strong></span> <span class='ocrx_word' id='word_1_489' title='bbox 1639 2391 1788 2426; x_wconf 87' lang='lat' dir='ltr'><strong>ecclcsiae</strong></span> <span class='ocrx_word' id='word_1_490' title='bbox 1804 2393 1902 2426; x_wconf 82' lang='lat' dir='ltr'><strong>sancti</strong></span> <span class='ocrx_word' id='word_1_491' title='bbox 1920 2393 1997 2426; x_wconf 80' lang='lat' dir='ltr'><strong>Mar-</strong></span> 
     </span>
     <span class='ocr_line' id='line_1_90' title="bbox 1258 2446 1996 2490; baseline 0 -11"><span class='ocrx_word' id='word_1_492' title='bbox 1258 2447 1354 2480; x_wconf 91' lang='lat' dir='ltr'><strong>tinelli</strong></span> <span class='ocrx_word' id='word_1_493' title='bbox 1372 2447 1551 2490; x_wconf 87' lang='lat' dir='ltr'><strong>praedictae</strong></span> <span class='ocrx_word' id='word_1_494' title='bbox 1574 2446 1693 2479; x_wconf 88' lang='lat' dir='ltr'><strong>dudum</strong></span> <span class='ocrx_word' id='word_1_495' title='bbox 1718 2456 1923 2490; x_wconf 89' lang='lat' dir='ltr'><strong>suppressae:</strong></span> <span class='ocrx_word' id='word_1_496' title='bbox 1947 2446 1996 2479; x_wconf 92' lang='lat' dir='ltr'><strong>in-</strong></span> 
     </span>
     <span class='ocr_line' id='line_1_91' title="bbox 1257 2499 1996 2544; baseline -0.001 -11"><span class='ocrx_word' id='word_1_497' title='bbox 1257 2510 1352 2544; x_wconf 86' lang='lat' dir='ltr'><strong>super</strong></span> <span class='ocrx_word' id='word_1_498' title='bbox 1386 2500 1531 2533; x_wconf 89' lang='lat' dir='ltr'><strong>undecim</strong></span> <span class='ocrx_word' id='word_1_499' title='bbox 1563 2504 1649 2533; x_wconf 87' lang='lat' dir='ltr'><strong>scuta</strong></span> <span class='ocrx_word' id='word_1_500' title='bbox 1679 2509 1737 2542; x_wconf 88' lang='lat' dir='ltr'><strong>pro</strong></span> <span class='ocrx_word' id='word_1_501' title='bbox 1761 2509 1880 2533; x_wconf 86' lang='lat' dir='ltr'><strong>canone</strong></span> <span class='ocrx_word' id='word_1_502' title='bbox 1902 2499 1996 2533; x_wconf 90' lang='lat' dir='ltr'><strong>unius</strong></span> 
     </span>
     <span class='ocr_line' id='line_1_92' title="bbox 1256 2553 1995 2597; baseline -0.003 -9"><span class='ocrx_word' id='word_1_503' title='bbox 1256 2555 1370 2588; x_wconf 89' lang='lat' dir='ltr'><strong>domus</strong></span> <span class='ocrx_word' id='word_1_504' title='bbox 1395 2555 1424 2587; x_wconf 91' lang='lat' dir='ltr'><strong>in</strong></span> <span class='ocrx_word' id='word_1_505' title='bbox 1449 2554 1530 2588; x_wconf 79' lang='lat' dir='ltr'><strong>dicta</strong></span> <span class='ocrx_word' id='word_1_506' title='bbox 1561 2554 1690 2597; x_wconf 80' lang='lat' dir='ltr'><strong>regione</strong></span> <span class='ocrx_word' id='word_1_507' title='bbox 1715 2553 1810 2593; x_wconf 87' lang='lat' dir='ltr'><strong>sitae,</strong></span> <span class='ocrx_word' id='word_1_508' title='bbox 1837 2563 1933 2597; x_wconf 90' lang='lat' dir='ltr'><strong>quam</strong></span> <span class='ocrx_word' id='word_1_509' title='bbox 1956 2553 1995 2586; x_wconf 88' lang='lat' dir='ltr'><strong>ad</strong></span> 
     </span>
    </p>
   </div>
   <div class='ocr_carea' id='block_1_7' title="bbox 1292 2623 1993 2705">
    <p class='ocr_par' dir='ltr' id='par_1_7' title="bbox 1292 2623 1993 2705">
     <span class='ocr_line' id='line_1_93' title="bbox 1294 2623 1993 2659; baseline -0.001 -7"><span class='ocrx_word' id='word_1_510' title='bbox 1294 2627 1302 2652; x_wconf 90' lang='grc'>1</span> <span class='ocrx_word' id='word_1_511' title='bbox 1317 2625 1374 2652; x_wconf 84' lang='lat' dir='ltr'><strong>Hae</strong></span> <span class='ocrx_word' id='word_1_512' title='bbox 1383 2624 1464 2653; x_wconf 89' lang='lat' dir='ltr'><strong>Clein.</strong></span> <span class='ocrx_word' id='word_1_513' title='bbox 1472 2623 1529 2652; x_wconf 82' lang='lat' dir='ltr'><strong>vni</strong></span> <span class='ocrx_word' id='word_1_514' title='bbox 1537 2628 1564 2652; x_wconf 85' lang='lat' dir='ltr'><strong>et</strong></span> <span class='ocrx_word' id='word_1_515' title='bbox 1574 2623 1650 2652; x_wconf 85' lang='lat' dir='ltr'><strong>Pauli</strong></span> <span class='ocrx_word' id='word_1_516' title='bbox 1660 2623 1677 2650; x_wconf 93' lang='lat' dir='ltr'>V</span> <span class='ocrx_word' id='word_1_517' title='bbox 1688 2624 1794 2651; x_wconf 84' lang='lat' dir='ltr'><strong>litterae</strong></span> <span class='ocrx_word' id='word_1_518' title='bbox 1801 2623 1993 2659; x_wconf 77' lang='lat' dir='ltr'><strong>desunt(n.&#39;r.).</strong></span> 
     </span>
     <span class='ocr_line' id='line_1_94' title="bbox 1292 2668 1786 2705; baseline -0.006 -8"><span class='ocrx_word' id='word_1_519' title='bbox 1292 2671 1308 2698; x_wconf 73' lang='lat'><strong>2</strong></span> <span class='ocrx_word' id='word_1_520' title='bbox 1325 2671 1416 2705; x_wconf 81' lang='lat' dir='ltr'><strong>Praep.</strong></span> <span class='ocrx_word' id='word_1_521' title='bbox 1433 2669 1468 2697; x_wconf 81' lang='lat' dir='ltr'><strong>ab</strong></span> <span class='ocrx_word' id='word_1_522' title='bbox 1484 2677 1531 2696; x_wconf 88' lang='lat' dir='ltr'><strong>nos</strong></span> <span class='ocrx_word' id='word_1_523' title='bbox 1546 2668 1670 2696; x_wconf 81' lang='lat' dir='ltr'><strong>addimus</strong></span> <span class='ocrx_word' id='word_1_524' title='bbox 1685 2669 1721 2703; x_wconf 79' lang='lat' dir='ltr'><strong>(a.</strong></span> <span class='ocrx_word' id='word_1_525' title='bbox 1738 2669 1786 2704; x_wconf 81' lang='lat' dir='ltr'>T.).</span> 
     </span>
    </p>
   </div>
   <div class='ocr_carea' id='block_1_8' title="bbox 2004 280 2231 322">
    <p class='ocr_par' dir='ltr' id='par_1_8' title="bbox 2004 280 2231 322">
     <span class='ocr_line' id='line_1_95' title="bbox 2004 280 2231 322; baseline 0.018 -16"><span class='ocrx_word' id='word_1_526' title='bbox 2004 280 2096 308; x_wconf 79' lang='lat' dir='ltr'><strong>An.C.</strong></span> <span class='ocrx_word' id='word_1_527' title='bbox 2125 281 2193 310; x_wconf 71' lang='lat'><strong>⁴6¹3</strong></span> <span class='ocrx_word' id='word_1_528' title='bbox 2228 318 2231 322; x_wconf 68' lang='lat'><strong><em>‚</em></strong></span> 
     </span>
    </p>
   </div>
   <div class='ocr_carea' id='block_1_9' title="bbox 2007 603 2250 686">
    <p class='ocr_par' dir='ltr' id='par_1_9' title="bbox 2007 603 2250 686">
     <span class='ocr_line' id='line_1_96' title="bbox 2007 603 2250 660; baseline 0.016 -4"><span class='ocrx_word' id='word_1_529' title='bbox 2007 608 2193 660; x_wconf 51' lang='lat' dir='ltr'><strong>maasiae</strong></span> <span class='ocrx_word' id='word_1_530' title='bbox 2243 603 2250 610; x_wconf 92' lang='grc'>’</span> 
     </span>
     <span class='ocr_line' id='line_1_97' title="bbox 2007 663 2098 686; baseline 0 -1"><span class='ocrx_word' id='word_1_531' title='bbox 2007 663 2098 686; x_wconf 75' lang='lat' dir='ltr'><strong>addicti.</strong></span> 
     </span>
    </p>
   </div>
   <div class='ocr_carea' id='block_1_10' title="bbox 2208 0 2258 423">
    <p class='ocr_par' dir='ltr' id='par_1_10' title="bbox 2208 0 2258 423">
     <span class='ocr_line' id='line_1_98' title="bbox 2208 0 2258 137; baseline 0 0"><span class='ocrx_word' id='word_1_532' title='bbox 2208 0 2258 137; x_wconf 58' lang='lat' dir='ltr'><strong>l</strong></span> 
     </span>
     <span class='ocr_line' id='line_1_99' title="bbox 2222 143 2255 222; baseline 0 -40"><span class='ocrx_word' id='word_1_533' title='bbox 2222 143 2255 222; x_wconf 42' lang='grc' dir='ltr'><strong>ἒ·</strong></span> 
     </span>
     <span class='ocr_line' id='line_1_100' title="bbox 2230 392 2251 423; baseline 0.095 -2"><span class='ocrx_word' id='word_1_534' title='bbox 2230 392 2251 423; x_wconf 69' lang='lat' dir='ltr'><strong>J,-</strong></span> 
     </span>
    </p>
   </div>
   <div class='ocr_carea' id='block_1_11' title="bbox 2222 0 2293 2464">
    <p class='ocr_par' dir='ltr' id='par_1_11' title="bbox 2222 0 2293 2464">
     <span class='ocr_line' id='line_1_101' title="bbox 2222 0 2293 2464; baseline 0 -1731"><span class='ocrx_word' id='word_1_535' title='bbox 2222 0 2293 2464; x_wconf 95' lang='lat' dir='ltr'><strong>  </strong></span> 
     </span>
    </p>
   </div>
  </div>
 </body>
</html>
