2293 3231
97 285 147 314 An.
165 285 194 312 c.
213 283 280 312 1622

903 282 1078 306 GREGORIUS
1101 282 1142 306 XV
1166 282 1214 306 1²1³.

295 330 478 365 cardinales
502 341 610 363 omnes
635 335 664 363 ct
688 331 814 373 sinqnli
838 331 873 363 in
895 331 1038 363 conclavi

293 385 473 424 existentes,
503 384 650 417 videlicet
675 384 747 417 ΝΝ.
776 386 827 427 (et
855 384 1034 426 singillatim

293 448 403 471 omnes
437 437 638 470 nominentur
663 437 856 479 cardinales)
882 438 1036 480 eleyimus

292 495 321 524 et
346 491 498 534 eliyimus
520 501 578 534 per
601 491 688 523 vium
711 491 878 534 procedere
899 502 1037 534 compro-

291 545 395 585 missi,
423 550 451 577 et
476 544 680 576 unanimiter
700 548 728 576 ct
753 544 960 583 concorditer,
980 554 1035 576 ne-

292 598 380 630 mine
393 597 605 641 discrepante,
624 597 776 640 elicimus
793 597 1036 639 compromissa-

293 650 359 683 rios
371 650 427 691 N,
442 650 498 690 N,
515 654 543 683 et
557 650 596 683 N.
614 650 808 689 cardinales,
826 657 896 689 etc„
917 650 1035 692 quibus

292 702 409 736 damus
431 703 621 747 plenariam
645 704 834 747 facultatem
851 707 879 735 et
896 707 1035 746 potesta-

295 761 355 790 tem
370 757 565 801 providendi
584 758 615 790 S.
637 758 673 790 R.
697 758 734 790 E.
755 757 792 790 de
809 758 953 797 Pastore,
977 756 1035 788 sub

294 809 354 842 hac
377 810 483 853 forma
508 810 653 842 videlicet
679 810 749 853 (liic
777 809 931 853 optimum
957 809 1035 849 erit,

292 868 326 896 ut
351 863 525 895 cardinales
550 863 840 906 compromittentes
860 862 1036 905 exprimant

295 917 424 950 modum
443 922 474 949 et
490 918 634 956 sormam,
650 917 821 949 secundum
838 926 932 959 quam
953 926 1037 948 com-

295 971 491 1015 promissarii
509 971 667 1004 debebunt
680 971 807 1013 eligere,
822 975 851 1002 et
864 970 1035 1002 secundum

296 1034 390 1068 quam
416 1024 534 1057 electus
566 1024 658 1056 debet
681 1023 802 1056 censeri
828 1034 920 1055 verus
945 1028 974 1054 et
998 1023 1038 1054 le—

296 1078 425 1121 gitimus
450 1078 541 1122 Papa,
562 1083 596 1110 ut
619 1083 704 1121 puta,
725 1078 750 1110 si
775 1077 864 1109 electi
889 1077 950 1110 sint
974 1082 1036 1109 tres

295 1131 575 1174 compromissarii,
600 1131 821 1163 declarandum
847 1135 904 1169 cst,
932 1140 971 1162 an
999 1130 1036 1162 ad

293 1185 365 1225 hoc,
383 1189 416 1217 ut
433 1184 543 1217 electio
564 1184 602 1216 sit
620 1184 721 1216 valida
746 1184 835 1227 prius
859 1195 1037 1227 proponere

295 1237 429 1271 debeant
449 1249 539 1271 sacro
564 1238 697 1280 collegio
714 1248 891 1281 personam,
905 1238 952 1270 rel
969 1248 1038 1281 per-

294 1302 388 1325 sonas
419 1291 457 1324 ab
482 1291 558 1335 ipsis
588 1291 834 1331 nominandam,
854 1292 901 1323 vel
933 1291 1037 1323 nomi-

293 1345 413 1379 nandas
438 1345 476 1377 ad
496 1345 723 1389 pontificatum,
741 1355 779 1376 an
803 1355 877 1377 vero
895 1345 1037 1377 absolute

294 1399 428 1432 debeant
452 1399 637 1432 electionem
669 1409 822 1442 peragere
831 1409 838 1438 3
864 1408 903 1430 an
927 1409 1037 1431 omnes

294 1458 358 1486 tres
375 1452 507 1485 debeant
520 1452 688 1485 convenire
704 1452 735 1484 in
752 1461 844 1484 unam
859 1462 1036 1494 personam,

295 1516 336 1539 an
360 1516 435 1539 vero
460 1505 602 1544 sufficiat,
623 1505 708 1549 quod
732 1505 795 1538 duo
812 1505 842 1536 in
858 1515 952 1537 unam
968 1515 1038 1537 con-

296 1559 437 1600 cordent,
456 1564 537 1592 etan
555 1558 688 1591 debeant
712 1558 876 1591 nominare
900 1557 1036 1601 aliquem

295 1613 335 1647 de
359 1612 504 1655 collegio,
521 1612 569 1645 vel
594 1612 687 1645 etiam
711 1612 847 1655 aliquem
866 1616 952 1644 extra
977 1612 1038 1645 col-

295 1666 432 1710 legium:
457 1671 487 1699 et
519 1666 579 1698 alia
603 1665 652 1698 his
676 1665 812 1709 similia).
839 1665 893 1698 His
917 1670 1037 1706 autem,

295 1720 345 1753 vel
371 1720 439 1753 aliis
463 1719 618 1753 similibus
651 1719 807 1763 expressis
824 1746 832 1760 ,
860 1719 932 1752 addi
957 1730 1039 1752 com-

294 1774 498 1819 promissioni
524 1774 603 1807 solet
626 1778 762 1818 tempus,
778 1774 816 1806 ad
837 1774 921 1817 quod
937 1784 1038 1818 usque

295 1829 404 1861 volunt
429 1827 613 1868 cardinales,
631 1832 817 1871 potestatem
835 1827 1039 1871 compromis-

295 1880 395 1914 sarios
418 1880 535 1913 hahere
559 1879 706 1922 eligendi,
727 1884 757 1912 et
781 1885 887 1923 postea
912 1879 1038 1912 subiun-

295 1939 412 1977 guntur
436 1934 512 1967 haec
537 1933 647 1966 verba:
672 1933 712 1966 Ει
733 1933 957 1976 promittimus
981 1945 1038 1967 nos

295 1988 393 2020 illum
416 1998 475 2030 pro
499 1988 644 2021 Romano
670 1987 826 2030 Pontifice
855 1988 1034 2028 habituros,

297 2050 393 2084 quem
405 2040 474 2073 DD.
495 2040 772 2083 compromissarii
788 2041 964 2074 secundum
978 2043 1039 2084 for-

297 2103 384 2126 mam
397 2092 599 2136 praedictam
613 2093 767 2126 duxerint
780 2093 974 2137 eliqendum,
990 2096 1037 2127 vel

297 2145 357 2179 alia
374 2146 412 2179 ad
428 2146 562 2179 sormam
580 2147 866 2191 compromissariis
885 2148 1038 2191 praescri-

297 2204 382 2245 ptam
407 2200 619 2234 accomodata.

341 2253 496 2296 Secundo,
512 2254 667 2297 completo
685 2254 865 2288 huiusmodi
880 2254 1036 2295 mandato,

299 2307 569 2352 compromissarii
593 2307 631 2339 ad
655 2312 777 2350 partem
796 2307 826 2340 in
843 2308 948 2351 aliquo
968 2309 1037 2342 loco

298 2365 443 2404 separato
468 2370 500 2393 se
525 2360 700 2400 conferunt,
719 2360 803 2393 etde
828 2361 979 2393 electione
996 2361 1038 2393 fa-

298 2414 410 2447 cienda
434 2418 585 2454 tractant,
610 2417 640 2447 et
664 2414 741 2446 solet
769 2413 850 2446 inter
875 2424 928 2446 cos
952 2425 1038 2457 prae-

299 2468 379 2502 mitti
403 2468 598 2512 protestatio,
623 2468 707 2511 quod
727 2478 783 2511 per
807 2478 1037 2511 quamcumque

299 2522 509 2566 prolationem
533 2522 706 2555 verborum
736 2532 825 2554 suum
857 2521 932 2554 dare
956 2532 1033 2555 con-

300 2585 425 2608 sensum
456 2585 520 2608 non
550 2575 747 2618 intelligunt,
772 2574 831 2607 nisi
856 2575 887 2606 in
912 2575 1037 2618 scriptis

300 2628 388 2661 illum
402 2639 547 2673 expresse
563 2634 689 2672 ponant.
709 2629 745 2661 Et
758 2629 833 2662 haec
851 2628 1035 2672 protestatio

301 2682 423 2715 videtur
442 2683 616 2716 necessaria
633 2683 715 2716 inter
731 2683 1035 2726 compromissarios,

385 2745 464 2772 Bull.
484 2746 565 2773 Rom.
584 2760 619 2766 -
636 2746 695 2773 Vol.
716 2745 782 2773 XII.
942 2745 977 2773 84

1713 271 1777 306 665

1070 336 1103 363 ut
1120 330 1223 363 verbis
1243 329 1389 362 humanis
1406 334 1433 362 et
1452 328 1712 362 reverentialibus
1728 329 1808 362 inter

1070 394 1102 416 sc
1127 384 1193 416 sinc
1219 383 1411 427 praeiudicio
1436 382 1480 415 uti
1505 382 1634 426 possint.

1113 437 1228 476 Tertio,
1254 438 1332 469 sacta
1358 447 1415 480 per
1439 435 1734 479 compromissarios
1751 435 1810 467 elc-

1070 490 1171 523 ctione
1184 490 1353 523 secundum
1368 490 1500 521 sormam
1515 489 1560 521 cis
1573 488 1808 532 praescriptam,

1070 548 1099 575 et
1120 543 1250 576 servatis
1271 543 1318 583 iis,
1339 553 1418 585 quae
1443 542 1614 585 Gregorius
1639 542 1688 574 XV
1706 542 1737 574 in
1754 543 1809 574 sua

1069 596 1294 630 Constitutione
1313 595 1410 635 iussit,
1425 596 1541 628 clectus
1558 606 1613 639 pcr
1627 594 1808 627 huiusmodi

1069 650 1149 681 viam
1171 649 1400 692 compromissi,
1417 654 1463 681 cst
1483 648 1652 681 canonicus
1669 653 1700 681 ct
1716 658 1808 680 verus

1070 703 1162 746 Papa.

1113 755 1235 788 Tertius
1252 755 1374 795 modus,
1391 765 1443 787 seu
1461 754 1561 787 forma
1575 753 1735 787 electionis
1752 754 1809 787 Ro-

1070 809 1153 841 mani
1168 809 1328 842 Pontificis
1345 813 1401 848 est,
1415 819 1494 851 quae
1512 812 1640 841 vocatur
1653 818 1709 851 per
1725 818 1809 840 scru-

1070 862 1191 902 tinium,
1217 862 1264 894 vel
1291 872 1348 905 per
1373 862 1557 894 scrutinium
1576 867 1606 894 et
1636 872 1808 902 accessum,

1070 915 1158 947 cuius
1168 915 1287 947 formae
1301 915 1379 947 ritus
1392 915 1564 947 secundum
1583 914 1808 957 Gregorianam

1069 968 1339 1007 Constitutionem‚
1359 978 1438 1011 quae
1452 968 1515 1000 vult
1530 978 1593 1000 non
1610 968 1711 1000 solum
1725 978 1810 1000 scru-

1070 1022 1182 1054 tinium
1197 1021 1265 1053 fieri
1282 1026 1448 1061 secretum,
1463 1021 1516 1053 sed
1530 1021 1622 1053 etiam
1637 1032 1809 1062 accessum,

1070 1075 1209 1107 continet
1226 1078 1288 1107 tres
1305 1075 1454 1115 actiones,
1472 1075 1601 1107 alteram
1619 1086 1699 1118 quae
1725 1080 1812 1108 ante-

1070 1128 1282 1167 serutinimn,
1310 1128 1439 1160 alteram
1476 1139 1556 1172 quac
1588 1129 1806 1169 scrutinium,

1071 1185 1100 1212 et
1125 1181 1249 1214 tertiam
1281 1192 1360 1224 quae
1392 1182 1678 1225 postscrzttinium,
1702 1182 1810 1225 appel-

1070 1234 1128 1265 lari
1152 1239 1262 1277 potest.

1115 1288 1338 1321 Antescrutinii
1359 1293 1446 1321 actus
1471 1294 1543 1321 sunt
1562 1289 1712 1333 quinque,
1730 1290 1811 1324 vide-

1071 1342 1152 1375 licet:
1170 1343 1369 1386 praeparatio
1386 1343 1606 1376 schedularum
1625 1344 1766 1377 scrutinii
1781 1349 1811 1377 et

1071 1407 1236 1438 accessus,
1262 1397 1414 1430 extractio
1434 1401 1645 1431 scrutatorum
1668 1402 1698 1432 et
1717 1398 1811 1442 depu-

1071 1454 1206 1484 tatorum
1220 1461 1278 1494 pro
1295 1451 1374 1484 votis
1391 1451 1591 1484 infirmorum
1610 1462 1666 1495 per
1682 1457 1810 1493 sortem,

1071 1504 1199 1547 scriptio
1213 1504 1434 1536 schedularum
1448 1504 1600 1545 scrutinii,
1610 1515 1718 1538 earum
1729 1515 1812 1538 com-

1070 1557 1207 1600 plicatio,
1221 1561 1251 1590 et
1268 1557 1454 1600 obsignatio.

1115 1609 1344 1643 Schedularum
1367 1611 1568 1654 praeparatio
1585 1611 1623 1643 ad
1640 1611 1809 1654 magistros

1071 1663 1342 1696 caeremoniarum
1367 1663 1512 1707 pertinet,
1530 1664 1583 1707 qui
1602 1675 1653 1697 eas
1678 1665 1812 1709 impres-

1071 1728 1130 1757 sas,
1147 1716 1203 1749 ubi
1220 1716 1289 1750 fieri
1306 1717 1432 1761 poterit,
1449 1717 1589 1761 alioquin
1606 1717 1698 1750 unius
1715 1729 1812 1752 manu

1072 1771 1205 1814 scriptas
1235 1771 1409 1804 secundum
1444 1771 1578 1803 sormam
1603 1771 1732 1804 inferius
1757 1772 1811 1805 de<-

1071 1824 1270 1857 scribendam
1294 1824 1447 1868 accipient
1482 1829 1545 1857 tam
1570 1835 1628 1868 pro
1660 1826 1811 1860 scrutinio

1071 1888 1165 1921 quam
1190 1888 1248 1922 pro
1273 1888 1411 1918 accessu,
1437 1882 1466 1910 et
1491 1884 1609 1922 ponent
1633 1879 1664 1911 in
1689 1879 1812 1913 duobus

1071 1932 1164 1964 discis
1198 1932 1291 1974 vulgo
1317 1932 1415 1964 bacili
1438 1932 1648 1976 nuncupatis,
1673 1944 1753 1978 quos
1780 1933 1812 1966 in

1071 1987 1179 2018 mensa
1196 1991 1266 2018 ante
1280 1986 1377 2019 altare
1391 1985 1599 2028 collocabunt,
1613 1989 1647 2020 ut
1659 1986 1731 2019 inde
1743 1997 1812 2030 pos-

1072 2040 1132 2073 sint
1144 2040 1328 2082 cardinales,
1341 2051 1411 2074 cum
1431 2051 1510 2084 opus
1526 2040 1629 2082 suerit,
1647 2041 1811 2075 schedulas

1072 2105 1206 2127 sumere.

1114 2149 1229 2181 Forma
1242 2153 1345 2181 autem
1358 2148 1524 2181 schedulae
1541 2148 1693 2189 scrutinii,
1708 2148 1811 2192 quoad

1071 2202 1138 2234 eius
1154 2202 1290 2245 figuram
1307 2202 1426 2241 attinet,
1444 2201 1503 2234 erit
1521 2202 1618 2234 altera
1636 2207 1725 2245 parte
1742 2203 1811 2235 lon-

1071 2255 1151 2297 gior,
1168 2255 1228 2288 hoc
1246 2259 1292 2287 est
1307 2255 1377 2298 plus
1394 2255 1497 2297 longa,
1514 2265 1608 2297 quam
1626 2255 1696 2293 lata;
1714 2255 1812 2297 longi-

1072 2308 1145 2341 tudo
1166 2308 1233 2341 eius
1257 2308 1317 2341 erit
1343 2309 1407 2341 sere
1431 2307 1538 2351 palmi,
1555 2308 1686 2341 latitudo
1706 2313 1811 2341 autem

1071 2361 1191 2393 dimidii
1209 2361 1314 2405 palmi.
1329 2362 1395 2400 Quo
1414 2372 1487 2394 vcro
1504 2361 1541 2393 ad
1560 2365 1707 2395 contenta
1720 2362 1750 2394 in
1765 2372 1810 2403 ea,

1072 2414 1103 2446 in
1117 2414 1267 2447 anteriori
1282 2414 1348 2447 eius
1361 2420 1460 2457 parte,
1475 2425 1554 2459 quae
1568 2414 1730 2447 brevitatis
1743 2425 1812 2458 gra—

1072 2468 1112 2500 tia
1138 2468 1231 2500 facies
1255 2468 1412 2500 nominari
1435 2473 1546 2511 potest,
1567 2467 1627 2500 tria
1651 2469 1811 2502 continere

1072 2522 1173 2555 debet:
1188 2522 1303 2561 Primo,
1315 2521 1345 2553 in
1360 2521 1515 2565 superiori
1530 2527 1629 2565 parte,
1639 2522 1811 2555 secundun]

1072 2575 1138 2608 eius
1155 2575 1359 2615 latitudinem,
1377 2574 1439 2608 duo
1457 2575 1533 2608 hacc
1554 2575 1648 2607 verba
1668 2586 1723 2618 eqo
1740 2587 1811 2608 car-

1825 281 1875 307 Αη.
1892 281 1919 307 C.
1938 280 2005 308 1622

1851 767 1922 787 Tei-iia
1941 766 2007 787 forma

1824 794 1913 817 eliuendi
1971 799 2008 818 pes

1824 822 1910 845 simplex
1934 820 2008 840 scruti-

1824 853 1880 867 nium
1906 847 1938 867 191
1961 852 2008 867 cum

1824 880 1919 895 accessu.

1852 2156 1928 2177 Forma
1949 2156 2011 2177 sche-

1825 2183 1887 2204 dulae
1906 2184 2010 2204 scrutinii.

1071 2629 1205 2669 dinalis,
1227 2639 1297 2661 cum
1322 2630 1407 2661 tanta
1431 2628 1468 2661 ab
1493 2629 1626 2661 invicem
1646 2629 1829 2674 distantia,-

1071 2689 1104 2715 ut
1120 2688 1202 2716 inter
1218 2683 1285 2726 ipsa
1310 2692 1426 2715 nornen
1450 2682 1617 2726 proprium
1642 2683 1810 2716 cardinalis
