2293 3231
86 289 134 316 An.
149 288 177 315 C.
199 287 267 316 ¹612

907 288 1027 313 PAULUS
1051 289 1071 312 V
1095 290 1140 314 PP.

281 335 370 369 naria
395 333 639 375 introducendis,
655 335 774 368 etiamsi
798 336 836 369 ad
862 337 1022 380 probatio-

281 398 354 421 nem
378 387 593 431 producantur
616 388 754 429 cedulae,
779 389 845 422 iura
864 394 893 421 et
910 390 1023 422 instru-

283 445 386 474 menta
410 439 638 482 obligationum
663 441 875 482 cameralium,
892 452 955 474 non
972 449 1040 487 νεὶ-ξ

282 493 364 526 laxet
395 489 540 526 *andala
571 495 757 537 exequutiva
793 495 843 537 (si
879 492 1040 538 respectu}

284 557 433 586 summae,
457 546 503 579 vel
528 546 643 579 valoris
667 547 722 587 rei,
748 548 795 580 vcl
819 548 894 580 alias
918 559 955 580 cx
972 558 1040 591 na-¹

284 601 354 633 tura
374 610 496 640 causae,
513 599 552 632 de
576 609 637 643 qua
661 600 775 642 agitur,
795 600 895 633 diotae
913 611 1023 633 causae
1039 599 1041 609 ²

284 653 345 686 sint
368 652 586 697 appellabiles)
609 652 668 685 nisi
693 653 806 696 elapsis
830 653 937 686 decem
963 653 1026 686 die-

284 705 343 739 bus
359 705 438 738 datis
454 705 493 738 ad
517 704 750 749 appellandum,
775 710 805 738 et
828 706 957 738 servatis
975 716 1024 738 so-

284 758 347 791 litis
366 757 506 791 terminis
519 757 557 790 ad
568 757 744 790 docendum
757 758 795 791 dc
812 758 952 800 legitima
969 769 1025 802 ap—

284 810 462 855 pellatione,
480 816 510 843 et
525 811 591 843 eius
614 811 753 853 legitima
770 806 1025 854 prosequutione,

286 870 316 898 et
339 865 472 898 constito
498 864 557 897 sibi
581 864 619 897 de
644 875 678 897 re
702 864 848 897 iudicata.

331 918 360 951 4.
385 918 555 962 Suspectus
582 923 654 962 post
684 918 770 950 litem
802 923 1025 958 contestatam,

286 972 334 1005 vel
358 981 417 1016 pro
442 973 613 1004 contestata
637 971 787 1011 habitam,
811 971 940 1014 allegari
964 981 1027 1004 non

286 1025 395 1070 possit,
412 1025 471 1058 nisi
489 1035 506 1057 a
530 1024 834 1069 principalibusmet,
852 1025 899 1057 vel
917 1035 1027 1057 eorum

285 1078 548 1124 procuratoribus
571 1078 609 1111 ad
635 1078 665 1111 id
690 1079 823 1122 speciale
848 1078 1026 1111 mandatum

286 1133 484 1173 habentibus,
509 1137 539 1165 et
562 1142 599 1165 ex
623 1134 710 1175 certa
734 1133 827 1164 causa
852 1142 909 1175 per
928 1131 1028 1164 cosin

286 1186 364 1220 actis
387 1185 565 1230 specificata
590 1190 620 1218 et
643 1186 755 1226 iurata,
775 1196 792 1217 a
817 1186 1028 1228 gubernatore

287 1251 347 1284 pro
371 1239 524 1282 legittima
548 1239 735 1283 approbata.

332 1293 362 1326 5.
387 1293 434 1326 Ab
459 1292 526 1325 eius
550 1291 711 1325 sententiis
733 1291 901 1324 definitivis
925 1292 1030 1335 appel-

287 1346 370 1380 letur
393 1346 431 1378 ad
455 1356 523 1386 nos,
540 1350 743 1389 nostramque
763 1350 901 1377 sanctam
918 1345 1028 1378 Sedcm

288 1400 499 1444 Apostolicam
524 1399 555 1431 in
580 1399 682 1431 causis
712 1399 963 1442 appellabilibus.
996 1399 1029 1431 ln

288 1453 403 1498 quibus
427 1463 502 1486 vero
527 1452 565 1485 de
589 1452 656 1485 iure
682 1463 829 1485 recursus
854 1453 954 1493 datur,
980 1464 1029 1486 re-

288 1511 435 1540 curratur
451 1505 489 1538 ad
506 1506 761 1548 gubernatorem,
778 1506 831 1550 qui
849 1517 957 1539 causas
975 1507 1031 1539 hu-

287 1560 423 1594 iusmodi
441 1569 588 1592 recursus
612 1570 669 1602 per
694 1559 841 1603 seipsum,
866 1560 913 1592 vel
934 1560 1029 1593 alium

287 1614 327 1647 ab
352 1624 389 1647 eo
414 1612 638 1657 deputandum,
662 1612 747 1645 iuxta
771 1623 842 1645 suas
869 1613 1030 1646 facultates

288 1666 441 1710 expediat.
465 1666 523 1706 Qui
554 1666 771 1710 deputandus,
790 1667 866 1699 'tam
900 1667 931 1699 in
955 1667 1030 1711 ipsis

288 1720 390 1754 causis
413 1730 570 1760 recursus,
595 1730 690 1764 quam
713 1720 744 1752 in
769 1720 830 1753 illis
854 1721 885 1753 in
916 1721 1030 1764 quibus

287 1774 358 1807 loeo
377 1774 617 1807 locumtenentis
641 1774 685 1806 uti
711 1775 846 1818 suspecti
863 1775 995 1807 recusati
1014 1786 1030 1808 a

288 1828 501 1871 gubernatore
517 1827 729 1871 deputabitur,
743 1833 773 1861 et
790 1828 819 1860 in
837 1828 939 1861 causis
955 1840 1031 1872 quo-

288 1892 349 1925 que
366 1880 600 1921 commissurus,
624 1881 653 1913 in
678 1881 794 1925 quibus
818 1882 972 1925 rescripto
990 1882 1030 1915 si-

289 1940 441 1978 gnaturae
465 1945 483 1967 a
502 1935 715 1978 gubernatore
740 1935 883 1968 similiter
899 1936 1029 1980 deputa—

288 1988 386 2029 bitur,
410 1999 446 2021 ea
469 1988 631 2021 dumtaxat
654 1989 866 2022 emolumenta
890 1990 1029 2033 recipiat,

288 2051 377 2086 quae,
402 2047 437 2075 ut
459 2052 532 2075 mox
556 2042 689 2082 dicetur,
713 2043 929 2076 locumtenens
955 2044 1031 2076 reci-

287 2105 363 2139 pere
387 2100 513 2139 posset,
542 2101 572 2128 et
602 2096 680 2128 nibil
708 2096 833 2139 penitus
856 2097 939 2129 ultra
971 2098 1029 2130 sub

288 2148 398 2193 poenis
421 2147 465 2181 eis
490 2148 623 2181 indictis.

333 2201 363 2235 6.
382 2202 549 2242 Recursus
563 2207 597 2235 ut
612 2213 718 2246 supra,
732 2203 770 2235 ad
784 2204 1029 2245 gubernatorem

288 2266 307 2289 a
328 2255 569 2289 locumtenentis
593 2256 640 2288 vel
665 2256 833 2299 deputandi
850 2257 984 2290 decretis
1001 2264 1032 2291 et

289 2308 448 2342 sententiis
472 2308 607 2353 petendi,
624 2309 706 2342 insra
730 2309 837 2342 decem
858 2310 923 2343 dies
943 2312 1032 2344 dum-

290 2368 374 2396 taxat
396 2363 460 2406 peti
476 2363 625 2401 debeant;
646 2368 676 2395 et
701 2369 773 2396 tunc
789 2365 1029 2407 exequutionem

289 2427 353 2451 non
377 2417 546 2458 retardent,
571 2428 734 2461 usquequo
759 2418 953 2460 gubernator
976 2420 1032 2452 liu-

290 2471 425 2504 iusmodi
449 2481 596 2503 recursus
620 2481 683 2503 non
707 2471 875 2504 admiserit.

336 2525 365 2557 7.
398 2524 625 2557 Locumtcnens
655 2525 772 2557 habere
803 2526 912 2558 debeat
945 2531 1031 2558 scuta

291 2578 360 2611 auri
384 2578 416 2610 in
440 2588 518 2611 auro
542 2578 680 2622 quinque
704 2590 722 2611 a
746 2579 884 2622 quolibet
902 2590 938 2611 ex
956 2579 1032 2612 duo-

291 2631 351 2663 bus
373 2631 504 2664 notariis
519 2642 685 2664 causarum
702 2632 840 2665 civilium
864 2632 956 2665 huius
977 2643 1031 2664 cu—

291 2682 374 2724 riae,
399 2683 457 2729 ipsi
487 2689 607 2719 tantum
637 2685 861 2718 locumtenenti
891 2684 1031 2730 quolibet

1054 348 1158 369 mense
1175 337 1206 369 in
1231 338 1297 370 eius
1314 337 1470 381 principio
1489 337 1651 370 solvenda:
1677 342 1705 370 ct
1721 348 1793 382 per-

1054 391 1159 433 cipere
1184 391 1281 434 possit
1306 391 1413 423 iulium
1447 401 1542 423 unum
1576 401 1635 434 pro
1663 391 1794 433 singulis

1055 444 1263 487 infrascriptis
1282 444 1544 487 expeditionibus,
1562 443 1718 476 videlicet:
1736 455 1794 487 pro

1056 496 1193 539 quolibet
1221 497 1364 529 mandato
1388 496 1585 540 exequutin
1606 507 1667 530 non
1692 501 1794 529 tamen

1057 548 1087 580 in
1113 550 1357 588 contumaciam3
1378 561 1435 593 pro
1456 549 1596 593 quolibet
1620 555 1739 582 ari-esto
1764 549 1794 582 in

1057 602 1248 641 carceribus,
1270 603 1415 635 mandato
1431 603 1468 635 dc
1493 602 1736 643 cxcarcerando,
1754 602 1795 635 si-

1058 652 1256 693 gnificatione
1274 653 1379 693 dotali,
1400 658 1451 685 aut
1469 653 1575 695 vigore
1593 653 1726 693 termini,
1743 658 1797 687 aut

1058 704 1089 736 in
1114 704 1174 736 vim
1200 705 1261 737 litis
1285 706 1486 749 pendentiae,
1510 711 1561 738 aut
1586 707 1647 739 litis
1672 706 1795 747 finitae,

1058 763 1109 790 aut
1123 763 1221 790 stante
1237 758 1389 801 deposito,
1405 759 1451 791 vel
1468 760 1642 802 negatione,
1656 765 1709 792 aut
1724 759 1796 793 data

1059 811 1202 843 cautione
1219 811 1256 843 de
1281 812 1389 845 stando
1415 812 1473 844 iuri
1496 817 1524 844 ct
1549 813 1717 845 iudicatum
1734 813 1795 846 sol-

1060 864 1159 897 vendo
1177 867 1342 903 concessa;
1369 870 1395 897 ct
1419 865 1510 897 etiam
1529 876 1586 908 pro
1603 866 1739 909 qualibet
1756 866 1797 898 ci-

1060 918 1185 955 tatione,
1201 919 1247 950 x'el
1268 918 1454 951 inhibitione
1477 919 1585 961 vigore
1603 919 1795 953 commissio-

1060 971 1107 1003 nis
1131 977 1183 1003 aut
1208 976 1295 1004 extra
1319 971 1439 1003 curiam
1463 967 1604 1004 decreta:
1626 971 1796 1005 dummodo

1061 1025 1091 1057 in
1117 1025 1258 1068 quolibet
1278 1025 1418 1068 ipsorum
1436 1035 1563 1057 casuum
1581 1031 1692 1068 agatur
1709 1026 1746 1058 de
1764 1036 1797 1058 rc

1061 1078 1107 1110 vcl
1139 1081 1259 1110 summa
1291 1084 1452 1111 scutorum
1481 1078 1548 1111 auri
1581 1084 1719 1122 septem,
1745 1079 1797 1123 qui

1062 1132 1251 1164 constituunt
1277 1132 1368 1165 iulios
1393 1132 1588 1176 septuaginta
1611 1138 1738 1176 septem.

1105 1184 1134 1216 8.
1160 1185 1359 1218 Gubernator
1386 1186 1476 1218 Urbis
1505 1186 1693 1218 cumulative
1725 1196 1798 1229 pro—

1062 1238 1173 1271 cedere
1196 1241 1294 1272 valeat
1318 1239 1348 1271 in
1373 1239 1519 1271 omnibus
1546 1244 1576 1271 ct
1599 1239 1801 1282 quibuscum-

1062 1303 1122 1335 que
1147 1292 1249 1324 causis
1280 1292 1516 1332 criminalibus,
1547 1292 1578 1324 in
1609 1293 1726 1336 quibus
1749 1302 1800 1324 ca-

1063 1346 1216 1378 merarius
1235 1346 1329 1389 Ripae
1347 1346 1454 1388 vigore
1472 1356 1599 1378 suarum
1620 1345 1800 1378 facultatum

1062 1400 1233 1443 procedere
1264 1404 1385 1443 potest,
1411 1399 1451 1432 ita
1476 1405 1508 1432 ut
1533 1399 1612 1432 inter
1635 1410 1689 1432 eos
1717 1400 1802 1432 iuxta

1063 1453 1188 1485 solitum
1213 1453 1252 1485 sit
1276 1454 1362 1485 locus
1387 1452 1611 1496 praeventioni,

1108 1507 1135 1540 9.
1172 1507 1352 1550 Ilabeatque
1390 1506 1636 1539 iurisdictionem
1676 1506 1707 1539 in
1746 1506 1801 1539 he—

1062 1561 1185 1601 braeos,
1210 1566 1305 1604 prout
1328 1560 1407 1593 infra
1431 1561 1617 1604 dispositum
1641 1565 1694 1593 cst.

1390 1632 1404 1671 Q
1429 1631 1474 1664 lv.

1065 1704 1109 1736 De
1126 1703 1274 1736 auditore
1291 1713 1447 1743 camerae,
1471 1706 1499 1735 et
1516 1703 1583 1735 eius
1605 1702 1766 1735 tribunali
1778 1702 1797 1736 ¹.

1108 1774 1136 1806 sl.
1163 1775 1196 1807 In
1230 1774 1361 1818 primm,
1386 1774 1487 1817 quoad
1521 1774 1652 1806 formam
1677 1779 1705 1806 ct
1730 1783 1802 1806 exe-

1063 1827 1245 1872 quutionem
1268 1827 1468 1870 obligationis
1488 1827 1661 1866 camel-alis,
1679 1826 1804 1859 manda-

1064 1892 1133 1914 mus
1152 1882 1270 1914 servari
1291 1882 1401 1926 stylum
1420 1881 1618 1921 hodiernum,
1635 1886 1670 1913 ut
1686 1880 1803 1914 scilicet

1063 1935 1134 1979 quis
1157 1935 1276 1977 obliget
1293 1945 1334 1975 se,
1353 1934 1512 1974 haeredes,
1534 1940 1561 1966 et
1587 1935 1669 1967 bona
1687 1934 1716 1966 in
1736 1944 1802 1966 am-

1063 1989 1155 2033 pliori
1180 1989 1282 2022 forma
1310 1999 1474 2028 camerae,
1500 1999 1570 2021 cum
1595 1987 1694 2021 solitis
1718 1988 1801 2021 clau-

1064 2043 1139 2075 sulis
1155 2048 1183 2075 et
1201 2042 1500 2082 renunciastonibus,
1519 2042 1596 2074 citra
1612 2047 1715 2074 tamen
1731 2051 1803 2074 con=

1064 2096 1254 2129 stitutionem
1272 2102 1532 2139 procuratorum,
1554 2100 1580 2127 et
1599 2095 1651 2138 qui
1669 2094 1802 2127 voluerit

1063 2150 1179 2182 arctius
1213 2149 1372 2192 obligari,
1410 2149 1581 2181 consentiat
1620 2146 1801 2180 relaxationi

1064 2203 1199 2236 mandati
1225 2203 1425 2246 exequutivi,
1451 2209 1501 2234 aut
1528 2202 1603 2234 illud
1629 2202 1659 2233 in
1683 2212 1714 2233 sc
1735 2211 1801 2233 sus-

1064 2257 1175 2300 cipiat,
1202 2257 1312 2296 unica,
1338 2256 1361 2288 si
1386 2256 1429 2288 sic
1462 2255 1631 2299 placuerit,
1656 2254 1800 2287 citatione

1063 2316 1116 2343 aut
1133 2310 1325 2343 intimatione
1342 2309 1557 2353 praecedente.
1586 2310 1648 2342 Nec
1667 2308 1730 2340 ullo
1746 2317 1802 2340 un-

1064 2374 1157 2407 quam
1183 2369 1324 2406 tempore
1349 2368 1517 2395 renovetur
1541 2367 1627 2393 vetus
1654 2361 1704 2393 illa
1729 2370 1801 2393 cen-

1064 2427 1208 2449 surarum
1233 2417 1389 2459 susceptio
1425 2416 1484 2448 iam
1516 2415 1694 2458 antiquata,
1725 2419 1755 2447 et
1785 2424 1802 2446 a

1065 2471 1152 2504 curia
1177 2470 1342 2503 eliminata.

1101 2562 1110 2586 1
1137 2560 1207 2586 Taxa
1224 2559 1302 2585 liuius
1318 2559 1408 2585 curiae
1430 2563 1470 2585 est
1494 2559 1520 2585 in
1546 2557 1636 2586 const.
1658 2567 1716 2594 seq.
1741 2559 1754 2594 5
1774 2559 1799 2586 3.

1065 2605 1102 2631 Ad
1124 2605 1191 2631 baec
1213 2604 1270 2630 vide
1292 2604 1331 2630 Pii
1353 2603 1386 2630 IV
1415 2603 1527 2630 Constit.
1548 2610 1599 2630 Lxx·
1620 2603 1644 2630 iu
1661 2607 1726 2630 tom.
1744 2610 1800 2636 vn,

1065 2658 1125 2685 pag.
1145 2649 1203 2681 138,
1224 2653 1251 2675 et
1270 2649 1361 2675 Const.
1377 2654 1470 2675 cmxv}
1488 2648 1527 2675 Pii
1543 2648 1575 2683 V,
1590 2648 1655 2674 ibid.
1673 2656 1732 2683 pag.
1749 2648 1801 2675 865

1064 2695 1104 2729 (n.
1121 2701 1146 2720 T.
1165 2701 1198 2720 ex
1213 2692 1354 2728 cherub.)
1827 2685 1830 2687 ’

1718 280 1760 314 63
1806 289 1854 316 An.
1872 289 1900 316 c.
1923 289 1989 316 ¹612
