2293 3231
131 261 178 289 An.
195 260 224 289 G.
245 259 311 289 1621

161 1119 250 1140 causam
265 1118 320 1139 inter

134 1146 275 1167 camerarium
298 1147 319 1166 et

134 1177 234 1194 camerae
268 1177 318 1198 apo-

133 1199 223 1221 stoticae
258 1199 319 1220 cleri-

134 1232 170 1248 cos
203 1228 319 1248 vertentem

135 1254 248 1279 Gregorius
267 1259 319 1274 non-

133 1281 196 1302 nullis
244 1286 320 1307 cogno·

133 1308 235 1331 sceudam
263 1314 318 1331 com·

133 1335 205 1361 mittit,

321 633 364 664 ,et
388 628 671 662 administrandum
702 629 952 662 concesserimus
977 634 1007 660 et
1031 638 1077 660 as-

937 259 1114 284 GREGORIUS
1138 260 1180 284 XV
1205 259 1253 283 ΡΡ.

333 307 446 341 dinalis
475 308 701 342 Aldobrandini
738 309 907 352 nuncupati
939 311 1093 350 vacans,t

331 360 446 395 diiecto
467 362 532 395 filio
552 367 662 395 noso-0
679 362 836 395 Ludovico
853 362 934 394 utun
953 353 1093 395 sanctas-2⁵

331 413 446 448 Mariae
459 415 705 459 Transpontinat·
720 415 904 460 presbytero
925 414 1074 447 cardinali

331 467 500 501 Ludovisio
531 473 732 512 nuncupato,
763 473 871 501 nostro
903 468 1075 501 secundum

332 531 459 554 carnem
487 530 523 554 ex
557 524 653 555 fratre
685 532 837 565 germano
867 522 994 566 nepoti,
1019 520 1094 564 peri

332 586 415 616 eum,
430 576 533 618 quoad
556 577 684 615 viveret,
703 576 883 616 tenendum,
900 575 1075 618 regendum

334 681 581 725 signaverimus,
607 682 714 726 illique
738 687 839 716 totum
864 687 891 714 et
918 682 1075 724 integrum

333 734 477 768 eiusdem
503 735 597 768 officii
626 735 764 779 pretium
789 734 925 778 gratiose
950 734 1079 767 remise-

334 787 436 821 rimus
467 793 497 821 et
526 788 825 828 condonat-erimus,
858 798 893 820 ac
924 786 1013 819 illum
1045 786 1077 818 in

333 840 439 874 locum
450 841 524 874 dicti
538 841 622 875 Petri
635 841 773 885 episcopi
785 840 962 880 cardinalis,
975 839 1077 883 quoad

334 894 454 928 dictum
479 894 635 937 officium,
661 894 807 938 illiusque
836 893 1021 926 exercitium
1047 893 1078 925 in

336 948 483 981 omnibus
507 953 537 981 et
561 959 618 992 per
638 948 743 981 omnia
768 947 1024 981 substituerimus
1049 952 1079 979 ct

335 1001 623 1045 subrogaverimus‚
641 1005 736 1045 prout
753 1001 785 1033 in
800 1000 917 1033 nostris
941 999 1078 1044 desuper

335 1053 492 1099 expeditis
509 1053 622 1086 litteris
638 1053 762 1097 plenius
778 1053 956 1086 continetur
966 1063 973 1092 ;

379 1108 394 1151 ἕ
418 1107 447 1140 ⁶2.
473 1107 510 1140 Et
533 1106 607 1140 licet
627 1106 703 1139 alias
728 1106 826 1139 felicis
850 1105 1079 1139 recordationis

334 1162 481 1196 Urbanus
502 1162 549 1203 VI,
566 1161 743 1195 Bonifacius
760 1162 809 1201 IX,
827 1160 1000 1204 Gregorius
1015 1160 1078 1200 XII,

333 1215 484 1249 Martinus
509 1215 542 1256 V,
561 1219 591 1249 et
613 1214 756 1247 nonnulli
778 1214 829 1246 alii
854 1213 985 1247 Romani
1004 1214 1079 1247 Pon-

333 1269 434 1302 tifices
445 1268 706 1313 praedecessores
716 1267 826 1308 nostri,
836 1267 1078 1300 occurrentiluis

334 1322 475 1355 eiusdem
493 1322 588 1355 officii
610 1321 834 1355 camerariatus
852 1321 1077 1362 vacationibus,

335 1386 390 1409 seu
414 1375 500 1416 alias,
518 1375 594 1419 ipsis
619 1374 802 1408 camerariis
826 1374 907 1407 inter
932 1374 991 1407 alia
1008 1385 1097 1418 spe-t

335 1429 457 1462 cialiter
480 1433 510 1461 et
535 1438 679 1472 expresse
708 1428 887 1461 facultatem
917 1432 943 1459 ct
971 1432 1079 1460 aucto-

334 1483 460 1517 ritatem
474 1481 686 1526 cognoscendi
697 1492 807 1515 omnes
821 1486 851 1515 et
864 1492 1079 1525 quascumque

336 1546 445 1570 causas
471 1535 645 1568 eamerales
671 1546 766 1578 super
786 1534 881 1567 rebus
905 1538 935 1568 et
958 1534 1079 1567 iuribus

336 1590 374 1623 ad
397 1594 539 1623 nostram
564 1599 722 1622 cameram
747 1588 951 1633 apostolicam
980 1587 1079 1632 perti-

335 1643 493 1684 nantibus,
510 1653 546 1676 ac
565 1643 634 1676 aliis
657 1642 793 1686 negotiis
816 1642 915 1686 ipsam
940 1652 1080 1686 quoquo-

335 1697 430 1731 modo
457 1697 665 1740 tangentibus,
687 1696 913 1735 conccsserint;
932 1696 1079 1740 ipsosque

336 1751 538 1791 camerarios,
553 1750 606 1794 qui
616 1761 674 1794 pro
688 1755 833 1794 tempore
844 1750 981 1790 suerunt,
991 1760 1080 1793 prae-

336 1804 452 1838 dictam
486 1804 666 1837 facultatem
696 1814 839 1847 semper,
864 1807 892 1835 et
926 1814 1024 1847 usque
1048 1803 1079 1835 in

336 1863 535 1903 praesentem
559 1857 643 1890 diem
667 1857 814 1890 habuisse
837 1863 867 1890 et
890 1857 1079 1898 exercuisse,

336 1911 453 1955 illaque
477 1922 551 1944 usos
575 1911 669 1944 fuisse
694 1910 1081 1954 dignoscatur,nihilomi-

336 1974 407 2006 nus,
424 1969 459 1997 ut
476 1975 513 1997 ex
529 1964 665 2008 quadam
676 1964 817 2008 plurium
831 1964 892 1997 fide
911 1964 1079 2007 dignorum

337 2017 547 2050 insinuatione
572 2018 760 2061 accepimus,
786 2017 976 2062 quandoque
1001 2017 1080 2049 inter

339 2070 548 2104 camerarium
572 2070 687 2114 ipsum,
716 2081 751 2104 ac
776 2071 918 2111 clericos,
936 2075 963 2103 et
989 2081 1081 2114 prae-

339 2123 475 2157 sidentes
498 2123 677 2167 praedictae
694 2134 848 2167 camerae,
869 2134 926 2157 nec
942 2135 1006 2158 non
1023 2126 1082 2157 for-

339 2188 395 2211 san
412 2178 487 2211 alias
512 2188 680 2222 personas,
705 2188 802 2222 super
826 2177 981 2211 dictarum
1012 2189 1083 2211 cau-

339 2242 445 2265 sarum
470 2231 673 2264 cameralium
704 2231 883 2274 cognitione
913 2232 1082 2264 nonnullae

339 2285 487 2319 subortae
511 2285 630 2318 fuerint
654 2283 898 2325 controversiae,
924 2290 951 2318 et
976 2286 1082 2318 forsan

339 2339 416 2373 aliae
430 2339 462 2372 in
478 2339 618 2372 futurum
636 2338 772 2371 suboriri
793 2338 975 2382 dubitentur
993 2345 1082 2382 (quas

339 2392 467 2437 quidem
481 2392 712 2426 controversias
725 2402 782 2424 nos
800 2402 815 2423 e
833 2392 936 2425 medio
954 2392 1083 2425 omniuo

340 2446 451 2480 tollere
475 2446 698 2486 desiderantes,
714 2444 878 2488 negotium
903 2445 1083 2479 huiusmodi

340 2499 462 2532 dilectis
485 2499 558 2532 filiis
582 2498 699 2532 nostris
720 2498 960 2531 Bartholomaeo
985 2499 1083 2531 saneti

340 2552 501 2586 Laurentii
518 2552 549 2585 in
567 2552 693 2592 Lucina,
707 2551 813 2585 Caesio
827 2555 854 2585 et
869 2551 1000 2595 Mapheo
1017 2561 1085 2584 san·
1099 2574 1101 2611 ᾗ

342 2606 383 2639 cti
399 2606 579 2650 Honuphrii
591 2606 776 2646 Barberino,
794 2616 829 2638 ac
844 2606 970 2651 Aloysio
987 2605 1083 2638 sancti

342 2658 436 2694 Blasii
453 2660 491 2694 de
507 2660 630 2693 Annulo
651 2660 813 2694 titulorum
827 2659 988 2704 Capponio
1008 2669 1084 2693 nun·
1097 2680 1103 2703 Ι

429 2722 509 2751 Bull.
528 2723 610 2752 Rom.
630 2737 665 2745 -
682 2723 741 2752 Vol.
760 2722 827 2751 XII.
988 2722 1022 2751 66

1756 246 1813 280 521

1110 307 1242 351 cupatis,
1269 307 1460 351 presbyteris
1485 306 1705 346 cardinalibus,
1723 315 1779 349 per
1798 315 1852 338 eos

1111 360 1299 402 videndum,
1326 359 1590 393 considerandum
1623 361 1652 392 et
1675 359 1854 392 examinan-

1110 414 1194 454 dum,
1213 419 1239 447 et
1262 414 1337 458 quid
1363 414 1400 445 dc
1426 423 1462 445 eo
1487 412 1637 446 sentirent
1661 411 1752 445 nohis
1775 412 1853 444 rese-

1110 467 1243 499 rendum
1271 467 1356 499 rivae
1378 466 1461 499 vocis
1479 466 1607 499 oraculo
1624 464 1851 504 commisimus,

1155 522 1169 563 ξ
1193 520 1223 554 3.
1241 520 1297 560 Qui
1314 520 1440 563 quidem
1459 519 1644 560 cardinales,
1660 518 1733 552 visis
1751 518 1854 552 riden-

1110 574 1174 613 dis,
1199 584 1234 606 ac
1259 572 1464 605 consideratis
1489 571 1739 611 considerandis,
1764 581 1855 605 voca—

1111 626 1211 669 tisque
1235 626 1328 659 etiam
1355 629 1384 659 et
1409 625 1529 669 pluries
1545 625 1659 658 auditis
1683 624 1807 658 clericis
1824 629 1854 657 et

1110 679 1361 723 praesidentibus
1389 678 1559 722 11›raedictis
1589 678 1622 711 in
1655 689 1730 711 voce
1762 682 1792 710 et
1822 677 1854 710 in

1111 732 1245 776 scriptis,
1265 743 1323 764 nee
1347 742 1409 765 non
1436 731 1528 765 etiam
1554 731 1663 764 habita
1688 731 1782 775 plena
1806 729 1854 763 in-

1111 785 1299 819 formatione
1316 785 1355 818 ab
1380 785 1521 818 eiusdem
1546 795 1689 818 camerae
1713 783 1854 824 notariis,

1111 845 1174 872 tam
1200 839 1361 872 modernis
1385 849 1480 883 quam
1509 838 1666 883 antiquiS,
1691 848 1727 871 ac
1758 837 1854 871 etiam

1112 891 1185 924 visis
1195 891 1380 925 eorumdem
1392 891 1591 925 notariorum
1603 890 1854 924 attestationibus

1112 950 1142 978 et
1158 945 1335 989 scripturis,
1349 955 1438 978 veras
1455 944 1639 988 pendentias
1655 948 1686 976 et
1702 943 1854 986 coguitio-

1111 1008 1167 1031 nes
1192 1008 1359 1030 causarum
1383 996 1565 1030 huiusmodi
1582 995 1854 1036 concernentibus,

1111 1050 1204 1084 nobis
1229 1051 1405 1083 retulerunt
1435 1061 1468 1083 se
1493 1049 1662 1093 reperiisse
1687 1054 1718 1082 et
1740 1048 1855 1082 iudica-

1112 1103 1213 1145 visse,
1239 1114 1274 1137 ac
1298 1103 1456 1144 iudicare,
1481 1103 1598 1136 nedum
1624 1112 1802 1145 congruum
1825 1107 1856 1134 et

1113 1169 1305 1198 consonum,
1330 1158 1384 1190 sed
1409 1157 1472 1190 imo
1497 1156 1665 1200 expediens
1689 1160 1719 1190 et
1742 1166 1856 1200 oppor-

1112 1219 1222 1245 tunum
1256 1212 1350 1244 l'uissc
1383 1217 1413 1244 et
1442 1222 1526 1251 esse,
1559 1210 1644 1254 quod
1676 1210 1856 1254 praedictus

1112 1267 1290 1300 Ludoricus
1326 1265 1494 1299 cardinalis
1529 1264 1700 1297 modernus
1737 1269 1764 1297 et
1797 1275 1855 1307 pro

1112 1326 1257 1364 tempore
1281 1319 1417 1352 existens
1440 1319 1541 1351 dietae
1569 1318 1729 1351 Romanae
1753 1317 1857 1350 Eccle-

1113 1374 1176 1407 siae
1201 1373 1403 1413 camerarius,
1428 1371 1639 1415 infrascriptis
1664 1370 1856 1404 iurisdictio-

1112 1427 1204 1460 nibus
1229 1432 1259 1459 et
1282 1426 1484 1460 facultatibus
1504 1425 1643 1468 gaudere
1667 1424 1794 1464 debeat,
1821 1434 1858 1457 ac

1113 1482 1154 1514 ita
1179 1493 1236 1525 per
1259 1492 1317 1514 nos
1341 1479 1565 1513 declarandum
1595 1484 1626 1512 et
1656 1478 1855 1512 statuendum

1114 1546 1182 1568 esse
1199 1535 1424 1578 censuerunt):

1158 1592 1172 1634 ξ
1196 1590 1226 1623 Ji.
1251 1590 1463 1629 Quamobrem
1487 1599 1557 1631 nos,
1583 1597 1710 1621 omnem
1735 1592 1859 1621 contro-

1113 1644 1255 1678 vertcndi
1275 1644 1357 1676 riam
1376 1644 1592 1688 praecludere,
1609 1653 1646 1675 ac
1665 1642 1740 1676 dicti
1757 1642 1859 1675 Ludo-

1114 1698 1174 1731 viei
1192 1697 1370 1738 cardinalis,
1388 1702 1415 1730 et
1433 1697 1500 1730 eius
1517 1697 1549 1730 in
1566 1696 1650 1729 dicto
1667 1696 1857 1729 cameraria-

1114 1757 1163 1784 tus
1188 1751 1292 1784 officio
1309 1761 1530 1784 successorum
1548 1750 1645 1794 quieti
1663 1755 1693 1782 et
1709 1749 1859 1793 tranquil-

1114 1805 1190 1837 litati
1217 1804 1382 1838 consulere
1406 1804 1564 1846 volentes,
1595 1814 1631 1836 ac
1661 1802 1858 1846 supradictas

1114 1858 1242 1899 l'rbani,
1266 1857 1427 1898 Bonifacii,
1453 1856 1599 1900 Gregorii
1624 1862 1655 1890 et
1678 1855 1802 1889 Martini
1829 1860 1857 1890 et

1115 1913 1248 1946 aliorum
1274 1913 1490 1945 Romanorum
1516 1910 1703 1945 Pontificum
1728 1908 1858 1954 praede-

1116 1977 1277 2000 cessorum
1289 1971 1470 2000 nostrorum
1485 1964 1621 2009 desuper
1635 1963 1734 1998 editas
1748 1963 1861 1996 consti-

1115 2020 1261 2059 tutiones,
1278 2029 1412 2063 quarum
1438 2019 1581 2051 omnium
1606 2016 1700 2051 etiam
1720 2016 1861 2050 veriores

1116 2079 1146 2107 et
1163 2078 1244 2106 totos
1264 2076 1389 2106 tenores
1418 2082 1453 2104 ac
1477 2071 1548 2104 data
1572 2070 1792 2114 praesentibus
1809 2070 1860 2102 ha-

1115 2126 1183 2159 beri
1209 2126 1355 2159 volumus
1379 2136 1438 2169 pro
1464 2124 1631 2168 expressis,
1645 2124 1759 2156 harum
1778 2122 1859 2155 serie

1117 2180 1339 2213 confirmantes
1364 2185 1395 2212 et
1414 2178 1638 2223 approbantes,
1663 2188 1699 2209 ac
1723 2177 1792 2209 illas
1816 2175 1860 2208 in-

1115 2239 1276 2273 nox-antes,
1302 2238 1390 2266 motu
1413 2232 1556 2276 proprio,
1573 2241 1637 2264 non
1657 2231 1694 2263 ad
1719 2229 1861 2263 eiusdem

1116 2287 1267 2320 Ludoriei
1292 2286 1479 2325 cardinalis,
1505 2296 1560 2318 seu
1585 2284 1713 2317 alterius
1737 2294 1796 2327 pro
1822 2294 1860 2317 eo

1117 2341 1207 2374 nobis
1238 2340 1373 2383 desuper
1402 2339 1524 2372 oblatae
1554 2337 1715 2382 petitionis
1743 2337 1861 2371 instan-

1117 2394 1204 2433 tiam,
1229 2393 1283 2426 sed
1309 2404 1346 2425 ex
1370 2394 1478 2425 nostra
1504 2393 1591 2424 mera
1617 2390 1859 2427 deliberatione,

1117 2457 1153 2479 ac
1170 2446 1208 2478 de
1222 2445 1412 2489 apostolieae
1429 2443 1591 2487 potestatis
1604 2442 1797 2487 plenitudine
1811 2443 1861 2475 de.-

1117 2500 1277 2533 eernimus
1291 2505 1319 2532 et
1334 2498 1540 2538 declaramus,
1553 2507 1661 2531 omnes
1679 2502 1707 2530 et
1722 2497 1860 2540 singulas

1119 2563 1227 2586 causas
1246 2553 1417 2586 camerales
1434 2551 1615 2585 huiusmodi
1629 2556 1656 2584 et
1674 2551 1713 2584 ab
1725 2551 1768 2584 eis
1785 2562 1861 2595 quo-

1118 2606 1290 2640 modolibet
1309 2605 1520 2650 dependentes
1540 2604 1729 2638 cumulative
1747 2615 1861 2648 cogno-

1118 2660 1223 2696 scendi
1242 2659 1422 2694 facultatem
1438 2653 1600 2705 praedicto
1617 2658 1776 2694 Ludovico
1796 2669 1861 2693 car-

1867 257 1915 283 An.
1931 257 1958 283 C.
1984 257 2044 284 1621

1868 530 1907 555 Qut
1919 533 1940 551 ut
1950 530 2002 551 infra
2017 530 2052 550 n'a-

1869 557 1992 578 [larandum
2005 562 2052 578 cen·

1868 586 1964 606 suerunt.

1875 2637 1974 2658 facultas
1989 2642 2060 2658 cumu-

1875 2664 1941 2686 latit-a
1957 2664 2011 2686 inter
2025 2670 2060 2687 ca-
