2293 3231
517 267 580 302 840
1062 267 1238 291 Bt'LLAth‘M
1264 265 1417 294 nomn-w

478 330 611 364 loannes
636 327 770 369 Baptista
796 322 962 365 Costagnta
988 320 1151 354 familiaris
1175 318 1263 354 Pauli
1278 319 1312 362 V,
1328 320 1368 354 16
1394 332 1424 355 α.
1451 320 1628 366 Depntatus
1657 321 1697 356 ad
1723 321 2013 367 congregationem

567 388 709 414 annonae
735 382 763 410 ct
789 377 942 419 gras-ciac,
971 373 1045 407 ibid.

476 437 608 470 loannes
635 432 772 475 Baptista
796 429 941 463 Mellinus
966 427 1057 461 anlac
1083 427 1311 461 consistorialis
1335 428 1531 470 advocatus,
1557 428 1621 462 679
1647 428 1674 462 b.
1696 428 1755 462 Pro
1774 429 2014 464 canonizatione

562 488 592 521 S.
620 485 791 519 Thercsiae
817 485 848 516 in
874 481 1001 526 publico
1026 481 1213 515 consistorio
1240 483 1415 525 peroravit,
1441 481 1522 514 ibid.

479 542 611 574 loannes
636 538 786 571 Boncttns
811 535 887 569 cleri
912 533 1081 577 Anglicani
1113 534 1197 578 apud
1223 534 1338 568 Setlcm
1364 535 1581 579 Apostolicam
1612 544 1747 579 aegeus,
1772 535 1837 569 740
1861 546 1890 569 a.
1916 534 2016 570 Colle-

562 594 649 635 gium
687 589 860 633 Anglortnn
894 587 1085 631 t'tyssipone
1117 589 1296 622 institutum
1328 591 1407 632 petit
1438 591 1622 625 confirmari
1653 600 1670 624 a
1703 590 1786 624 Sede
1814 589 2016 635 Apostolica,

563 646 626 679 740
653 646 679 677 b.

477 702 608 734 loannes
640 698 680 732 de
713 697 814 731 Ilorcs
847 696 887 730 ad
919 705 1018 729 novos
1050 704 1218 739 processus
1247 695 1453 731 efformandis
1486 707 1543 742 pro
1577 698 1816 731 canonizatione
1847 697 1878 731 S.
1903 696 2016 732 Isidori

563 751 732 796 Agricolae
757 750 945 794 deputatuS,
973 749 1035 782 488
1061 749 1088 782 b.

474 808 605 840 loannes
631 805 815 838 Franciscus
841 801 1100 836 Aldobrandinus
1124 802 1281 837 Meldulae
1305 802 1382 846 dux,
1408 803 1523 839 bellica
1547 805 1665 838 virtute
1690 805 1836 848 insignis,
1855 803 1922 838 702
1946 803 1973 838 b.

476 861 609 894 loannes
634 858 761 892 Gai-zias
786 856 923 891 Millinus
948 855 1132 898 cardinalis,
1151 856 1169 889 4
1186 855 1212 889 b.
1236 856 1414 901 Deputatur
1439 858 1478 892 ad
1504 857 1752 892 examinandam
1772 861 1918 892 naturam
1935 857 2016 892 Con-

562 914 758 957 gregationis
784 911 911 945 Ioannis
936 910 1012 951 Dei,
1037 909 1116 943 ibid.

475 970 607 1002 loannes
633 966 765 1001 lacobus
789 965 978 1009 Bulgarinus
994 963 1259 1008 CongregationIs
1284 964 1397 1010 Aquae
1423 965 1541 1000 Paulae
1566 966 1776 1009 secretarius,
1801 965 1866 999 188
1890 976 1922 999 α.

477 1023 609 1057 loannes
633 1020 797 1064 Zamoyski
828 1020 919 1062 regni
950 1017 1099 1051 Poloniae
1133 1027 1304 1062 supremus
1335 1019 1566 1061 cancellarius,
1597 1019 1661 1052 390
1686 1029 1716 1052 a.
1748 1018 1956 1053 Academiam
1986 1019 2018 1053 in

563 1075 679 1120 oppido
712 1073 894 1117 Zamoyseki
927 1073 1038 1115 erigit,
1063 1070 1141 1104 ibid.
1166 1071 1204 1105 Et
1227 1071 1431 1116 collegiatam
1462 1071 1651 1114 ecclesiam,
1680 1071 1759 1105 ibid.
1794 1071 2020 1117 Nonnullaque

563 1141 619 1173 pro
644 1130 809 1173 utriusque
833 1127 992 1170 regimine
1017 1128 1134 1159 statuta
1159 1125 1288 1167 condit,
1314 1125 1378 1159 390
1404 1126 1432 1159 b.

479 1185 602 1218 loannis
620 1183 677 1216 Dei
692 1182 915 1225 C‹uig1·cgatio.
933 1180 1092 1214 Nonnulla
1105 1189 1123 1213 a
1140 1179 1279 1214 Summis
1297 1178 1506 1213 Pontificibus
1524 1178 1569 1213 illi
1586 1187 1740 1213 concessa
1756 1179 1937 1223 privilegia,
1955 1178 1974 1212 3
1991 1178 2018 1213 b.

566 1238 639 1271 Pius
664 1236 688 1269 V
715 1236 858 1269 habitum
884 1234 1035 1268 iratribus
1059 1235 1209 1277 imposuit
1234 1235 1376 1278 ipsisque
1395 1233 1618 1278 eleemosynas
1643 1243 1701 1277 pro
1721 1232 1936 1278 hospitalibus
1955 1231 2021 1267 eol-

565 1290 687 1335 ligcndi
708 1289 890 1323 facultatem
908 1288 999 1331 fecit,
1016 1298 1097 1332 quos
1117 1291 1222 1322 tamen
1240 1287 1485 1322 Ordinariorum
1510 1287 1724 1322 iurisdictioni
1749 1288 1927 1330 supposuit,
1946 1286 1965 1320 3
1991 1286 2017 1319 b.

566 1346 673 1379 Sixtus
699 1343 723 1377 V
750 1343 855 1376 omnia
881 1342 985 1376 dictae
1011 1343 1270 1386 congregationis
1294 1342 1462 1386 hospitalia
1487 1345 1520 1375 et
1543 1342 1726 1386 provincias
1750 1342 1829 1383 unit,
1857 1349 1894 1373 ac
1922 1348 2019 1384 gene-

568 1401 666 1433 ralem
687 1399 806 1441 eligere
832 1397 908 1440 ipsis
933 1397 1095 1441 permisit,
1129 1397 1146 1430 4
1165 1407 1194 1429 a.
1220 1395 1367 1430 Clemens
1393 1395 1464 1429 VIII
1496 1404 1514 1429 a
1545 1394 1697 1429 fratribus
1726 1395 1860 1428 unicum
1887 1394 2021 1428 infirmis

571 1452 766 1487 inserviendi
795 1455 901 1485 votum
927 1451 1028 1484 emitti
1054 1449 1164 1492 voluit,
1191 1449 1268 1483 ibid.
1292 1449 1409 1483 Paulus
1434 1458 1512 1483 vero
1537 1448 1563 1482 V
1589 1448 1629 1483 ad
1654 1447 1814 1483 Ordinem
1838 1447 2021 1491 regularem

571 1507 704 1551 redegit,
725 1516 761 1540 ae
785 1506 846 1539 alia
872 1507 930 1539 tria
961 1508 1033 1539 vota
1058 1503 1280 1538 substantialia
1297 1504 1330 1537 in
1347 1513 1385 1537 eo
1404 1505 1506 1537 emitti
1527 1503 1683 1547 permisit,
1702 1505 1733 1536 et
1751 1501 1911 1546 professos
1926 1510 2021 1536 veros

569 1561 735 1605 religiosos
760 1559 951 1601 declaravit,
977 1559 996 1592 5
1022 1569 1062 1599 α,·
1088 1562 1184 1603 atque
1208 1560 1240 1593 in
1265 1558 1402 1602 singulis
1427 1556 1576 1591 domibus
1607 1555 1700 1590 binos
1729 1555 1935 1601 presbyteros
1965 1565 2024 1600 pro

571 1614 833 1649 administrandis
855 1614 1065 1647 sacramentis
1090 1613 1225 1646 infirmis
1249 1611 1374 1646 admitti
1391 1610 1490 1646 voluit
1513 1612 1546 1644 in
1562 1609 1729 1654 Hispania,
1748 1609 1768 1642 5
1788 1609 1826 1649 b;
1851 1610 2024 1654 omniaque

571 1669 738 1713 hospitalia
769 1669 907 1711 ipsorum
933 1670 964 1700 et
992 1676 1144 1711 personas
1176 1665 1422 1701 Ordinariorum
1446 1664 1658 1699 lurisdietioui
1686 1663 1863 1707 supposuit,
1888 1662 1966 1696 ibid.
1991 1662 2025 1697 Si

570 1734 644 1757 vero
669 1726 774 1757 cesset
798 1721 996 1766 hospitalitas
1022 1720 1164 1754 locorum
1190 1719 1230 1754 ad
1255 1720 1337 1753 hane
1362 1719 1647 1762 congregationem
1671 1717 1902 1761 pertinentium
1926 1715 2025 1750 admi—

568 1779 676 1812 sti-atio
693 1777 732 1811 ad
750 1776 936 1811 Ordinarios
953 1775 1144 1817 devolvitur,
1165 1774 1282 1819 quibus
1299 1777 1329 1808 et
1345 1772 1480 1817 singulis
1497 1773 1588 1806 annis
1612 1772 1769 1805 milonem
1792 1769 1940 1812 reddent,
1956 1770 1975 1803 6
1992 1779 2024 1802 α.

570 1831 811 1867 Ordinarioruin
836 1830 1017 1864 huiusmodi
1041 1828 1220 1863 iurisdictio
1245 1826 1426 1861 declaratur
1450 1829 1481 1859 et
1504 1824 1667 1867 limitatur,
1685 1823 1748 1857 442
1773 1833 1793 1856 a
1809 1826 1918 1868 etseq.
1941 1822 2024 1857 Hos-

569 1885 677 1930 pitalia
701 1884 909 1925 Germaniae,
941 1882 1063 1917 Galliae
1089 1885 1120 1915 et
1143 1881 1294 1916 Poloniae
1318 1880 1561 1924 congregationi
1584 1877 1696 1912 Italiae
1719 1878 1884 1920 uniuntur,
1908 1876 1973 1911 382
1995 1887 2024 1911 α.

568 1938 758 1972 Huiusmodi
782 1939 986 1981 congregatio
1011 1938 1042 1970 in
1068 1945 1178 1970 veram
1197 1935 1389 1979 religionem
1413 1935 1548 1978 erigitur
1571 1941 1645 1966 cum
1669 1930 1771 1966 trihus
1799 1932 1882 1965 votis
1906 1929 2027 1965 substa-

573 1991 737 2033 ntialibus,
769 2001 805 2025 ae
835 1995 947 2037 quarto
975 1991 1014 2024 (le
1046 1990 1196 2025 iuvandis
1228 1990 1384 2030 infirmis,
1410 1988 1471 2022 381
1499 1998 1519 2020 a
1543 1990 1658 2031 etseq.
1685 1985 1934 2020 Constitutiones
1964 1983 2026 2018 sibi

572 2047 714 2079 css'ortnat
739 2055 818 2090 quas
842 2045 958 2079 Paulus
982 2045 1068 2089 Papa
1092 2044 1119 2078 V
1143 2044 1358 2085 confirmavit,
1377 2042 1439 2076 386
1461 2052 1492 2075 a.
1518 2040 1609 2082 Quae
1633 2049 1732 2084 super
1756 2037 1941 2074 huiusmodi
1964 2038 2026 2073 fra-

573 2099 670 2133 tribus
696 2099 833 2133 locorum
859 2098 1038 2135 OrdinariIS
1063 2102 1224 2143 competat
1248 2097 1437 2138 iurisdictio,
1464 2095 1528 2130 442
1552 2105 1572 2128 a
1593 2099 1624 2129 et
1647 2105 1710 2139 seq.

483 2154 606 2187 loannis
633 2153 687 2197 (S.)
715 2153 992 2196 llierosotpnitani
1017 2152 1181 2196 hospitalis
1202 2151 1300 2194 Ordo,
1329 2151 1392 2184 190
1419 2150 1445 2184 b.
1470 2149 1670 2194 Magistratui
1701 2148 1861 2192 prioratus
1889 2146 2026 2191 Angliae

571 2211 602 2241 ct
630 2207 803 2241 Hiberniae
836 2217 872 2241 ae
900 2206 1111 2241 baiulivatnm
1141 2207 1277 2253 Aquilae
1310 2206 1414 2240 univit
1445 2205 1622 2248 Gregorius
1654 2202 1728 2236 XIII
1759 2201 1862 2236 donee
1890 2199 2026 2245 Angliae

573 2271 704 2305 regnum
737 2261 775 2294 ad
808 2262 960 2295 unitatem
991 2261 1154 2294 Ecclesiae
1189 2261 1366 2294 catholicae
1399 2259 1554 2301 redierit,
1589 2257 1670 2292 ibid.
1700 2257 1792 2291 Hane
1826 2257 1979 2290 unionem
2008 2264 2027 2289 a

571 2314 658 2348 Sixto
683 2314 707 2347 V
733 2314 917 2348 dissolutam
942 2316 1080 2348 restituit
1104 2314 1221 2348 Paulus
1238 2314 1274 2357 V,
1293 2315 1354 2348 191
1377 2326 1405 2348 α.
1431 2312 1577 2358 Capitula
1603 2311 1758 2346 nonnulla
1783 2310 1868 2345 edita
1887 2319 1945 2354 pro
1969 2309 2028 2343 fra-

574 2367 673 2400 tribus·
698 2367 825 2411 linguae
851 2368 1047 2409 Provinciae,
1074 2368 1135 2402 304
1163 2370 1180 2401 b
1206 2373 1236 2403 ct
1260 2379 1322 2413 seq.

486 2420 599 2464 loseph
623 2421 732 2454 Mati-ai
758 2425 861 2455 ret-tor
889 2421 1051 2465 generalis
1076 2421 1340 2466 Congregationis
1371 2422 1480 2457 Matris
1503 2421 1578 2464 Dei,
1603 2421 1668 2455 608
1693 2430 1722 2454 α.
1747 2419 1832 2455 Petit
1863 2420 1924 2454 tria
1953 2421 2027 2453 vota

574 2474 726 2508 solemnia
758 2475 931 2517 declarari,
962 2474 1038 2508 ibid.
1071 2474 1204 2511 Obtinet
1236 2475 1408 2521 privilegia
1439 2475 1574 2510 aliorum
1606 2473 1766 2510 Ordinum
1797 2472 2027 2508 communicari

577 2526 835 2571 congregationis
863 2529 1061 2573 praedictae,
1088 2530 1151 2563 780
1177 2530 1205 2563 b.

491 2579 600 2623 loseph
625 2590 642 2613 a
666 2581 763 2615 Matre
788 2582 846 2617 Dei
864 2583 1124 2627 Congregationis
1143 2583 1328 2618 Scholarum
1342 2583 1471 2619 Piarum
1486 2583 1645 2625 fundator,
1663 2582 1798 2627 eiusque
1814 2581 2027 2626 praepositus,

576 2634 636 2667 627
662 2646 695 2678 a,
720 2637 782 2670 687
809 2638 836 2670 b.
1709 2660 1713 2663 Α

490 2685 622 2721 lsabella
646 2688 734 2722 Clara
757 2690 900 2735 Eugcnia
924 2691 1143 2726 archiducissa
1167 2691 1314 2727 Austriao
1338 2695 1369 2727 et
1392 2692 1495 2737 Belgii
1519 2692 1681 2736 princeps,
1708 2689 1771 2724 465
1796 2689 1823 2723 b.
