2293 3231
255 289 304 314 An.
326 288 355 314 c.
374 285 437 314 ¹021
485 274 551 310 634

276 983 311 1004 cia

315 983 387 1005 unuin
398 988 447 1010 poo-

457 334 522 377 ipsa
536 331 674 365 Ecclesia
688 329 842 387 praeciso,
855 327 985 370 eiusque
1000 322 1196 368 sequacibus,

457 391 486 418 et
504 384 648 418 dantibus
667 382 694 415 ei
715 380 878 419 auxilium,
895 377 1073 416 consilium,
1093 375 1141 408 xel
1158 375 1213 408 sa-

459 448 576 477 x·‚oren1
591 445 653 469 non
669 434 754 467 dabit
767 432 878 477 quotis
895 431 1000 469 modo,
1017 440 1076 474 per
1093 439 1136 469 se,
1149 428 1197 461 vet

458 491 564 530 alium,
578 499 633 522 seu
649 487 737 527 alios,
757 486 875 519 directe
894 484 942 517 vel
962 482 1123 522 indirecte,
1139 491 1198 526 pu-

458 543 537 576 blice
562 541 609 574 vel
634 539 765 579 occulte,
783 537 944 577 auxilium,
964 535 1130 570 consilium
1151 533 1198 567 vel

459 597 607 634 savorem,
625 603 683 627 nec
706 592 744 625 ab
769 591 848 631 aliis,
865 595 1017 634 quantum
1031 589 1063 622 in
1080 598 1117 622 eo
1130 587 1188 621 erit

459 649 484 682 si
510 647 664 691 impedire
688 645 822 690 poterit,
847 643 915 676 dari
940 642 1118 687 permittet,
1147 640 1200 674 sed

460 711 513 735 eos
533 700 617 733 iuxta
630 708 721 743 posse
734 707 837 738 suum,
851 695 951 730 donec
968 697 1200 734 convertantur,

460 758 670 799 persequetur
702 755 732 784 et
761 749 978 794 impugnabit;
1007 748 1052 781 sic
1082 747 1218 780 dictum·

461 806 641 850 Philippum
667 814 775 848 regem
800 803 881 836 Deus
905 801 1046 842 adiuvet,
1071 805 1102 834 et
1124 799 1202 834 haec

462 865 567 894 sancta
585 859 640 893 Dei
664 856 841 900 Evangelia.
863 855 965 889 Iuravi
984 859 1020 888 ut
1038 863 1142 898 supra.

654 911 720 955 Ego
741 909 919 955 praedictus
936 908 1007 942 dux.

507 967 522 1010 g
546 964 598 1000 10.
624 964 705 999 Nulli
731 974 809 1007 ergo
826 962 954 997 omnino
978 961 1143 995 hominum
1167 960 1204 994 li-

463 1025 530 1053 ceat
559 1019 639 1052 hanc
663 1017 809 1062 paginam
834 1021 961 1050 nostrae
985 1013 1203 1053 admissionis,

463 1071 696 1111 reservationis,
710 1069 933 1109 concessionis,
945 1067 1149 1111 elargitionis,
1161 1066 1206 1100 in-

463 1124 669 1165 feudationis,
699 1123 922 1162 investiturae,
954 1120 1123 1155 voluntatis
1158 1119 1204 1152 vel

463 1178 645 1212 intentionis
661 1177 845 1221 insi-ingere,
862 1176 910 1210 vel
927 1175 956 1208 ei
973 1185 1051 1208 ausu
1075 1180 1206 1207 temera-

464 1233 511 1266 rio
525 1231 692 1266 contraire.
711 1230 742 1264 Si
759 1229 830 1274 quis
850 1235 954 1263 autem
972 1229 1033 1262 hoe
1053 1232 1206 1265 attentare

465 1284 713 1331 praesumpserit
737 1283 982 1326 indignationem
1009 1281 1206 1325 omnipoten-

466 1340 503 1373 tis
527 1339 582 1372 Dei
606 1349 641 1372 ac
665 1338 830 1371 beatorum
855 1336 938 1370 Petri
963 1341 993 1369 et
1016 1335 1103 1368 Pauli
1131 1344 1206 1379 apo-

466 1393 619 1427 stolorum
637 1391 704 1425 eius
721 1402 753 1424 se
770 1390 893 1424 noverit
906 1390 1117 1422 incursurum.

509 1447 621 1480 Datum
646 1446 773 1485 Romae,
793 1444 875 1489 apud
901 1450 1043 1477 sanctum
1068 1443 1207 1482 Petrum,

467 1510 548 1534 anno
588 1499 814 1533 Incarnationis
849 1497 1030 1531 Dominicae
1066 1505 1207 1536 iuncxxi,

467 1553 576 1598 quinto
607 1552 755 1585 kalendas
785 1550 961 1585 decembris
977 1576 985 1591 ,
1009 1548 1209 1594 pontificatus

467 1607 567 1641 nostri
591 1616 673 1640 anno
697 1615 715 1639 1.

506 1670 562 1697 Dat.
583 1669 626 1697 die
644 1669 678 1696 ‘27
696 1667 852 1696 novembris
870 1667 948 1701 1621,
969 1666 1064 1702 pontis.
1086 1674 1155 1694 anno
1172 1674 1191 1694 1.

617 1739 666 1791 ἢ
692 1740 777 1777 eoo
805 1738 1060 1777 caecemus

477 1813 681 1839 ECCLESIAE
711 1811 952 1837 CATHOLICAE
980 1810 1203 1835 EPISCOPUS.

538 1863 646 1897 Perfice
666 1870 779 1898 qressus
798 1868 875 1888 meos
897 1860 923 1886 in
945 1859 1056 1887 semitis
1077 1859 1144 1887 luis.

472 1929 494 1967 ἦ·
520 1925 585 1968 Ego
609 1924 762 1958 Antonius
792 1921 958 1956 cardinalis
982 1921 1115 1962 Saulius,
1140 1920 1209 1954 dia-

561 1987 668 2011 conus.

473 2036 495 2073 †
520 2032 585 2074 Ego
600 2029 784 2063 Franciscus
794 2029 889 2063 Maria
902 2027 1092 2061 cardinalisa
1102 2027 1212 2061 Monte.

474 2089 496 2127 †
520 2085 552 2119 F.
578 2084 691 2118 Ssortia
716 2083 882 2118 cardinalis
906 2083 1074 2126 episcopus
1097 2082 1213 2115 Tuscu-

563 2139 662 2172 lanus.

474 2196 497 2341 4-l·⁶⁴l-

475 2300 588 2343 [go
605 2298 749 2332 Octaxius
767 2298 832 2342 epis
835 2308 932 2342 copus
950 2296 1216 2331 Piaenestinensis

565 2351 732 2386 cardinalis
750 2350 916 2384 Bandinus.

524 2513 589 2556 Ego
614 2512 754 2546 Andreas
772 2511 850 2545 tituli
868 2511 897 2545 S.
917 2512 1044 2556 Agnetis
1061 2511 1092 2544 in
1109 2512 1233 2554 Agone

566 2565 732 2598 caidinalis
750 2565 900 2598 Perettus.

478 2623 502 2713 -i——i-
475 2410 500 2553 —i-—i-—i-

1192 584 1253 628 ,!†

1033 275 1213 302 nmtanluu
1238 273 1391 300 nonnum

1228 325 1252 388 Τ

1212 389 1252 415 Τ

1214 486 1215 495 ¹
1231 450 1254 523 -Ι-
1279 480 1345 523 Ego
1369 478 1551 514 Dominicus
1568 477 1613 511 Ss.
1631 475 1855 522 Apostolorum
1873 474 1973 510 cardi-

1323 532 1404 566 nalis
1423 530 1617 576 Gymnasius.

1233 644 1256 682 †
1281 640 1347 683 Ego
1365 638 1494 673 Carolus
1510 637 1594 671 tituli
1609 637 1639 672 S.
1653 635 1795 671 Caesarei
1811 634 1975 681 presbyter

1324 691 1492 726 cardinalis
1511 689 1694 725 Madrutius.

1234 750 1257 843 ‡
1283 800 1348 843 Ego
1369 798 1475 844 Scipio
1495 797 1575 832 tituli
1592 796 1621 831 S.
1639 795 1833 841 Chrysogoni
1850 794 1976 840 presby-

1326 858 1374 887 ter
1391 851 1560 886 cardinalis
1576 850 1777 894 Burghesius.

1236 912 1261 1003 ζ
1285 961 1351 1005 Ego
1376 959 1503 995 Garzias
1523 958 1604 992 tituli
1621 958 1666 992 Ss.
1684 957 1823 997 Quatuor
1846 956 1980 991 Corona-

1327 1020 1432 1049 torum
1448 1012 1612 1058 presbyter
1629 1010 1796 1046 cardinalis
1810 1010 1956 1044 Millinus.

1239 1072 1261 1112 †
1287 1069 1353 1113 Ego
1366 1068 1402 1102 M.
1420 1067 1502 1101 tituli
1519 1066 1564 1100 Ss.
1579 1065 1696 1106 Quirici
1710 1070 1741 1099 et
1756 1065 1878 1099 lulittae
1897 1074 1981 1109 pres·

1329 1122 1418 1167 byter
1435 1119 1603 1155 cardinalis
1619 1120 1739 1154 Lantes.

1238 1181 1261 1198 ,Ι-

1239 1199 1262 1264 i

1240 1279 1262 1317 †
1288 1275 1354 1318 Ego
1368 1273 1400 1307 F.
1415 1273 1496 1306 tituli
1514 1271 1543 1305 S.
1555 1270 1722 1315 Augustini
1735 1270 1901 1316 presbyter
1918 1280 1983 1313 car-

1330 1327 1444 1361 dinalis
1460 1325 1611 1359 Yerallus.

1241 1386 1263 1424 †
1285 1382 1350 1425 Ego
1375 1380 1506 1414 loannes
1531 1377 1667 1422 Baptista
1687 1377 1768 1411 tituli
1785 1377 1814 1411 S.
1832 1377 1982 1411 Caeciliae

1329 1435 1495 1480 presbyter
1511 1431 1677 1467 cardinalis
1694 1431 1847 1466 Senensis.

1241 1493 1264 1532 †

1242 1547 1265 1586 ἦ·

1243 1600 1266 1639 †
1291 1596 1357 1640 Ego
1370 1594 1553 1629 Dominicus
1570 1593 1652 1628 tituli
1665 1592 1694 1627 S.
1709 1591 1832 1626 Martini
1853 1592 1885 1625 in
1901 1591 1985 1626 Mon-

1333 1649 1415 1685 tibus
1438 1647 1602 1693 presbyter
1621 1645 1790 1680 cardinalis
1806 1644 1961 1679 Rivarola.

1244 1719 1267 1800 ζ
1292 1757 1358 1801 Ego
1383 1755 1496 1790 Paulus
1519 1753 1598 1788 tituli
1615 1753 1659 1788 Ss.
1685 1752 1776 1787 Nerei
1801 1756 1832 1785 et
1854 1750 1986 1786 Achillei

1334 1809 1498 1855 presbyter
1517 1806 1686 1842 cardinalis
1701 1805 1907 1841 Crescentius.

1246 1869 1268 1907 †

1228 1922 1269 2014 ᾧ
1294 1972 1359 2016 Ego
1383 1971 1502 2015 Gaspar
1526 1968 1607 2003 tituli
1631 1967 1660 2001 S.
1685 1966 1794 2002 Crucis
1818 1967 1850 2000 in
1874 1965 1986 2001 Hieru-

1336 2025 1433 2059 salem
1451 2023 1617 2068 presbyter
1634 2020 1802 2055 cardinalis
1818 2019 1941 2063 Borgia.

1247 2085 1270 2122 †
1295 2079 1360 2123 Ego
1385 2078 1416 2111 F.
1442 2076 1526 2110 Felix
1552 2075 1631 2110 tituli
1656 2074 1684 2108 S.
1703 2073 1881 2108 Anastasiae
1904 2083 1989 2118 pres-

1336 2132 1425 2177 byter
1446 2129 1612 2164 cardinalis
1628 2127 1810 2162 Asculanus.

1248 2245 1270 2283 †
1295 2241 1361 2283 Ego
1383 2238 1534 2284 Tyberius
1559 2236 1640 2270 tituli
1666 2236 1694 2270 S.
1716 2235 1840 2269 Priscae
1859 2232 1989 2278 presby-

1338 2299 1385 2328 ter
1402 2292 1569 2327 cardinalis
1588 2291 1699 2324 Mutus.

1250 2352 1272 2390 ἦ·
1299 2348 1363 2391 Ego
1387 2345 1513 2380 Gabriel
1543 2343 1624 2377 tituli
1649 2343 1677 2376 S.
1704 2340 1933 2376 Bartholomaei
1956 2340 1989 2373 in

1339 2400 1441 2434 Insula
1457 2398 1621 2444 presbyter
1637 2395 1804 2430 cardinalis
1821 2394 1859 2428 de
1875 2393 1975 2428 Treio.

1222 1355 1225 1384 t

1231 2451 1234 2492 Ι
1249 2458 1271 2496 †

1231 2493 1272 2610 Ι-Ι
1299 2560 1364 2604 Ego
1388 2559 1485 2593 lulius
1509 2557 1590 2590 tituli
1614 2556 1643 2590 S.
1669 2554 1801 2589 Sabinae
1824 2554 1988 2599 presby-tei

1338 2624 1391 2648 car
1393 2612 1505 2647 dinalis
1518 2610 1680 2659 Sabellius.

1231 2649 1234 2712 Ι
1249 2672 1271 2710 †

1983 266 2033 294 Au.
2053 264 2082 292 C.
2099 262 2164 292 {621
2218 273 2219 279 ¹
