2293 3231
281 299 332 326 An.
343 296 371 323 r..
396 295 463 324 ¹622
508 285 572 319 694

483 1731 752 1764 ‹·:u·‹liualitioruin
774 1731 965 1772 huiusmodi,
983 1742 1054 1764 eum
1079 1731 1225 1764 omnibns

1057 292 1236 316 numanum

479 344 561 376 tione
586 343 704 381 nostra,
728 347 754 373 et
781 340 820 371 ‹le
843 339 1033 383 apostolieae
1058 339 1236 383 pote>tatist

480 395 681 440 plenitudine,
695 404 805 427 omnes
820 399 847 426 et
867 393 1006 435 singulas
1023 392 1218 431 donationes,

478 449 696 491 elargitiones,
725 446 950 490 applicationes
978 451 1007 478 et
1035 445 1215 479 concessio-

480 512 544 541 nes,
555 512 608 533 seu
621 499 746 544 quasvis
759 499 836 531 alias
849 498 1070 542 dispositiones
1081 498 1119 530 de
1128 497 1219 530 dictis

480 553 711 593 emolumentis,
728 562 782 585 seu
807 562 917 585 eorum
943 551 1075 592 iuribus,
1094 551 1218 595 praedi—

478 614 555 644 ctae.
573 619 626 640 seu
651 606 814 651 quibusvis
831 605 900 639 aliis
919 605 1068 646 basilicis,
1086 606 1131 638 vel
1151 605 1219 638 aliis

480 661 555 693 loris
569 661 638 704 piis,
647 659 883 704 quomodolibet
897 658 1085 703 qualilieatis
1097 664 1127 691 et
1145 668 1220 691 nun—

479 715 615 759 cupatis,
641 714 792 747 liat-tenus
823 713 1081 757 ‹piomodolibet,
1107 717 1137 745 et
1161 712 1219 745 suli

478 768 662 812 quorumvis
698 767 867 800 verborum
901 766 1157 811 expressionibus
1191 771 1220 798 et

480 823 597 861 l'ormis,
621 827 775 866 perpetuo
804 822 849 853 rel
875 821 912 853 ad
939 826 1072 864 tempus,
1091 830 1220 864 pernes

479 887 533 908 seu
546 886 763 919 quoscumque
777 876 934 908 llomanos
949 874 1116 907 Pontifices
1134 883 1221 916 prae-

479 929 661 962 decessores
684 933 822 968 nostros,
847 927 940 961 etiam
962 932 1050 961 motu
1075 926 1168 959 simili
1185 937 1221 959 ac

479 983 742 1016 consistorialiter
766 983 879 1022 saetas,
904 981 1027 1025 aliaque
1052 981 1120 1014 iura
1145 980 1220 1019 illis,

479 1048 532 1069 seu
550 1038 643 1069 etiam
654 1036 722 1069 aliis
741 1035 831 1068 Urbis
844 1035 993 1075 basilicis,
1007 1035 1053 1067 vel
1073 1034 1148 1067 locis
1163 1034 1221 1078 piis

481 1090 658 1122 huiusmodi
674 1117 681 1130 ‚
706 1102 741 1123 ex
768 1089 928 1133 praedicta
957 1088 1148 1128 donatione,
1174 1089 1219 1121 vel

479 1144 549 1185 alia,
570 1144 663 1176 etiam
680 1143 881 1186 ‹piantumxis
899 1143 978 1175 iusta
995 1147 1021 1175 et
1043 1141 1220 1174 rationabili

479 1198 573 1229 rausa
591 1197 636 1229 rel
654 1196 819 1229 occasione
843 1195 1064 1239 competentia,
1081 1206 1117 1228 ac
1133 1206 1222 1238 quas-

480 1261 614 1294 ‹·umque
628 1251 748 1284 litteras
761 1250 948 1294 apostolicas
966 1250 1070 1282 forsan
1087 1249 1222 1292 desuper

480 1305 646 1345 ‹·0nt'ectas‚
671 1309 701 1336 et
719 1304 749 1336 in
767 1303 812 1336 eis
828 1308 974 1337 contenta
994 1313 1222 1347 quaecumque,

479 1368 614 1403 quorum
629 1357 769 1391 omnium
786 1361 910 1391 tenores
930 1356 1148 1401 praesentibus
1165 1367 1222 1400 pro

480 1411 636 1455 expressis
653 1416 683 1443 et
704 1410 828 1443 insertis
852 1410 961 1443 baberi
979 1410 1136 1450 volumus,
1153 1420 1223 1453 apo-

481 1465 590 1497 stolica
600 1464 795 1504 auctoritate,
807 1468 913 1497 tenore
925 1464 1147 1507 praesentium,
1158 1474 1225 1506 per-

482 1523 576 1561 petuo
601 1527 785 1550 revocamus
809 1527 986 1557 cassamus,
1011 1516 1224 1559 extinguimus

481 1576 511 1605 el
527 1572 735 1611 annullamus,
750 1571 927 1614 nulliusque
946 1571 1070 1604 roboris
1096 1571 1141 1603 rel
1161 1582 1224 1604 mo-

485 1625 579 1657 menti
606 1626 671 1657 sore
695 1631 722 1658 et
749 1636 816 1657 esse
840 1625 1046 1657 declaramus.

527 1681 542 1720 ,ξ
565 1678 594 1711 13,
628 1679 754 1712 Necnon
788 1678 1001 1711 emolumenta
1035 1677 1224 1710 annulorum

484 1792 509 1816 et
537 1786 668 1829 singulis
693 1786 814 1818 iuribus
845 1791 872 1818 et
898 1786 1084 1831 ,actionibus
1115 1785 1225 1819 exinde

483 1839 732 1882 ‹lt-pendentilms
747 1867 754 1879 ‚
786 1839 963 1882 praedictae
988 1839 1224 1880 congregationi

484 1893 539 1929 (ita
553 1893 738 1936 quodliceat
754 1894 783 1925 S.
807 1894 839 1925 ll.
863 1894 894 1925 l⁴2.
913 1892 1124 1925 cardinalibus
1141 1902 1225 1926 nune

484 1952 509 1979 et
524 1958 581 1990 pro
599 1951 740 1990 tempore
753 1946 958 1980 existentibus
971 1946 1226 1989 congregationis

485 2000 676 2041 lmiusmodi,
696 2011 751 2032 seu
771 2000 809 2032 ab
831 2000 890 2032 illis
910 2000 1078 2044 deputatis,
1102 2000 1147 2032 vel
1173 2010 1225 2033 eo-

486 2065 554 2086 rum
575 2054 726 2086 ministris
743 2055 955 2088 emolumenta
974 2055 1013 2086 ab
1038 2054 1227 2087 haeredibus

486 2107 703 2147 ‹·:u·‹limilium,
719 2118 798 2151 quos
814 2108 853 2141 de
870 2112 974 2142 volero
999 2107 1159 2151 perpetuis
1181 2107 1227 2140 su-

487 2161 564 2193 turis
583 2162 779 2205 temporibus
796 2161 834 2193 ab
852 2162 909 2194 liae
927 2162 986 2195 vita
1004 2161 1143 2204 migrare
1157 2171 1228 2194 eou-

488 2213 603 2256 tigerit,
627 2214 764 2247 cuiusvis
789 2215 913 2247 lieentia
937 2214 1073 2258 desuper
1099 2213 1227 2246 minime

488 2267 653 2310 requisita,
678 2268 731 2299 sed
757 2267 887 2312 propria
912 2267 1108 2307 auctoritate,
1134 2267 1226 2299 etiam

488 2331 542 2362 per
567 2320 785 2353 mandatorum
811 2321 849 2353 ab
866 2321 1044 2364 antiquiore
1057 2331 1227 2363 congrega-

489 2372 579 2405 tionis
605 2373 785 2407 huiusmodi
812 2374 961 2407 cardinali
988 2373 1174 2417 simpliciter
1199 2379 1225 2406 ct

487 2426 525 2458 «le
551 2427 643 2469 plano
668 2438 703 2460 ac
727 2427 793 2460 sine
807 2427 940 2471 strepitu
956 2431 986 2461 et
1002 2428 1103 2470 ligura
1123 2427 1227 2460 iudicii

488 2490 523 2511 ac
539 2491 633 2513 manu
654 2481 740 2523 regia
755 2481 1026 2514 ‹leeernendorum
1045 2486 1075 2514 et
1093 2481 1230 2513 relaxan-

489 2533 601 2566 «lorum
625 2534 696 2573 vim,
722 2535 873 2578 recipere,
893 2535 1030 2578 exigere,
1055 2536 1168 2575 levare,
1193 2546 1229 2567 ac

493 2587 541 2617 illa
568 2597 662 2630 penes
686 2588 820 2620 lllontem
843 2589 967 2622 l'ietatis
991 2589 1158 2632 deponere,
1176 2599 1228 2621 seu

494 2639 523 2670 in
542 2644 585 2670 tot
602 2640 678 2672 loeis
701 2641 848 2674 Montium
868 2652 929 2674 non
948 2642 1133 2674 racabilium
1146 2669 1153 2682 ,
1178 2646 1227 2673 aut

1260 290 1414 316 Romamn!

1252 338 1397 381 gationis,
1421 338 1459 370 ad
1483 336 1630 370 ellectum
1649 337 1701 370 illa
1726 338 1756 370 in
1781 337 1850 381 pios
1866 347 1942 371 usus
1965 342 1992 371 et

1252 391 1454 424 necessitates
1479 391 1576 434 ipsius
1600 391 1876 434 congregationis,
1908 390 1995 424 simi-

1254 445 1324 478 liter
1348 444 1415 478 eius
1438 444 1572 477 arbitrio
1606 449 1638 477 et
1666 447 1762 488 prout
1784 444 1860 488 ipsis
1885 444 1996 478 melius

1254 498 1424 538 videbitur,
1449 496 1635 542 exponenda
1656 502 1686 530 et
1710 496 1890 540 eroganda,
1916 497 1996 530 inve-

1253 552 1342 595 stire)
1367 552 1461 585 etiam
1482 554 1634 595 perpetuo
1666 550 1832 591 donamus,
1856 551 1998 585 coneedi-

1255 616 1324 638 mus
1348 609 1378 639 et
1401 605 1608 648 assignamus.

1297 661 1313 703 g
1330 659 1358 692 4.
1385 660 1516 703 Insuper
1532 664 1576 699 ut,
1594 659 1790 692 venerabiles
1809 659 1922 692 fratres
1942 669 1997 693 no-

1254 712 1309 745 stri
1335 713 1364 746 S.
1387 713 1419 745 ll.
1445 713 1477 745 E.
1499 712 1684 753 cardinales,
1703 712 1757 756 qui
1774 722 1858 746 nunc
1880 713 1997 754 vivunt,

1255 767 1313 799 lioc
1330 766 1419 810 pium
1437 771 1467 799 et
1484 765 1639 799 laudabile
1661 776 1742 810 opus
1757 766 1906 799 adiuvare
1930 776 1998 810 pos-

1254 819 1326 861 sint,
1352 819 1508 861 volumus⁷
1533 823 1563 851 et
1588 818 1733 852 similiter
1757 819 1930 863 apostolica
1947 829 1999 852 au-

1255 874 1399 907 ctoritate
1424 873 1624 906 decernimus
1643 878 1673 906 et
1686 873 1894 915 declaramus,
1913 873 1997 917 quod

1255 927 1278 961 si
1304 927 1400 971 aliqui
1425 938 1461 959 ex
1487 927 1578 960 dictis
1602 927 1814 960 cardinalibus
1831 927 1863 960 in
1887 937 1996 961 eorum

1256 982 1316 1014 vita
1342 981 1566 1022 emolumenta,
1590 981 1711 1014 ratione
1733 981 1780 1015 sui
1805 981 1911 1014 annuli
1932 992 1999 1015 car·

1255 1035 1399 1075 dinalitii‚
1424 1035 1602 1079 praedictae
1619 1035 1858 1079 congregationi
1872 1035 1998 1069 realiter

1255 1095 1285 1123 et
1302 1100 1374 1122 eum
1391 1088 1504 1122 effectu
1523 1088 1719 1130 tradiderint,
1740 1089 1787 1122 vel
1807 1089 1861 1133 qui
1885 1088 1924 1122 de
1948 1099 1998 1123 ce-

1257 1149 1324 1177 tero
1342 1143 1464 1176 tradent
1484 1149 1514 1176 et
1531 1143 1747 1186 assignabunt,
1763 1143 1917 1177 haeredes
1933 1154 1999 1177 car-

1255 1196 1366 1229 dinalis
1392 1196 1489 1240 ipsius
1513 1196 1575 1229 vita
1601 1196 1710 1237 t‘unrti,
1733 1207 1788 1230 seu
1812 1207 1939 1230 eausam
1959 1197 1998 1230 ab

1256 1261 1293 1283 eo
1318 1250 1479 1290 habentes,
1503 1250 1550 1283 vel
1576 1249 1725 1295 babituri,
1749 1250 1789 1283 ad
1813 1249 1998 1283 eorumdem

1256 1303 1543 1337 emolumentorum
1570 1304 1814 1346 praestationem
1842 1304 1889 1336 vel
1914 1303 1998 1337 solu-

1257 1357 1372 1391 tionem
1400 1357 1529 1390 minime
1555 1362 1730 1398 teneantur,
1747 1367 1805 1390 nee
1821 1357 1860 1390 ad
1879 1357 1908 1390 id
1925 1357 2001 1390 obli-

1257 1411 1318 1453 gati
1344 1410 1419 1450 sint,
1445 1410 1610 1454 minusque
1635 1410 1672 1443 ad
1699 1410 1728 1443 id
1753 1410 1824 1454 cogi
1850 1410 1896 1444 vel
1914 1420 2000 1444 com-

1258 1464 1328 1507 pelli
1343 1464 1460 1507 possint
1475 1475 1480 1495 :
1498 1463 1651 1508 quinimo,
1669 1475 1726 1508 pro
1745 1464 1855 1498 maiori
1873 1464 1999 1498 illorum

1258 1518 1435 1557 securitate,
1459 1517 1563 1550 dilecti
1579 1517 1634 1550 lilii
1647 1517 1676 1551 S.
1692 1518 1725 1551 R.
1746 1518 1777 1550 E.
1796 1518 2000 1560 camerarius,

1260 1570 1495 1611 thesaurarius,
1525 1576 1577 1603 aut
1606 1570 1656 1603 alii
1682 1571 1832 1605 officiales
1856 1581 2001 1605 camerae

1259 1624 1448 1668 apostolieae
1463 1634 1520 1667 pro
1531 1629 1673 1668 tempore
1683 1625 1860 1665 existentes,
1871 1625 1910 1657 ad
1922 1636 2002 1669 quos

1259 1677 1432 1722 spectabit,
1457 1677 1560 1711 statim
1585 1683 1679 1722 atque
1704 1678 1780 1722 ipsis
1804 1679 2001 1717 eonstiterit,

1259 1731 1435 1764 cardinales
1460 1741 1515 1763 seu
1540 1731 1693 1764 haeredes
1710 1732 1892 1765 huiusmodi
1918 1742 2003 1766 emo-

1261 1787 1398 1818 lumenta
1411 1785 1570 1828 praedicta
1587 1785 1688 1818 eidem
1706 1787 1956 1830 congregationi,
1970 1792 2002 1819 ut

1260 1839 1453 1882 praefertur,
1478 1839 1626 1879 solvisse,
1654 1839 1781 1872 eosdem
1807 1840 2002 1880 cardinales,

1260 1903 1314 1925 seu
1330 1892 1491 1933 haeredes,
1509 1902 1565 1936 per
1579 1893 1720 1925 cedulam
1735 1893 1894 1936 publicam
1908 1893 2001 1926 etiam

1261 1947 1290 1979 in
1316 1945 1510 1989 amplissima
1537 1946 1636 1979 forma
1663 1946 1802 1979 eiusdem
1835 1957 2002 1989 camerae,

1260 2001 1353 2033 etiam
1378 2000 1510 2044 perinde
1542 2011 1577 2033 ae
1606 2000 1630 2033 si
1655 2002 1868 2034 emolumenta
1892 2001 2002 2035 liuius-

1262 2055 1345 2087 modi
1371 2055 1428 2087 sibi
1454 2055 1614 2098 persoluta
1640 2055 1791 2096 luissent,
1823 2055 1862 2088 de
1893 2055 2004 2090 solutis

1260 2108 1412 2151 quietare,
1430 2112 1460 2140 et
1478 2107 1507 2140 in
1526 2112 1671 2142 eventum
1697 2109 1923 2153 cuiuscumque
1941 2119 2003 2143 mo-

1262 2162 1434 2195 lestationis
1449 2189 1456 2202 ,
1491 2162 1633 2195 eamdem
1659 2173 1817 2196 cameram
1843 2162 1882 2196 ad
1906 2173 2003 2207 pecn-

1263 2215 1384 2248 niarum
1419 2215 1602 2248 eorumdem
1636 2216 1922 2249 emolumentorum
1954 2227 2003 2249 ra-

1263 2268 1346 2301 tione
1382 2269 1556 2302 solutarmn
1594 2269 1822 2302 restitutionem
1860 2268 2003 2312 obligare

1262 2321 1404 2355 debeant.
1427 2323 1488 2355 Nos
1505 2322 1587 2355 enim
1608 2332 1662 2355 eos
1677 2322 1717 2355 ab
1736 2323 1797 2355 alia
1813 2323 2004 2356 emolumen-

1264 2381 1368 2408 torum
1393 2375 1572 2409 huiusmodi
1590 2375 1812 2419 assignatione,
1835 2376 2001 2410 traditione

1263 2435 1294 2462 et,
1317 2429 1470 2463 etl'eetiiali
1497 2429 1734 2472 consignatione
1759 2429 1949 2462 absolvimus
1973 2433 2004 2463 et

1263 2484 1450 2527 quictamus.
1467 2482 1646 2516 Mandantes
1660 2487 1690 2515 et
1706 2483 1739 2515 in
1754 2483 1868 2515 virtute
1880 2488 2004 2516 sanctae

1263 2536 1458 2569 obedientiae
1471 2535 1613 2568 districte
1625 2535 1847 2579 praecipiendo
1863 2535 2005 2568 inlliben-

1265 2595 1309 2622 tes
1321 2589 1444 2623 dilectis
1461 2589 1533 2622 tiliis
1553 2588 1712 2622 modernis
1732 2593 1763 2622 et
1790 2599 1849 2632 pro
1862 2594 2004 2633 tempore

1264 2643 1468 2676 existentibus
1491 2642 1631 2676 eiusdem
1657 2642 1685 2675 S.
1713 2643 1745 2675 ll.
1764 2642 1796 2675 E.
1816 2643 2003 2684 camerario,

491 2692 568 2723 alias¹
584 2693 694 2735 quovis
707 2694 811 2734 ruodo,
828 2695 959 2728 arbitrio
979 2695 1080 2727 «lictae
1101 2705 1231 2738 congre·
1245 2713 1249 2738 t
1265 2696 1518 2736 viceeamerariO,
1528 2695 1724 2729 thesaurario
1737 2701 1768 2729 et
1781 2695 1904 2730 clericis
1916 2706 2004 2740 prae-

2010 289 2101 317 An.c.
2126 288 2193 318 ¹622

2061 670 2198 694 Quiountiae

2013 697 2134 718 huiusmodi
2161 703 2198 718 an-

2013 724 2074 745 nulos
2098 723 2197 745 solventi-

2013 751 2051 772 bus
2066 750 2185 772 faciendae.
