2293 3231
240 296 289 323 An.
306 296 334 324 C.
354 296 421 324 1616

277 570 369 590 Vivarm.
386 570 421 588 flul-

240 595 281 616 sim*
303 597 326 615 ti*
338 600 385 616 uun
398 604 422 614 11·

240 623 364 643 nun-rmus
394 624 422 642 ‹li-

241 651 287 669 e-tae
307 650 424 674 ‹It-uptun·

241 676 301 695 tt..m‚-
312 682 423 700 quaecum

241 707 281 727 que
311 708 348 726 pro
379 708 423 722 eius

240 731 423 753 rosunum-tatum

240 759 266 774 ro
276 762 280 773 i
290 754 352 776 lensii,
362 762 380 774 ιιι
390 761 422 779 ge<

240 781 305 801 lberali
315 783 336 801 ¹2
345 788 414 802 neura

241 810 306 832 patine
347 809 423 827 tensi-›r-

240 839 306 853 nen-i
346 840 421 854 vlam!-

241 860 318 881 iunda.
336 860 423 881 saeuum

240 890 280 906 um
297 887 376 907 imbue.

298 2056 424 2083 Sum-{dicta

242 2089 312 2105 omnia
341 2085 426 2105 innuta-

242 2111 315 2132 biliter
356 2111 425 2132 obser-

244 2138 287 2158 vari
302 2141 412 2164 praecipit.

466 288 530 323 3:12

1037 302 1215 326 BELLARtL'M
1239 303 1393 328 nonme!

440 358 496 390 pus
520 352 547 378 et
573 347 640 378 eius
665 357 862 380 successores
887 348 1107 391 Hispaniarum
1135 360 1178 381 re·
1211 355 1335 386 statuta,
1352 350 1476 383 decreta
1505 357 1532 383 et
1557 352 1710 388 ordinata,
1737 353 1776 385 ab
1800 353 1948 385 omnibus

439 410 514 438 με,
550 410 641 441 quem
678 399 855 435 maluerint,
879 400 908 432 in
941 400 1085 433 abbatem
1122 412 1177 435 no-

440 451 558 483 minare
583 451 712 494 possint,
737 457 829 494 prout
851 457 879 484 et
901 452 980 487 sicut
1009 458 1097 487 antea
1125 464 1179 488 no—

440 503 606 536 minabant.

484 559 497 596 §
522 556 572 588 20.
607 557 780 598 Praeterea,
801 564 844 598 ut,
869 569 926 602 pro
949 558 1029 592 felici
1054 565 1083 592 et
1107 571 1179 604 pro-

440 611 529 652 spera
554 610 812 652 Congregationis
828 611 1004 654 praedictae
1032 613 1178 657 illiusque

441 663 704 695 monasteriorum
719 668 747 697 et
761 674 966 707 personarum
995 665 1178 704 directione,

440 714 592 757 regimine
617 721 643 748 et
670 716 835 759 gubernio,
853 718 988 752 vicarius
1011 720 1178 762 generalis,

439 767 622 801 dillinitores
647 774 675 801 et
702 769 875 804 visitatores
899 771 1060 815 praedicti,
1081 773 1111 805 in
1131 784 1178 806 ca-

438 820 536 863 pitulo
550 823 688 864 generali
698 823 820 867 singulo
834 836 958 869 quoque
972 826 1178 870 quadriennio

438 874 639 916 celebrando,
664 888 882 922 quaecumque
909 885 1032 919 statuta,
1056 880 1179 914 ordina-

439 927 538 960 tiones
563 933 591 962 et
616 929 752 970 decreta,
774 932 932 966 salubrem
958 933 1179 976 Congregatio-

438 980 486 1013 nis
517 986 544 1014 et
578 981 660 1015 illius
697 986 961 1018 monasteriorum
998 986 1178 1020 huiusmodi

438 1038 562 1075 statum,
579 1036 834 1070 reformationem
851 1042 880 1072 ct
901 1038 1090 1082 guber-nium
1107 1049 1180 1073 con-

438 1087 597 1122 cernentia
621 1089 717 1131 (licita
743 1094 845 1124 tamen
870 1097 897 1124 et
924 1092 1066 1132 honesta,
1083 1102 1118 1125 ac
1135 1102 1180 1125 sa-

439 1140 500 1173 cris
517 1141 688 1175 canonibus
705 1147 733 1175 ct
755 1143 1030 1177 constitutionibus
1055 1149 1179 1188 aposto-

440 1193 516 1234 licis,
533 1204 590 1227 nec
608 1204 669 1228 non
693 1196 822 1229 (jone-ilii
846 1196 1018 1230 Tridentini
1035 1197 1179 1237 decretis,

440 1252 468 1279 et
486 1247 584 1291 ipsius
599 1248 725 1282 Ordinis
742 1250 941 1292 regularibus
958 1250 1106 1284 institutis
1126 1251 1181 1284 mi-

441 1301 524 1334 nime
545 1302 713 1343 contraria,
742 1309 768 1335 et
799 1303 838 1336 ab
863 1304 1021 1345 omnibus,
1039 1304 1076 1336 ad
1101 1315 1181 1348 quos

441 1356 677 1398 quomodolibet
701 1358 861 1401 spectabit,
887 1358 1108 1392 inviolabiliter
1129 1360 1181 1393 ob-

443 1410 602 1447 servanda,
625 1411 654 1443 iu
673 1411 756 1444 (licto
774 1417 877 1444 tamen
890 1413 1027 1456 capitulo
1041 1414 1179 1456 generali

441 1462 565 1496 Ordinis
585 1464 798 1498 Cistereieusis
818 1466 1042 1509 praesentanda
1063 1471 1091 1499 et
1113 1478 1180 1500 exa-

442 1516 586 1549 minanda
611 1528 645 1549 ac
671 1518 886 1562 zqiprobanda)
907 1519 1042 1552 condere
1057 1547 1064 1559 ,
1089 1524 1180 1564 atque

441 1570 551 1609 edere,
578 1571 707 1615 ipsaque
732 1573 775 1605 sic
800 1573 922 1606 condita
950 1579 976 1605 et
1003 1573 1094 1614 edita,
1123 1584 1180 1618 pro

443 1634 560 1664 rerum,
578 1629 754 1668 temporum
769 1631 796 1658 et
813 1636 1020 1669 personarum
1035 1627 1180 1670 qualitate

442 1683 469 1709 ct
492 1677 713 1718 vicissitudine,
739 1685 831 1723 prout
856 1679 940 1712 dicto
965 1681 1102 1724 capitulo
1126 1692 1180 1724 ge-

442 1731 538 1763 nerali
566 1731 665 1765 visum
691 1733 794 1768 fuerit,
818 1733 995 1773 iuunutare,
1020 1734 1181 1776 corrigere

441 1790 466 1816 ct
489 1785 516 1817 in
536 1786 647 1819 melius
668 1787 851 1827 reformare,
873 1798 995 1821 cassare
1013 1794 1041 1821 et
1059 1788 1181 1832 penitus

441 1850 494 1870 seu
521 1839 550 1871 in
575 1844 662 1883 parte
687 1840 823 1879 abolere,
841 1846 866 1873 ct
893 1840 1017 1874 illorum
1036 1841 1105 1874 loeo
1122 1841 1181 1874 alia

440 1891 478 1923 tle
503 1904 582 1925 noro
607 1893 700 1925 edere
725 1899 751 1925 et
780 1894 915 1926 condere
940 1894 1039 1927 libere
1055 1899 1082 1928 el
1100 1895 1181 1929 licite

442 1947 557 1989 possint
584 1953 610 1978 et
639 1948 755 1980 valeant
775 1975 782 1988 ,
811 1948 995 1981 auctoritate
1020 1951 1050 1981 et
1074 1952 1181 1982 tenore

442 1999 618 2042 praedictis,
637 2000 838 2034 coneediuius
865 2006 893 2032 et
920 2000 1129 2043 indulgemus.

486 2055 500 2093 ,ξ
518 2052 567 2085 21.
589 2054 725 2097 lienique
740 2054 850 2095 (salvis
865 2059 892 2085 et
906 2053 1006 2086 tirmis
1020 2064 1184 2087 remanen—

444 2106 524 2138 tibus
539 2118 593 2149 per
608 2117 664 2139 nos
678 2106 846 2150 dispositis,
857 2106 978 2140 statutis
990 2112 1018 2139 et
1034 2106 1181 2150 decretis)

441 2169 551 2191 <mines
573 2163 599 2193 el
624 2160 763 2203 singulas
795 2160 1009 2193 ordinationes
1037 2161 1182 2204 superius

441 2213 582 2253 insertas,
600 2219 626 2246 et
645 2225 661 2246 a
678 2213 816 2257 capitulo
841 2213 978 2255 generali
1004 2213 1132 2257 pariter,
1150 2219 1181 2247 ut

442 2268 628 2310 praefertur,
647 2267 867 2311 praescriptas,
885 2267 1070 2300 auctoritaie
1095 2272 1125 2300 et
1141 2273 1182 2301 te-

441 2332 516 2353 nore
549 2321 730 2364 praemissis
754 2321 969 2364 :qwrobamus
1001 2326 1029 2353 et
1059 2322 1178 2354 contir-

441 2384 573 2411 mamus,
592 2373 715 2416 illisque
739 2378 909 2417 perpetuae
938 2379 967 2405 et
995 2373 1182 2407 inviolabilis

440 2427 596 2461 firmitatis
619 2427 717 2461 robur
748 2427 930 2467 adiicimus,
955 2437 1127 2471 omnesque
1151 2432 1179 2460 et

440 2480 590 2523 singulos,
605 2487 667 2514 tam
686 2481 761 2514 iuris
781 2492 874 2525 quam
889 2481 970 2521 facti,
983 2491 1018 2514 ae
1036 2481 1181 2514 solemni-

441 2538 537 2567 tatum
563 2535 655 2567 etiam
681 2535 882 2578 quantunuis
907 2535 1179 2575 substantialium,

441 2587 596 2626 desectus,
621 2588 645 2619 si
669 2588 740 2631 quis
764 2590 867 2621 forsan
892 2587 1027 2632 desuper
1051 2598 1181 2632 quomo-

446 2639 559 2673 dolibet
588 2640 822 2682 intervenerint,
847 2642 1036 2686 supplemus.
1061 2642 1104 2675 Ac
1128 2653 1179 2675 su·

1212 407 1240 434 et
1265 402 1407 445 singulis,
1432 403 1470 436 ad
1495 415 1574 447 quos
1598 410 1715 448 spectat
1739 409 1768 439 et
1792 416 1850 449 pro
1875 410 1949 438 tem-

1212 465 1288 499 pore
1306 456 1541 500 quomodolibet
1560 457 1722 500 spectabit,
1735 463 1888 502 perpetuo
1899 458 1949 491 sn·-

1212 508 1304 541 mitcr
1324 512 1353 542 et
1378 509 1597 543 inviolabiliter
1616 510 1776 544 observari
1801 516 1828 544 et
1854 510 1949 544 adim—

1212 561 1290 604 pleri
1308 561 1440 597 debere:

1256 614 1271 655 ᾗ
1295 614 1345 646 12⁸2.
1373 614 1616 659 l‘raesentesque
1642 616 1759 649 litteras
1782 617 1868 650 nullo
1896 627 1948 650 un-

1211 676 1304 709 quam
1319 671 1459 710 tempore
1477 667 1515 701 de
1531 668 1683 702 nullitatis
1699 669 1773 702 vitio
1789 669 1896 707 (etiam
1911 681 1947 703 ex

1211 730 1258 759 eo,
1273 720 1356 764 quod
1374 731 1497 758 causae,
1514 727 1644 765 propter
1659 733 1737 766 quas
1753 727 1949 763 emanarunt,

1211 783 1316 806 coram
1344 774 1485 808 locorum
1509 774 1692 816 (Ji-dinariis,
1709 781 1761 809 aut
1777 775 1854 816 aliis,
1868 776 1949 810 veri-

1211 826 1320 859 ficatae
1334 832 1361 860 et
1380 828 1580 871 approbatae,
1598 829 1644 861 vel
1670 828 1820 863 interesse
1835 829 1951 862 liaben-

1212 885 1258 912 tes
1283 881 1328 913 rel
1354 881 1593 924 praetendentes
1611 882 1710 916 vocati
1735 892 1797 915 non
1822 882 1950 925 fuerint)

1212 933 1324 973 notari,
1353 933 1541 977 impugnari,
1569 934 1752 975 invalidari,
1780 934 1812 968 in
1832 934 1880 968 ius
1903 935 1951 967 vel

1213 987 1459 1020 controversiam
1492 988 1616 1028 vocari,
1643 999 1697 1022 seu
1726 988 1764 1021 ad
1801 987 1951 1022 terminos

1213 1038 1290 1072 iuris
1310 1040 1428 1079 reduci,
1449 1046 1502 1073 aut
1519 1042 1669 1075 adversus
1694 1041 1762 1074 illas
1781 1041 1951 1085 quodcum-

1213 1101 1272 1133 que
1290 1091 1377 1127 iuris.
1397 1092 1516 1134 gratiae
1536 1093 1582 1125 vel
1608 1093 1680 1125 facti
1706 1092 1880 1126 remedium
1897 1092 1952 1125 irn-

1215 1144 1341 1187 petrari‚
1355 1154 1456 1188 neque
1476 1145 1533 1177 sub
1558 1144 1719 1188 quibusvis
1735 1144 1886 1178 similium
1904 1145 1950 1178 vel

1213 1196 1412 1230 dissimilium
1426 1198 1599 1240 gratiarum
1613 1198 1874 1238 revocationibus,
1888 1208 1952 1231 sus-

1214 1250 1428 1294 pensionibus.
1453 1252 1748 1292 moditieationibus,
1772 1251 1950 1295 derogatio-

1214 1304 1314 1341 nibus,
1333 1309 1383 1338 aut
1408 1305 1477 1337 aliis
1501 1305 1667 1338 contrariis
1683 1304 1950 1348 dispositionibus,

1214 1357 1306 1389 etiam
1334 1368 1389 1400 per
1414 1368 1481 1393 nos,
1499 1358 1545 1389 rel
1570 1367 1786 1401 quoscumque
1802 1358 1878 1391 alios
1897 1359 1952 1391 llo-

1215 1421 1324 1443 mauos
1349 1411 1512 1445 l‘ontitices
1537 1422 1735 1445 successores
1759 1417 1894 1451 nostros,
1911 1411 1953 1444 di-

1214 1469 1360 1507 etamque
1391 1464 1512 1500 Sedem,
1538 1465 1630 1497 etiam
1656 1465 1686 1497 in
1711 1466 1881 1498 erastinum
1904 1476 1950 1498 as-

1215 1518 1401 1561 sumptionis
1413 1519 1596 1551 eorumdem
1608 1529 1826 1552 suceessorum
1839 1519 1953 1552 summi

1214 1571 1252 1603 ad
1277 1572 1469 1615 apostolatus
1504 1573 1645 1615 apicem,
1672 1573 1717 1605 vel
1750 1573 1836 1613 alias,
1859 1573 1952 1607 etiam

1216 1631 1302 1659 motu
1319 1626 1458 1668 proprio,
1477 1637 1511 1659 ac
1528 1627 1621 1660 eliam
1640 1627 1908 1667 consisttwialiter,
1924 1632 1951 1660 et

1215 1679 1252 1710 (le
1278 1685 1401 1712 sanetae
1433 1680 1589 1712 Romanae
1622 1680 1777 1712 Ecclesiae
1810 1680 1953 1712 cardina-

1217 1732 1291 1765 lium
1318 1744 1374 1776 pro
1406 1738 1547 1777 tempore
1578 1733 1775 1766 existentium
1801 1733 1952 1772 consilio,

1216 1786 1273 1818 sul»
1290 1786 1541 1829 quilniscumque
1560 1786 1721 1818 tenoribus
1738 1791 1766 1818 et
1785 1786 1952 1819 verborum

1216 1841 1335 1880 formis,
1345 1852 1379 1873 ae
1390 1852 1425 1872 ex
1441 1841 1603 1885 quibusvis
1617 1840 1728 1875 causis.
1740 1850 1797 1883 pro
1812 1845 1953 1883 tempore

1216 1893 1374 1933 faciendis,
1391 1893 1511 1926 etiamsi
1534 1893 1571 1925 de
1589 1893 1648 1925 illis
1668 1904 1702 1925 ae
1727 1893 1844 1926 eisdem
1870 1903 1955 1936 prae-

1216 1947 1365 1981 sentibus,
1384 1946 1629 1989 earumdemque
1648 1951 1711 1979 toto
1730 1951 1837 1979 tenore
1853 1957 1887 1979 ac
1905 1945 1955 1978 da-

1217 1999 1254 2031 tis
1279 1999 1432 2043 specialis,
1450 1998 1593 2042 specifica
1620 2003 1648 2030 et
1674 2009 1834 2042 expressa,
1858 2009 1893 2031 ac.
1916 1998 1954 2032 de

1216 2052 1312 2085 verbo
1336 2052 1373 2083 ad
1399 2051 1528 2084 verbum
1556 2051 1672 2084 mentio
1698 2052 1760 2091 liat,
1778 2052 1954 2084 nullatenus

1216 2105 1452 2149 comprehendi,
1467 2105 1518 2138 sed
1533 2115 1659 2148 semper
1676 2105 1714 2137 ab
1728 2104 1788 2137 illis
1800 2108 1954 2148 exceptas.

1216 2164 1241 2190 et
1270 2158 1392 2202 quoties
1417 2158 1487 2191 illae
1512 2158 1712 2198 emanabunt,
1730 2157 1820 2191 toties
1845 2157 1875 2190 in
1895 2157 1955 2201 pri-

1216 2213 1330 2245 stinum
1361 2218 1386 2246 et
1415 2211 1651 2249 validissimum,
1676 2217 1703 2244 et
1729 2222 1811 2250 eum,
1837 2210 1867 2244 in
1892 2221 1954 2254 quo

1216 2272 1382 2311 antequam
1409 2269 1588 2298 emanarent
1611 2270 1710 2304 erant,
1728 2267 1842 2298 statum
1868 2263 1955 2297 resti-

1216 2325 1313 2357 tutas,
1343 2319 1494 2363 repositas
1519 2324 1546 2351 et
1572 2318 1713 2362 plenarie
1737 2317 1953 2360 reintegratas,

1215 2384 1249 2405 ac
1264 2373 1301 2405 «le
1319 2384 1399 2406 noro
1412 2372 1504 2406 etiam
1522 2371 1580 2404 sub
1589 2380 1786 2415 quacumque
1799 2369 1881 2410 data,
1897 2380 1954 2413 per

1216 2427 1377 2463 vicarium,
1406 2426 1591 2460 diffinitores
1615 2430 1643 2458 et
1669 2423 1843 2457 visitatores
1867 2434 1954 2467 prac-

1214 2481 1325 2520 (lictos‚
1343 2481 1389 2513 rel
1407 2489 1623 2524 quoscumque
1641 2477 1718 2511 alios
1735 2477 1885 2509 interesse
1903 2477 1954 2510 lia-

1214 2533 1323 2566 bentes
1360 2532 1523 2576 eligenda,
1555 2540 1739 2566 concessas,
1765 2540 1953 2572 semperque

1214 2585 1331 2619 validas
1355 2589 1383 2619 et
1409 2584 1550 2618 efficaces
1573 2584 1639 2615 fore
1664 2587 1691 2615 et
1718 2592 1795 2616 esse.
1816 2592 1952 2626 suosque

1213 2638 1371 2683 plenarios
1395 2643 1424 2670 et
1449 2637 1587 2679 integros
1612 2636 1740 2668 effectus
1766 2635 1889 2675 sortiri,
1917 2646 1951 2668 ac

1961 304 2009 332 An.
2027 303 2056 331 C.
2077 303 2145 332 1616

1990 629 2099 650 cumulas
2109 629 2146 651 lin-

1964 662 1995 677 ius
2027 656 2146 677 concessit·-

1963 688 1995 703 ηις
2005 682 2147 709 pue-emu-

1965 715 2001 729 ως
2015 709 2110 735 apponit.

441 2693 581 2737 pradicta
605 2695 720 2733 onmia,
749 2700 778 2727 ut
805 2695 992 2738 praefertur,
1020 2695 1180 2739 disposita,
1213 2691 1340 2732 vicario,
1354 2689 1576 2724 diffinitoribus
1593 2694 1619 2722 et
1639 2687 1858 2729 visitatoribus,
1873 2687 1953 2722 aliis·
2000 2707 2016 2722 ο
