<?xml version="1.0" encoding="UTF-8"?>
<!DOCTYPE html PUBLIC "-//W3C//DTD XHTML 1.0 Transitional//EN"
    "http://www.w3.org/TR/xhtml1/DTD/xhtml1-transitional.dtd">
<html xmlns="http://www.w3.org/1999/xhtml" xml:lang="en" lang="en">
 <head>
  <title>
</title>
<meta http-equiv="Content-Type" content="text/html;charset=utf-8" />
  <meta name='ocr-system' content='tesseract 3.04.00' />
  <meta name='ocr-capabilities' content='ocr_page ocr_carea ocr_par ocr_line ocrx_word'/>
</head>
<body>
  <div class='ocr_page' id='page_1' title='image "./bullarumdiplomat12cath_0128.png"; bbox 0 0 2293 3231; ppageno 0'>
   <div class='ocr_carea' id='block_1_1' title="bbox 284 275 557 313">
    <p class='ocr_par' dir='ltr' id='par_1_1' title="bbox 284 275 557 313">
     <span class='ocr_line' id='line_1_1' title="bbox 284 275 557 313; baseline -0.022 0"><span class='ocrx_word' id='word_1_1' title='bbox 284 287 333 313; x_wconf 68' lang='lat' dir='ltr'>An.</span> <span class='ocrx_word' id='word_1_2' title='bbox 354 284 383 312; x_wconf 67' lang='grc' dir='ltr'>«ι.</span> <span class='ocrx_word' id='word_1_3' title='bbox 403 283 468 311; x_wconf 71' lang='lat'><strong>¹6¹2</strong></span> <span class='ocrx_word' id='word_1_4' title='bbox 514 275 557 308; x_wconf 77' lang='grc'>90</span> 
     </span>
    </p>
   </div>
   <div class='ocr_carea' id='block_1_2' title="bbox 485 325 1249 2411">
    <p class='ocr_par' dir='ltr' id='par_1_2' title="bbox 485 325 1249 2411">
     <span class='ocr_line' id='line_1_2' title="bbox 485 325 1231 375; baseline -0.013 -9"><span class='ocrx_word' id='word_1_5' title='bbox 485 332 579 366; x_wconf 91' lang='lat' dir='ltr'>etiam</span> <span class='ocrx_word' id='word_1_6' title='bbox 604 336 716 375; x_wconf 83' lang='lat' dir='ltr'>sponte</span> <span class='ocrx_word' id='word_1_7' title='bbox 740 329 833 362; x_wconf 82' lang='lat' dir='ltr'>dante</span> <span class='ocrx_word' id='word_1_8' title='bbox 864 327 1029 361; x_wconf 72' lang='lat' dir='ltr'>occasione</span> <span class='ocrx_word' id='word_1_9' title='bbox 1055 325 1231 369; x_wconf 81' lang='lat' dir='ltr'>praemissa</span> 
     </span>
     <span class='ocr_line' id='line_1_3' title="bbox 486 379 1233 429; baseline -0.013 -10"><span class='ocrx_word' id='word_1_10' title='bbox 486 386 648 429; x_wconf 80' lang='lat' dir='ltr'>recipere,</span> <span class='ocrx_word' id='word_1_11' title='bbox 674 383 728 417; x_wconf 72' lang='lat' dir='ltr'>setl</span> <span class='ocrx_word' id='word_1_12' title='bbox 759 383 817 415; x_wconf 89' lang='lat' dir='ltr'>sint</span> <span class='ocrx_word' id='word_1_13' title='bbox 849 387 877 414; x_wconf 77' lang='lat' dir='ltr'>ct</span> <span class='ocrx_word' id='word_1_14' title='bbox 905 390 973 413; x_wconf 88' lang='lat' dir='ltr'>esse</span> <span class='ocrx_word' id='word_1_15' title='bbox 1001 379 1137 411; x_wconf 84' lang='lat' dir='ltr'>debeant</span> <span class='ocrx_word' id='word_1_16' title='bbox 1161 387 1233 411; x_wconf 89' lang='lat' dir='ltr'>con-</span> 
     </span>
     <span class='ocr_line' id='line_1_4' title="bbox 487 431 1234 475; baseline -0.011 -4"><span class='ocrx_word' id='word_1_17' title='bbox 487 438 563 472; x_wconf 87' lang='lat' dir='ltr'>tenti</span> <span class='ocrx_word' id='word_1_18' title='bbox 588 437 693 470; x_wconf 70' lang='lat' dir='ltr'>debita</span> <span class='ocrx_word' id='word_1_19' title='bbox 725 436 770 468; x_wconf 88' lang='lat' dir='ltr'>eis</span> <span class='ocrx_word' id='word_1_20' title='bbox 795 433 941 467; x_wconf 84' lang='lat' dir='ltr'>mercede</span> <span class='ocrx_word' id='word_1_21' title='bbox 967 432 1088 475; x_wconf 75' lang='lat' dir='ltr'>rogitus</span> <span class='ocrx_word' id='word_1_22' title='bbox 1119 431 1234 464; x_wconf 90' lang='lat' dir='ltr'>instru-</span> 
     </span>
     <span class='ocr_line' id='line_1_5' title="bbox 488 487 1186 534; baseline -0.01 -9"><span class='ocrx_word' id='word_1_23' title='bbox 488 493 595 529; x_wconf 81' lang='lat' dir='ltr'>menti,</span> <span class='ocrx_word' id='word_1_24' title='bbox 621 492 645 523; x_wconf 86' lang='lat' dir='ltr'>si</span> <span class='ocrx_word' id='word_1_25' title='bbox 671 490 754 534; x_wconf 86' lang='lat' dir='ltr'>quod</span> <span class='ocrx_word' id='word_1_26' title='bbox 779 489 817 521; x_wconf 85' lang='lat' dir='ltr'>ab</span> <span class='ocrx_word' id='word_1_27' title='bbox 842 488 886 521; x_wconf 90' lang='lat' dir='ltr'>eis</span> <span class='ocrx_word' id='word_1_28' title='bbox 912 487 1004 519; x_wconf 85' lang='lat' dir='ltr'>suerit</span> <span class='ocrx_word' id='word_1_29' title='bbox 1030 491 1186 529; x_wconf 76' lang='lat' dir='ltr'>rogatum.</span> 
     </span>
     <span class='ocr_line' id='line_1_6' title="bbox 533 539 1234 584; baseline -0.01 -6"><span class='ocrx_word' id='word_1_30' title='bbox 533 546 583 578; x_wconf 51' lang='lat'>4:1³..</span> <span class='ocrx_word' id='word_1_31' title='bbox 598 544 756 584; x_wconf 76' lang='lat' dir='ltr'>Quaelibet</span> <span class='ocrx_word' id='word_1_32' title='bbox 772 543 979 575; x_wconf 86' lang='lat' dir='ltr'>instrumenta</span> <span class='ocrx_word' id='word_1_33' title='bbox 994 539 1234 573; x_wconf 78' lang='lat' dir='ltr'><strong>subscribantur</strong></span> 
     </span>
     <span class='ocr_line' id='line_1_7' title="bbox 488 593 1235 638; baseline -0.009 -6"><span class='ocrx_word' id='word_1_34' title='bbox 488 600 526 632; x_wconf 83' lang='lat' dir='ltr'>ab</span> <span class='ocrx_word' id='word_1_35' title='bbox 550 609 588 631; x_wconf 80' lang='lat' dir='ltr'>eo</span> <span class='ocrx_word' id='word_1_36' title='bbox 614 596 782 629; x_wconf 84' lang='lat' dir='ltr'>substituto</span> <span class='ocrx_word' id='word_1_37' title='bbox 807 595 859 638; x_wconf 88' lang='lat' dir='ltr'>qui</span> <span class='ocrx_word' id='word_1_38' title='bbox 886 594 939 626; x_wconf 91' lang='lat' dir='ltr'>illa</span> <span class='ocrx_word' id='word_1_39' title='bbox 963 593 1109 633; x_wconf 75' lang='lat' dir='ltr'>confecit,</span> <span class='ocrx_word' id='word_1_40' title='bbox 1138 602 1235 637; x_wconf 88' lang='lat' dir='ltr'>appo-</span> 
     </span>
     <span class='ocr_line' id='line_1_8' title="bbox 488 647 1235 691; baseline -0.011 -5"><span class='ocrx_word' id='word_1_41' title='bbox 488 652 592 686; x_wconf 85' lang='lat' dir='ltr'>nendo</span> <span class='ocrx_word' id='word_1_42' title='bbox 616 660 732 683; x_wconf 88' lang='lat' dir='ltr'>nomen</span> <span class='ocrx_word' id='word_1_43' title='bbox 756 655 784 682; x_wconf 92' lang='lat' dir='ltr'>et</span> <span class='ocrx_word' id='word_1_44' title='bbox 803 657 981 691; x_wconf 75' lang='lat' dir='ltr'>cognomen</span> <span class='ocrx_word' id='word_1_45' title='bbox 995 657 1086 680; x_wconf 89' lang='lat' dir='ltr'>suum</span> <span class='ocrx_word' id='word_1_46' title='bbox 1105 647 1136 679; x_wconf 93' lang='lat' dir='ltr'>in</span> <span class='ocrx_word' id='word_1_47' title='bbox 1154 657 1235 679; x_wconf 91' lang='lat' dir='ltr'>mar-</span> 
     </span>
     <span class='ocr_line' id='line_1_9' title="bbox 489 702 892 749; baseline -0.01 -11"><span class='ocrx_word' id='word_1_48' title='bbox 489 706 560 749; x_wconf 72' lang='lat' dir='ltr'>gine</span> <span class='ocrx_word' id='word_1_49' title='bbox 585 705 656 737; x_wconf 86' lang='lat' dir='ltr'>linis</span> <span class='ocrx_word' id='word_1_50' title='bbox 681 702 892 736; x_wconf 75' lang='lat' dir='ltr'>instrumenti.</span> 
     </span>
     <span class='ocr_line' id='line_1_10' title="bbox 532 754 1236 799; baseline -0.009 -8"><span class='ocrx_word' id='word_1_51' title='bbox 532 758 584 792; x_wconf 71' lang='lat'>43.</span> <span class='ocrx_word' id='word_1_52' title='bbox 611 758 821 790; x_wconf 87' lang='lat' dir='ltr'>lnstrumenta</span> <span class='ocrx_word' id='word_1_53' title='bbox 839 765 965 799; x_wconf 84' lang='lat' dir='ltr'>quoque</span> <span class='ocrx_word' id='word_1_54' title='bbox 984 755 1015 787; x_wconf 91' lang='lat' dir='ltr'>in</span> <span class='ocrx_word' id='word_1_55' title='bbox 1028 754 1092 787; x_wconf 92' lang='lat' dir='ltr'>suis</span> <span class='ocrx_word' id='word_1_56' title='bbox 1109 763 1236 786; x_wconf 88' lang='lat' dir='ltr'>manua-</span> 
     </span>
     <span class='ocr_line' id='line_1_11' title="bbox 490 807 1233 845; baseline -0.008 0"><span class='ocrx_word' id='word_1_57' title='bbox 490 812 571 845; x_wconf 89' lang='lat' dir='ltr'>libus</span> <span class='ocrx_word' id='word_1_58' title='bbox 595 811 704 844; x_wconf 89' lang='lat' dir='ltr'>dietim</span> <span class='ocrx_word' id='word_1_59' title='bbox 724 809 933 843; x_wconf 81' lang='lat' dir='ltr'>extendantur</span> <span class='ocrx_word' id='word_1_60' title='bbox 957 813 987 841; x_wconf 87' lang='lat' dir='ltr'>et</span> <span class='ocrx_word' id='word_1_61' title='bbox 1004 807 1233 840; x_wconf 81' lang='lat' dir='ltr'>describantur.</span> 
     </span>
     <span class='ocr_line' id='line_1_12' title="bbox 533 861 1235 907; baseline -0.007 -9"><span class='ocrx_word' id='word_1_62' title='bbox 533 865 586 898; x_wconf 66' lang='lat' dir='ltr'>lili.</span> <span class='ocrx_word' id='word_1_63' title='bbox 612 865 823 898; x_wconf 72' lang='lat' dir='ltr'>Instrumenta</span> <span class='ocrx_word' id='word_1_64' title='bbox 855 872 1094 907; x_wconf 85' lang='lat' dir='ltr'>quaecumque,</span> <span class='ocrx_word' id='word_1_65' title='bbox 1119 861 1158 893; x_wconf 87' lang='lat' dir='ltr'>ab</span> <span class='ocrx_word' id='word_1_66' title='bbox 1189 861 1235 894; x_wconf 90' lang='lat' dir='ltr'>eis</span> 
     </span>
     <span class='ocr_line' id='line_1_13' title="bbox 490 915 1235 962; baseline -0.008 -10"><span class='ocrx_word' id='word_1_67' title='bbox 490 923 610 962; x_wconf 77' lang='lat' dir='ltr'>rogata,</span> <span class='ocrx_word' id='word_1_68' title='bbox 628 917 742 951; x_wconf 88' lang='lat' dir='ltr'>notarii</span> <span class='ocrx_word' id='word_1_69' title='bbox 766 916 899 950; x_wconf 89' lang='lat' dir='ltr'>debeant</span> <span class='ocrx_word' id='word_1_70' title='bbox 926 915 1005 948; x_wconf 78' lang='lat' dir='ltr'>infra</span> <span class='ocrx_word' id='word_1_71' title='bbox 1022 919 1087 947; x_wconf 87' lang='lat' dir='ltr'>tres</span> <span class='ocrx_word' id='word_1_72' title='bbox 1111 924 1235 947; x_wconf 88' lang='lat' dir='ltr'>menses</span> 
     </span>
     <span class='ocr_line' id='line_1_14' title="bbox 491 966 1234 1006; baseline -0.009 0"><span class='ocrx_word' id='word_1_73' title='bbox 491 984 508 1006; x_wconf 86' lang='lat' dir='ltr'>a</span> <span class='ocrx_word' id='word_1_74' title='bbox 527 972 576 1006; x_wconf 89' lang='lat' dir='ltr'>die</span> <span class='ocrx_word' id='word_1_75' title='bbox 591 970 741 1004; x_wconf 87' lang='lat' dir='ltr'>celebrati</span> <span class='ocrx_word' id='word_1_76' title='bbox 765 974 946 1003; x_wconf 85' lang='lat' dir='ltr'>contractus</span> <span class='ocrx_word' id='word_1_77' title='bbox 961 968 1009 1001; x_wconf 76' lang='lat' dir='ltr'>rel</span> <span class='ocrx_word' id='word_1_78' title='bbox 1034 966 1234 1000; x_wconf 77' lang='lat' dir='ltr'>instrumenti</span> 
     </span>
     <span class='ocr_line' id='line_1_15' title="bbox 492 1020 1236 1068; baseline -0.008 -8"><span class='ocrx_word' id='word_1_79' title='bbox 492 1027 525 1060; x_wconf 93' lang='lat' dir='ltr'>in</span> <span class='ocrx_word' id='word_1_80' title='bbox 544 1026 672 1066; x_wconf 87' lang='lat' dir='ltr'>librum,</span> <span class='ocrx_word' id='word_1_81' title='bbox 690 1035 784 1068; x_wconf 87' lang='lat' dir='ltr'>quem</span> <span class='ocrx_word' id='word_1_82' title='bbox 802 1024 904 1057; x_wconf 76' lang='lat' dir='ltr'>sileain</span> <span class='ocrx_word' id='word_1_83' title='bbox 926 1027 1048 1062; x_wconf 72' lang='lat' dir='ltr'>vocant,</span> <span class='ocrx_word' id='word_1_84' title='bbox 1066 1020 1236 1064; x_wconf 72' lang='lat' dir='ltr'>redegisse,</span> 
     </span>
     <span class='ocr_line' id='line_1_16' title="bbox 492 1074 1236 1123; baseline -0.009 -10"><span class='ocrx_word' id='word_1_85' title='bbox 492 1081 540 1114; x_wconf 73' lang='lat' dir='ltr'>vel</span> <span class='ocrx_word' id='word_1_86' title='bbox 566 1080 598 1112; x_wconf 91' lang='lat' dir='ltr'>in</span> <span class='ocrx_word' id='word_1_87' title='bbox 623 1078 856 1123; x_wconf 87' lang='lat' dir='ltr'>protocollum,</span> <span class='ocrx_word' id='word_1_88' title='bbox 889 1076 973 1120; x_wconf 89' lang='lat' dir='ltr'>quod</span> <span class='ocrx_word' id='word_1_89' title='bbox 1008 1075 1060 1108; x_wconf 89' lang='lat' dir='ltr'>alii</span> <span class='ocrx_word' id='word_1_90' title='bbox 1092 1074 1236 1107; x_wconf 79' lang='lat' dir='ltr'>manuale</span> 
     </span>
     <span class='ocr_line' id='line_1_17' title="bbox 491 1128 1237 1176; baseline -0.011 -8"><span class='ocrx_word' id='word_1_91' title='bbox 491 1140 696 1168; x_wconf 82' lang='lat' dir='ltr'>extensorum</span> <span class='ocrx_word' id='word_1_92' title='bbox 728 1131 909 1176; x_wconf 83' lang='lat' dir='ltr'>appellant,</span> <span class='ocrx_word' id='word_1_93' title='bbox 934 1128 1141 1172; x_wconf 79' lang='lat' dir='ltr'>descripsisse</span> <span class='ocrx_word' id='word_1_94' title='bbox 1166 1138 1237 1160; x_wconf 91' lang='lat' dir='ltr'>cum</span> 
     </span>
     <span class='ocr_line' id='line_1_18' title="bbox 492 1182 1240 1227; baseline -0.009 -6"><span class='ocrx_word' id='word_1_95' title='bbox 492 1198 550 1222; x_wconf 92' lang='lat' dir='ltr'>suo</span> <span class='ocrx_word' id='word_1_96' title='bbox 574 1187 688 1220; x_wconf 87' lang='lat' dir='ltr'>indice.</span> <span class='ocrx_word' id='word_1_97' title='bbox 715 1186 783 1219; x_wconf 78' lang='lat' dir='ltr'>Non</span> <span class='ocrx_word' id='word_1_98' title='bbox 807 1183 990 1227; x_wconf 78' lang='lat' dir='ltr'>derogando</span> <span class='ocrx_word' id='word_1_99' title='bbox 1015 1193 1073 1227; x_wconf 87' lang='lat' dir='ltr'>per</span> <span class='ocrx_word' id='word_1_100' title='bbox 1097 1182 1157 1215; x_wconf 81' lang='lat' dir='ltr'>lioc</span> <span class='ocrx_word' id='word_1_101' title='bbox 1182 1187 1240 1214; x_wconf 90' lang='lat' dir='ltr'>sta-</span> 
     </span>
     <span class='ocr_line' id='line_1_19' title="bbox 494 1234 1237 1283; baseline -0.009 -9"><span class='ocrx_word' id='word_1_102' title='bbox 494 1241 569 1274; x_wconf 87' lang='lat' dir='ltr'>tutis</span> <span class='ocrx_word' id='word_1_103' title='bbox 588 1239 825 1283; x_wconf 73' lang='lat' dir='ltr'>diligentiorem</span> <span class='ocrx_word' id='word_1_104' title='bbox 843 1238 976 1271; x_wconf 83' lang='lat' dir='ltr'>sormam</span> <span class='ocrx_word' id='word_1_105' title='bbox 993 1234 1237 1280; x_wconf 77' lang='lat' dir='ltr'>requirentibus.</span> 
     </span>
     <span class='ocr_line' id='line_1_20' title="bbox 538 1289 1240 1328; baseline -0.01 0"><span class='ocrx_word' id='word_1_106' title='bbox 538 1294 591 1328; x_wconf 68' lang='lat'>45.</span> <span class='ocrx_word' id='word_1_107' title='bbox 616 1294 814 1327; x_wconf 80' lang='lat' dir='ltr'>Testamenta</span> <span class='ocrx_word' id='word_1_108' title='bbox 831 1297 936 1324; x_wconf 84' lang='lat' dir='ltr'>autem</span> <span class='ocrx_word' id='word_1_109' title='bbox 961 1296 992 1323; x_wconf 90' lang='lat' dir='ltr'>et</span> <span class='ocrx_word' id='word_1_110' title='bbox 1015 1289 1179 1322; x_wconf 84' lang='lat' dir='ltr'>codicillos</span> <span class='ocrx_word' id='word_1_111' title='bbox 1199 1289 1240 1321; x_wconf 70' lang='lat' dir='ltr'>ri-</span> 
     </span>
     <span class='ocr_line' id='line_1_21' title="bbox 494 1342 1240 1383; baseline -0.009 -2"><span class='ocrx_word' id='word_1_112' title='bbox 494 1348 634 1382; x_wconf 80' lang='lat' dir='ltr'>ventium</span> <span class='ocrx_word' id='word_1_113' title='bbox 658 1345 777 1380; x_wconf 90' lang='lat' dir='ltr'>nemini</span> <span class='ocrx_word' id='word_1_114' title='bbox 806 1344 993 1383; x_wconf 88' lang='lat' dir='ltr'>ostendant,</span> <span class='ocrx_word' id='word_1_115' title='bbox 1025 1343 1078 1376; x_wconf 90' lang='lat' dir='ltr'>sed</span> <span class='ocrx_word' id='word_1_116' title='bbox 1103 1342 1240 1376; x_wconf 86' lang='lat' dir='ltr'>fideliter</span> 
     </span>
     <span class='ocr_line' id='line_1_22' title="bbox 496 1397 1239 1442; baseline -0.011 -6"><span class='ocrx_word' id='word_1_117' title='bbox 496 1401 659 1436; x_wconf 88' lang='lat' dir='ltr'>recondita</span> <span class='ocrx_word' id='word_1_118' title='bbox 671 1405 808 1439; x_wconf 67' lang='lat' dir='ltr'>servent,</span> <span class='ocrx_word' id='word_1_119' title='bbox 821 1404 861 1439; x_wconf 89' lang='lat' dir='ltr'>et,</span> <span class='ocrx_word' id='word_1_120' title='bbox 875 1403 1028 1442; x_wconf 87' lang='lat' dir='ltr'>quatenus</span> <span class='ocrx_word' id='word_1_121' title='bbox 1042 1397 1101 1430; x_wconf 91' lang='lat' dir='ltr'>sint</span> <span class='ocrx_word' id='word_1_122' title='bbox 1120 1401 1239 1440; x_wconf 88' lang='lat' dir='ltr'>aperta,</span> 
     </span>
     <span class='ocr_line' id='line_1_23' title="bbox 497 1450 1239 1488; baseline -0.009 0"><span class='ocrx_word' id='word_1_123' title='bbox 497 1456 550 1488; x_wconf 90' lang='lat' dir='ltr'>illa</span> <span class='ocrx_word' id='word_1_124' title='bbox 573 1460 604 1488; x_wconf 89' lang='lat' dir='ltr'>ct</span> <span class='ocrx_word' id='word_1_125' title='bbox 630 1454 700 1487; x_wconf 92' lang='lat' dir='ltr'>illos</span> <span class='ocrx_word' id='word_1_126' title='bbox 725 1453 807 1486; x_wconf 88' lang='lat' dir='ltr'>intra</span> <span class='ocrx_word' id='word_1_127' title='bbox 832 1457 896 1485; x_wconf 90' lang='lat' dir='ltr'>tres</span> <span class='ocrx_word' id='word_1_128' title='bbox 920 1461 1045 1484; x_wconf 86' lang='lat' dir='ltr'>menses</span> <span class='ocrx_word' id='word_1_129' title='bbox 1069 1450 1101 1482; x_wconf 92' lang='lat' dir='ltr'>in</span> <span class='ocrx_word' id='word_1_130' title='bbox 1124 1450 1239 1482; x_wconf 88' lang='lat' dir='ltr'>librum</span> 
     </span>
     <span class='ocr_line' id='line_1_24' title="bbox 495 1504 1194 1550; baseline -0.01 -7"><span class='ocrx_word' id='word_1_131' title='bbox 495 1510 535 1542; x_wconf 91' lang='lat' dir='ltr'>ad</span> <span class='ocrx_word' id='word_1_132' title='bbox 555 1509 615 1542; x_wconf 84' lang='lat' dir='ltr'>lioc</span> <span class='ocrx_word' id='word_1_133' title='bbox 639 1508 678 1541; x_wconf 91' lang='lat' dir='ltr'>de</span> <span class='ocrx_word' id='word_1_134' title='bbox 704 1517 792 1540; x_wconf 86' lang='lat' dir='ltr'>more</span> <span class='ocrx_word' id='word_1_135' title='bbox 817 1510 1017 1550; x_wconf 86' lang='lat' dir='ltr'>compactum</span> <span class='ocrx_word' id='word_1_136' title='bbox 1041 1504 1194 1547; x_wconf 72' lang='lat' dir='ltr'>redigant.</span> 
     </span>
     <span class='ocr_line' id='line_1_25' title="bbox 541 1557 1241 1604; baseline -0.01 -8"><span class='ocrx_word' id='word_1_137' title='bbox 541 1562 593 1597; x_wconf 78' lang='lat'>46.</span> <span class='ocrx_word' id='word_1_138' title='bbox 608 1562 675 1596; x_wconf 79' lang='lat' dir='ltr'>Alia</span> <span class='ocrx_word' id='word_1_139' title='bbox 688 1561 912 1604; x_wconf 87' lang='lat' dir='ltr'>cuiuscumque</span> <span class='ocrx_word' id='word_1_140' title='bbox 927 1558 1063 1603; x_wconf 83' lang='lat' dir='ltr'>generis,</span> <span class='ocrx_word' id='word_1_141' title='bbox 1073 1557 1241 1602; x_wconf 79' lang='lat' dir='ltr'>qualitatis,</span> 
     </span>
     <span class='ocr_line' id='line_1_26' title="bbox 497 1613 1240 1662; baseline -0.011 -11"><span class='ocrx_word' id='word_1_142' title='bbox 497 1617 689 1662; x_wconf 84' lang='lat' dir='ltr'>quantitatis,</span> <span class='ocrx_word' id='word_1_143' title='bbox 715 1620 905 1655; x_wconf 87' lang='lat' dir='ltr'>contractus,</span> <span class='ocrx_word' id='word_1_144' title='bbox 923 1618 1001 1653; x_wconf 85' lang='lat' dir='ltr'>acta,</span> <span class='ocrx_word' id='word_1_145' title='bbox 1023 1613 1240 1652; x_wconf 89' lang='lat' dir='ltr'>instrumenta,</span> 
     </span>
     <span class='ocr_line' id='line_1_27' title="bbox 498 1664 1243 1714; baseline -0.009 -10"><span class='ocrx_word' id='word_1_146' title='bbox 498 1672 547 1704; x_wconf 66' lang='lat' dir='ltr'>vel</span> <span class='ocrx_word' id='word_1_147' title='bbox 571 1671 610 1704; x_wconf 88' lang='lat' dir='ltr'>ab</span> <span class='ocrx_word' id='word_1_148' title='bbox 636 1669 713 1714; x_wconf 88' lang='lat' dir='ltr'>ipsis</span> <span class='ocrx_word' id='word_1_149' title='bbox 738 1674 858 1711; x_wconf 75' lang='lat' dir='ltr'>rogata,</span> <span class='ocrx_word' id='word_1_150' title='bbox 878 1667 925 1700; x_wconf 76' lang='lat' dir='ltr'>rel</span> <span class='ocrx_word' id='word_1_151' title='bbox 943 1666 1027 1710; x_wconf 87' lang='lat' dir='ltr'>apud</span> <span class='ocrx_word' id='word_1_152' title='bbox 1047 1676 1101 1698; x_wconf 90' lang='lat' dir='ltr'>eos</span> <span class='ocrx_word' id='word_1_153' title='bbox 1126 1664 1243 1709; x_wconf 89' lang='lat' dir='ltr'>produ·</span> 
     </span>
     <span class='ocr_line' id='line_1_28' title="bbox 499 1719 1243 1767; baseline -0.009 -8"><span class='ocrx_word' id='word_1_154' title='bbox 499 1731 558 1766; x_wconf 88' lang='lat' dir='ltr'>cta,</span> <span class='ocrx_word' id='word_1_155' title='bbox 579 1729 742 1759; x_wconf 87' lang='lat' dir='ltr'>teneantur</span> <span class='ocrx_word' id='word_1_156' title='bbox 763 1722 906 1767; x_wconf 90' lang='lat' dir='ltr'>partibus</span> <span class='ocrx_word' id='word_1_157' title='bbox 925 1721 1077 1754; x_wconf 87' lang='lat' dir='ltr'>interesse</span> <span class='ocrx_word' id='word_1_158' title='bbox 1101 1719 1243 1753; x_wconf 84' lang='lat' dir='ltr'>habenti-</span> 
     </span>
     <span class='ocr_line' id='line_1_29' title="bbox 498 1773 1243 1820; baseline -0.009 -8"><span class='ocrx_word' id='word_1_159' title='bbox 498 1779 557 1812; x_wconf 89' lang='lat' dir='ltr'>bus</span> <span class='ocrx_word' id='word_1_160' title='bbox 580 1778 618 1811; x_wconf 90' lang='lat' dir='ltr'>ad</span> <span class='ocrx_word' id='word_1_161' title='bbox 643 1788 751 1811; x_wconf 89' lang='lat' dir='ltr'>earum</span> <span class='ocrx_word' id='word_1_162' title='bbox 776 1775 1010 1820; x_wconf 88' lang='lat' dir='ltr'>beneplacitum</span> <span class='ocrx_word' id='word_1_163' title='bbox 1026 1773 1124 1818; x_wconf 82' lang='lat' dir='ltr'>gratis</span> <span class='ocrx_word' id='word_1_164' title='bbox 1140 1778 1243 1807; x_wconf 88' lang='lat' dir='ltr'>osten-</span> 
     </span>
     <span class='ocr_line' id='line_1_30' title="bbox 499 1826 1242 1876; baseline -0.008 -11"><span class='ocrx_word' id='word_1_165' title='bbox 499 1833 585 1872; x_wconf 86' lang='lat' dir='ltr'>dere,</span> <span class='ocrx_word' id='word_1_166' title='bbox 610 1831 750 1876; x_wconf 87' lang='lat' dir='ltr'>ipsisque</span> <span class='ocrx_word' id='word_1_167' title='bbox 775 1830 900 1874; x_wconf 84' lang='lat' dir='ltr'>copiam</span> <span class='ocrx_word' id='word_1_168' title='bbox 924 1829 1027 1862; x_wconf 78' lang='lat' dir='ltr'>facere</span> <span class='ocrx_word' id='word_1_169' title='bbox 1052 1833 1082 1861; x_wconf 87' lang='lat' dir='ltr'>et</span> <span class='ocrx_word' id='word_1_170' title='bbox 1107 1826 1242 1867; x_wconf 82' lang='lat' dir='ltr'>tradere,</span> 
     </span>
     <span class='ocr_line' id='line_1_31' title="bbox 500 1880 1242 1926; baseline -0.008 -8"><span class='ocrx_word' id='word_1_171' title='bbox 500 1887 603 1919; x_wconf 75' lang='lat' dir='ltr'>soluta</span> <span class='ocrx_word' id='word_1_172' title='bbox 628 1885 720 1918; x_wconf 74' lang='lat' dir='ltr'>solita</span> <span class='ocrx_word' id='word_1_173' title='bbox 753 1883 899 1916; x_wconf 87' lang='lat' dir='ltr'>mercede</span> <span class='ocrx_word' id='word_1_174' title='bbox 935 1880 1153 1926; x_wconf 89' lang='lat' dir='ltr'>competenti,</span> <span class='ocrx_word' id='word_1_175' title='bbox 1176 1880 1242 1913; x_wconf 90' lang='lat' dir='ltr'>sine</span> 
     </span>
     <span class='ocr_line' id='line_1_32' title="bbox 501 1927 1241 1977; baseline -0.008 -6"><span class='ocrx_word' id='word_1_176' title='bbox 501 1927 605 1972; x_wconf 80' lang='lat' dir='ltr'>tamen</span> <span class='ocrx_word' id='word_1_177' title='bbox 629 1938 690 1977; x_wconf 90' lang='lat' dir='ltr'>die,</span> <span class='ocrx_word' id='word_1_178' title='bbox 714 1947 806 1977; x_wconf 92' lang='lat' dir='ltr'>anno,</span> <span class='ocrx_word' id='word_1_179' title='bbox 831 1945 949 1975; x_wconf 86' lang='lat' dir='ltr'>mense,</span> <span class='ocrx_word' id='word_1_180' title='bbox 974 1934 1120 1974; x_wconf 89' lang='lat' dir='ltr'>testibus,</span> <span class='ocrx_word' id='word_1_181' title='bbox 1145 1933 1187 1966; x_wconf 91' lang='lat' dir='ltr'>ita</span> <span class='ocrx_word' id='word_1_182' title='bbox 1210 1938 1241 1965; x_wconf 86' lang='lat' dir='ltr'>ut</span> 
     </span>
     <span class='ocr_line' id='line_1_33' title="bbox 501 1986 1220 2031; baseline -0.008 -6"><span class='ocrx_word' id='word_1_183' title='bbox 501 1992 619 2026; x_wconf 90' lang='lat' dir='ltr'>nullam</span> <span class='ocrx_word' id='word_1_184' title='bbox 646 1991 676 2023; x_wconf 89' lang='lat' dir='ltr'>in</span> <span class='ocrx_word' id='word_1_185' title='bbox 702 1989 817 2023; x_wconf 85' lang='lat' dir='ltr'>iudicio</span> <span class='ocrx_word' id='word_1_186' title='bbox 842 1989 937 2022; x_wconf 80' lang='lat' dir='ltr'>sidem</span> <span class='ocrx_word' id='word_1_187' title='bbox 962 1989 1064 2021; x_wconf 80' lang='lat' dir='ltr'>faeere</span> <span class='ocrx_word' id='word_1_188' title='bbox 1090 1986 1220 2031; x_wconf 88' lang='lat' dir='ltr'>possint.</span> 
     </span>
     <span class='ocr_line' id='line_1_34' title="bbox 546 2040 1244 2086; baseline -0.006 -9"><span class='ocrx_word' id='word_1_189' title='bbox 546 2045 599 2078; x_wconf 72' lang='lat'>47.</span> <span class='ocrx_word' id='word_1_190' title='bbox 613 2044 778 2078; x_wconf 78' lang='lat' dir='ltr'>Neminem</span> <span class='ocrx_word' id='word_1_191' title='bbox 793 2048 898 2075; x_wconf 87' lang='lat' dir='ltr'>tamen</span> <span class='ocrx_word' id='word_1_192' title='bbox 912 2041 1031 2086; x_wconf 88' lang='lat' dir='ltr'>possint</span> <span class='ocrx_word' id='word_1_193' title='bbox 1046 2040 1244 2083; x_wconf 76' lang='lat' dir='ltr'>adstringere</span> 
     </span>
     <span class='ocr_line' id='line_1_35' title="bbox 502 2094 1244 2142; baseline -0.008 -10"><span class='ocrx_word' id='word_1_194' title='bbox 502 2099 541 2132; x_wconf 87' lang='lat' dir='ltr'>ad</span> <span class='ocrx_word' id='word_1_195' title='bbox 565 2097 786 2142; x_wconf 72' lang='lat' dir='ltr'>accipiendum</span> <span class='ocrx_word' id='word_1_196' title='bbox 811 2096 1018 2129; x_wconf 86' lang='lat' dir='ltr'>instrumenta</span> <span class='ocrx_word' id='word_1_197' title='bbox 1037 2094 1172 2139; x_wconf 85' lang='lat' dir='ltr'>publica,</span> <span class='ocrx_word' id='word_1_198' title='bbox 1196 2094 1244 2127; x_wconf 73' lang='lat' dir='ltr'>vel</span> 
     </span>
     <span class='ocr_line' id='line_1_36' title="bbox 503 2148 1247 2194; baseline -0.008 -8"><span class='ocrx_word' id='word_1_199' title='bbox 503 2163 614 2186; x_wconf 87' lang='lat' dir='ltr'>eorum</span> <span class='ocrx_word' id='word_1_200' title='bbox 638 2151 794 2194; x_wconf 78' lang='lat' dir='ltr'>exempla,</span> <span class='ocrx_word' id='word_1_201' title='bbox 819 2149 878 2182; x_wconf 83' lang='lat' dir='ltr'>nisi</span> <span class='ocrx_word' id='word_1_202' title='bbox 903 2149 945 2182; x_wconf 90' lang='lat' dir='ltr'>ita</span> <span class='ocrx_word' id='word_1_203' title='bbox 961 2149 1038 2192; x_wconf 86' lang='lat' dir='ltr'>ipsis</span> <span class='ocrx_word' id='word_1_204' title='bbox 1062 2148 1247 2181; x_wconf 84' lang='lat' dir='ltr'>contrahen-</span> 
     </span>
     <span class='ocr_line' id='line_1_37' title="bbox 505 2202 1248 2247; baseline -0.007 -8"><span class='ocrx_word' id='word_1_205' title='bbox 505 2207 598 2245; x_wconf 85' lang='lat' dir='ltr'>tibus,</span> <span class='ocrx_word' id='word_1_206' title='bbox 623 2211 673 2238; x_wconf 82' lang='lat' dir='ltr'>aul</span> <span class='ocrx_word' id='word_1_207' title='bbox 700 2205 769 2237; x_wconf 88' lang='lat' dir='ltr'>aliis</span> <span class='ocrx_word' id='word_1_208' title='bbox 795 2204 945 2237; x_wconf 82' lang='lat' dir='ltr'>interesse</span> <span class='ocrx_word' id='word_1_209' title='bbox 966 2202 1166 2242; x_wconf 85' lang='lat' dir='ltr'>habentibus,</span> <span class='ocrx_word' id='word_1_210' title='bbox 1185 2203 1248 2247; x_wconf 84' lang='lat' dir='ltr'>pla-</span> 
     </span>
     <span class='ocr_line' id='line_1_38' title="bbox 505 2259 614 2294; baseline -0.028 0"><span class='ocrx_word' id='word_1_211' title='bbox 505 2259 614 2294; x_wconf 85' lang='lat' dir='ltr'>cuerit.</span> 
     </span>
     <span class='ocr_line' id='line_1_39' title="bbox 549 2310 1248 2355; baseline -0.006 -9"><span class='ocrx_word' id='word_1_212' title='bbox 549 2312 602 2346; x_wconf 69' lang='lat'>48.</span> <span class='ocrx_word' id='word_1_213' title='bbox 629 2313 689 2346; x_wconf 86' lang='lat' dir='ltr'>Pro</span> <span class='ocrx_word' id='word_1_214' title='bbox 713 2312 818 2355; x_wconf 73' lang='lat' dir='ltr'>rogitu</span> <span class='ocrx_word' id='word_1_215' title='bbox 843 2310 1005 2344; x_wconf 87' lang='lat' dir='ltr'>cuiuslibet</span> <span class='ocrx_word' id='word_1_216' title='bbox 1039 2310 1248 2349; x_wconf 83' lang='lat' dir='ltr'>instrumenti,</span> 
     </span>
     <span class='ocr_line' id='line_1_40' title="bbox 507 2365 1249 2411; baseline -0.007 -9"><span class='ocrx_word' id='word_1_217' title='bbox 507 2379 578 2402; x_wconf 90' lang='lat' dir='ltr'>eum</span> <span class='ocrx_word' id='word_1_218' title='bbox 603 2367 765 2411; x_wconf 77' lang='lat' dir='ltr'>quibusvis</span> <span class='ocrx_word' id='word_1_219' title='bbox 789 2365 1022 2400; x_wconf 87' lang='lat' dir='ltr'>conditionibus</span> <span class='ocrx_word' id='word_1_220' title='bbox 1038 2370 1064 2397; x_wconf 89' lang='lat' dir='ltr'>et</span> <span class='ocrx_word' id='word_1_221' title='bbox 1091 2365 1249 2404; x_wconf 80' lang='lat' dir='ltr'>clausulis,</span> 
     </span>
    </p>
   </div>
   <div class='ocr_carea' id='block_1_3' title="bbox 1071 274 1429 302">
    <p class='ocr_par' dir='ltr' id='par_1_3' title="bbox 1071 274 1429 302">
     <span class='ocr_line' id='line_1_41' title="bbox 1071 274 1429 302; baseline -0.008 0"><span class='ocrx_word' id='word_1_222' title='bbox 1071 276 1250 302; x_wconf 69' lang='lat' dir='ltr'>Bt&#39;LLAmt‘M</span> <span class='ocrx_word' id='word_1_223' title='bbox 1275 274 1429 301; x_wconf 65' lang='lat' dir='ltr'>nomnen</span> 
     </span>
    </p>
   </div>
   <div class='ocr_carea' id='block_1_4' title="bbox 1265 319 2027 2411">
    <p class='ocr_par' dir='ltr' id='par_1_4' title="bbox 1265 319 2008 525">
     <span class='ocr_line' id='line_1_42' title="bbox 1265 319 2005 367; baseline -0.004 -11"><span class='ocrx_word' id='word_1_224' title='bbox 1265 334 1363 367; x_wconf 85' lang='lat' dir='ltr'>usque</span> <span class='ocrx_word' id='word_1_225' title='bbox 1387 322 1426 355; x_wconf 89' lang='lat' dir='ltr'>ad</span> <span class='ocrx_word' id='word_1_226' title='bbox 1450 331 1682 366; x_wconf 81' lang='lat' dir='ltr'>quamcumque</span> <span class='ocrx_word' id='word_1_227' title='bbox 1706 330 1882 361; x_wconf 89' lang='lat' dir='ltr'>summam,</span> <span class='ocrx_word' id='word_1_228' title='bbox 1906 319 2005 354; x_wconf 90' lang='lat' dir='ltr'>bono-</span> 
     </span>
     <span class='ocr_line' id='line_1_43' title="bbox 1265 374 2008 420; baseline -0.004 -11"><span class='ocrx_word' id='word_1_229' title='bbox 1265 376 1339 410; x_wconf 88' lang='lat' dir='ltr'>neni</span> <span class='ocrx_word' id='word_1_230' title='bbox 1363 375 1502 420; x_wconf 84' lang='lat' dir='ltr'>quinque</span> <span class='ocrx_word' id='word_1_231' title='bbox 1533 385 1593 419; x_wconf 88' lang='lat' dir='ltr'>pro</span> <span class='ocrx_word' id='word_1_232' title='bbox 1620 374 1761 419; x_wconf 87' lang='lat' dir='ltr'>quolibet</span> <span class='ocrx_word' id='word_1_233' title='bbox 1784 374 1878 407; x_wconf 89' lang='lat' dir='ltr'>simili</span> <span class='ocrx_word' id='word_1_234' title='bbox 1894 378 2008 407; x_wconf 85' lang='lat' dir='ltr'>cente-</span> 
     </span>
     <span class='ocr_line' id='line_1_44' title="bbox 1266 426 2008 470; baseline -0.005 -7"><span class='ocrx_word' id='word_1_235' title='bbox 1266 430 1379 470; x_wconf 88' lang='lat' dir='ltr'>nario,</span> <span class='ocrx_word' id='word_1_236' title='bbox 1404 427 1577 462; x_wconf 90' lang='lat' dir='ltr'>dummodo</span> <span class='ocrx_word' id='word_1_237' title='bbox 1601 428 1633 460; x_wconf 91' lang='lat' dir='ltr'>in</span> <span class='ocrx_word' id='word_1_238' title='bbox 1658 433 1758 461; x_wconf 89' lang='lat' dir='ltr'>totum</span> <span class='ocrx_word' id='word_1_239' title='bbox 1793 437 1856 461; x_wconf 93' lang='lat' dir='ltr'>non</span> <span class='ocrx_word' id='word_1_240' title='bbox 1880 426 2008 460; x_wconf 82' lang='lat' dir='ltr'>excedat</span> 
     </span>
     <span class='ocr_line' id='line_1_45' title="bbox 1268 480 1897 525; baseline -0.005 -9"><span class='ocrx_word' id='word_1_241' title='bbox 1268 493 1425 517; x_wconf 88' lang='lat' dir='ltr'>summam</span> <span class='ocrx_word' id='word_1_242' title='bbox 1450 487 1613 515; x_wconf 88' lang='lat' dir='ltr'>scutorum</span> <span class='ocrx_word' id='word_1_243' title='bbox 1636 480 1897 525; x_wconf 81' lang='lat' dir='ltr'>vigintiquinque.</span> 
     </span>
    </p>

    <p class='ocr_par' dir='ltr' id='par_1_5' title="bbox 1268 533 2012 945">
     <span class='ocr_line' id='line_1_46' title="bbox 1312 533 2009 570; baseline -0.006 0"><span class='ocrx_word' id='word_1_244' title='bbox 1312 536 1363 570; x_wconf 72' lang='lat'>49.</span> <span class='ocrx_word' id='word_1_245' title='bbox 1390 537 1450 569; x_wconf 87' lang='lat' dir='ltr'>Pro</span> <span class='ocrx_word' id='word_1_246' title='bbox 1485 535 1658 569; x_wconf 83' lang='lat' dir='ltr'>cassatione</span> <span class='ocrx_word' id='word_1_247' title='bbox 1691 534 1858 568; x_wconf 84' lang='lat' dir='ltr'>cuiuslibet</span> <span class='ocrx_word' id='word_1_248' title='bbox 1892 533 2009 567; x_wconf 90' lang='lat' dir='ltr'>instru-</span> 
     </span>
     <span class='ocr_line' id='line_1_47' title="bbox 1268 586 2011 628; baseline -0.004 -5"><span class='ocrx_word' id='word_1_249' title='bbox 1268 591 1364 623; x_wconf 88' lang='lat' dir='ltr'>menti</span> <span class='ocrx_word' id='word_1_250' title='bbox 1389 601 1443 623; x_wconf 91' lang='lat' dir='ltr'>seu</span> <span class='ocrx_word' id='word_1_251' title='bbox 1469 587 1745 623; x_wconf 75' lang='lat' dir='ltr'>reti-orenditionis</span> <span class='ocrx_word' id='word_1_252' title='bbox 1763 598 1886 628; x_wconf 90' lang='lat' dir='ltr'>census,</span> <span class='ocrx_word' id='word_1_253' title='bbox 1910 586 2011 620; x_wconf 80' lang='lat' dir='ltr'>velsi-</span> 
     </span>
     <span class='ocr_line' id='line_1_48' title="bbox 1269 641 2012 687; baseline -0.005 -10"><span class='ocrx_word' id='word_1_254' title='bbox 1269 644 1400 684; x_wconf 92' lang='lat' dir='ltr'>milium,</span> <span class='ocrx_word' id='word_1_255' title='bbox 1419 653 1490 677; x_wconf 89' lang='lat' dir='ltr'>cum</span> <span class='ocrx_word' id='word_1_256' title='bbox 1504 642 1667 687; x_wconf 68' lang='lat' dir='ltr'>quibusvis</span> <span class='ocrx_word' id='word_1_257' title='bbox 1685 641 1891 682; x_wconf 87' lang='lat' dir='ltr'>cessionibus,</span> <span class='ocrx_word' id='word_1_258' title='bbox 1912 650 2012 674; x_wconf 83' lang='lat' dir='ltr'>reser-</span> 
     </span>
     <span class='ocr_line' id='line_1_49' title="bbox 1268 694 2012 737; baseline -0.004 -7"><span class='ocrx_word' id='word_1_259' title='bbox 1268 698 1462 737; x_wconf 78' lang='lat' dir='ltr'>vationibus‚</span> <span class='ocrx_word' id='word_1_260' title='bbox 1486 695 1719 730; x_wconf 87' lang='lat' dir='ltr'>conditionibus</span> <span class='ocrx_word' id='word_1_261' title='bbox 1737 722 1744 734; x_wconf 87' lang='lat'>,</span> <span class='ocrx_word' id='word_1_262' title='bbox 1769 705 1824 728; x_wconf 89' lang='lat' dir='ltr'>sen</span> <span class='ocrx_word' id='word_1_263' title='bbox 1849 694 2012 728; x_wconf 87' lang='lat' dir='ltr'>transatio-</span> 
     </span>
     <span class='ocr_line' id='line_1_50' title="bbox 1268 747 2011 789; baseline -0.004 -5"><span class='ocrx_word' id='word_1_264' title='bbox 1268 752 1370 789; x_wconf 84' lang='lat' dir='ltr'>nibus,</span> <span class='ocrx_word' id='word_1_265' title='bbox 1394 756 1423 784; x_wconf 87' lang='lat' dir='ltr'>et</span> <span class='ocrx_word' id='word_1_266' title='bbox 1449 751 1518 783; x_wconf 87' lang='lat' dir='ltr'>aliis</span> <span class='ocrx_word' id='word_1_267' title='bbox 1543 749 1708 789; x_wconf 83' lang='lat' dir='ltr'>clausulis,</span> <span class='ocrx_word' id='word_1_268' title='bbox 1732 748 1786 782; x_wconf 92' lang='lat' dir='ltr'>uhi</span> <span class='ocrx_word' id='word_1_269' title='bbox 1810 758 1874 782; x_wconf 90' lang='lat' dir='ltr'>non</span> <span class='ocrx_word' id='word_1_270' title='bbox 1897 747 2011 781; x_wconf 86' lang='lat' dir='ltr'>adsunt</span> 
     </span>
     <span class='ocr_line' id='line_1_51' title="bbox 1269 800 2011 849; baseline -0.003 -13"><span class='ocrx_word' id='word_1_271' title='bbox 1269 804 1476 849; x_wconf 86' lang='lat' dir='ltr'>particulares</span> <span class='ocrx_word' id='word_1_272' title='bbox 1509 809 1595 836; x_wconf 75' lang='lat' dir='ltr'>taxae</span> <span class='ocrx_word' id='word_1_273' title='bbox 1610 830 1617 843; x_wconf 86' lang='lat'>‚</span> <span class='ocrx_word' id='word_1_274' title='bbox 1643 802 1782 836; x_wconf 78' lang='lat' dir='ltr'>solvatur</span> <span class='ocrx_word' id='word_1_275' title='bbox 1805 801 1844 834; x_wconf 86' lang='lat' dir='ltr'>ad</span> <span class='ocrx_word' id='word_1_276' title='bbox 1868 800 2011 834; x_wconf 84' lang='lat' dir='ltr'>eamdem</span> 
     </span>
     <span class='ocr_line' id='line_1_52' title="bbox 1269 854 2012 901; baseline -0.003 -10"><span class='ocrx_word' id='word_1_277' title='bbox 1269 858 1445 899; x_wconf 87' lang='lat' dir='ltr'>rationem,</span> <span class='ocrx_word' id='word_1_278' title='bbox 1470 862 1563 901; x_wconf 90' lang='lat' dir='ltr'>prout</span> <span class='ocrx_word' id='word_1_279' title='bbox 1600 856 1718 889; x_wconf 88' lang='lat' dir='ltr'>dictum</span> <span class='ocrx_word' id='word_1_280' title='bbox 1751 860 1799 889; x_wconf 88' lang='lat' dir='ltr'>est</span> <span class='ocrx_word' id='word_1_281' title='bbox 1822 864 1883 899; x_wconf 91' lang='lat' dir='ltr'>pro</span> <span class='ocrx_word' id='word_1_282' title='bbox 1907 854 2012 898; x_wconf 77' lang='lat' dir='ltr'>rugitu</span> 
     </span>
     <span class='ocr_line' id='line_1_53' title="bbox 1269 910 1657 945; baseline -0.005 0"><span class='ocrx_word' id='word_1_283' title='bbox 1269 911 1435 945; x_wconf 83' lang='lat' dir='ltr'>cuiuslibet</span> <span class='ocrx_word' id='word_1_284' title='bbox 1448 910 1657 944; x_wconf 87' lang='lat' dir='ltr'>instrumenti.</span> 
     </span>
    </p>

    <p class='ocr_par' dir='ltr' id='par_1_6' title="bbox 1270 962 2018 1431">
     <span class='ocr_line' id='line_1_54' title="bbox 1313 962 2013 1008; baseline -0.006 -9"><span class='ocrx_word' id='word_1_285' title='bbox 1313 965 1365 999; x_wconf 76' lang='lat'>50.</span> <span class='ocrx_word' id='word_1_286' title='bbox 1392 965 1425 999; x_wconf 92' lang='lat' dir='ltr'>ln</span> <span class='ocrx_word' id='word_1_287' title='bbox 1443 964 1603 998; x_wconf 89' lang='lat' dir='ltr'>tradendis</span> <span class='ocrx_word' id='word_1_288' title='bbox 1622 969 1727 998; x_wconf 88' lang='lat' dir='ltr'>autem</span> <span class='ocrx_word' id='word_1_289' title='bbox 1743 962 1879 1008; x_wconf 85' lang='lat' dir='ltr'>publicis</span> <span class='ocrx_word' id='word_1_290' title='bbox 1895 962 2013 996; x_wconf 88' lang='lat' dir='ltr'>instru-</span> 
     </span>
     <span class='ocr_line' id='line_1_55' title="bbox 1271 1017 2014 1063; baseline -0.007 -9"><span class='ocrx_word' id='word_1_291' title='bbox 1271 1020 1386 1054; x_wconf 88' lang='lat' dir='ltr'>mentis</span> <span class='ocrx_word' id='word_1_292' title='bbox 1409 1019 1513 1063; x_wconf 88' lang='lat' dir='ltr'>quoad</span> <span class='ocrx_word' id='word_1_293' title='bbox 1542 1018 1721 1051; x_wconf 86' lang='lat' dir='ltr'>mercedem</span> <span class='ocrx_word' id='word_1_294' title='bbox 1745 1017 1936 1061; x_wconf 85' lang='lat' dir='ltr'>quicumque</span> <span class='ocrx_word' id='word_1_295' title='bbox 1959 1025 2014 1050; x_wconf 88' lang='lat' dir='ltr'>no-</span> 
     </span>
     <span class='ocr_line' id='line_1_56' title="bbox 1271 1070 2014 1116; baseline -0.004 -10"><span class='ocrx_word' id='word_1_296' title='bbox 1271 1073 1353 1114; x_wconf 89' lang='lat' dir='ltr'>tarii,</span> <span class='ocrx_word' id='word_1_297' title='bbox 1378 1073 1442 1106; x_wconf 75' lang='lat' dir='ltr'>sive</span> <span class='ocrx_word' id='word_1_298' title='bbox 1467 1071 1618 1116; x_wconf 82' lang='lat' dir='ltr'>descripti</span> <span class='ocrx_word' id='word_1_299' title='bbox 1642 1071 1674 1104; x_wconf 90' lang='lat' dir='ltr'>in</span> <span class='ocrx_word' id='word_1_300' title='bbox 1697 1070 1839 1104; x_wconf 76' lang='lat' dir='ltr'>archivio</span> <span class='ocrx_word' id='word_1_301' title='bbox 1855 1071 2014 1104; x_wconf 82' lang='lat' dir='ltr'>Romanae</span> 
     </span>
     <span class='ocr_line' id='line_1_57' title="bbox 1270 1123 2014 1169; baseline -0.004 -9"><span class='ocrx_word' id='word_1_302' title='bbox 1270 1127 1392 1167; x_wconf 89' lang='lat' dir='ltr'>Curiae,</span> <span class='ocrx_word' id='word_1_303' title='bbox 1417 1126 1481 1160; x_wconf 76' lang='lat' dir='ltr'>sive</span> <span class='ocrx_word' id='word_1_304' title='bbox 1506 1126 1537 1159; x_wconf 91' lang='lat' dir='ltr'>in</span> <span class='ocrx_word' id='word_1_305' title='bbox 1561 1125 1701 1159; x_wconf 77' lang='lat' dir='ltr'>archivio</span> <span class='ocrx_word' id='word_1_306' title='bbox 1725 1124 1880 1169; x_wconf 86' lang='lat' dir='ltr'>Capitolii,</span> <span class='ocrx_word' id='word_1_307' title='bbox 1904 1129 1936 1158; x_wconf 89' lang='lat' dir='ltr'>et</span> <span class='ocrx_word' id='word_1_308' title='bbox 1962 1123 2014 1157; x_wconf 83' lang='lat' dir='ltr'>alii</span> 
     </span>
     <span class='ocr_line' id='line_1_58' title="bbox 1271 1178 2016 1224; baseline -0.004 -10"><span class='ocrx_word' id='word_1_309' title='bbox 1271 1180 1385 1214; x_wconf 88' lang='lat' dir='ltr'>notarii</span> <span class='ocrx_word' id='word_1_310' title='bbox 1403 1180 1574 1214; x_wconf 85' lang='lat' dir='ltr'>retinentes</span> <span class='ocrx_word' id='word_1_311' title='bbox 1590 1179 1739 1224; x_wconf 88' lang='lat' dir='ltr'>pubblica</span> <span class='ocrx_word' id='word_1_312' title='bbox 1755 1178 1868 1219; x_wconf 84' lang='lat' dir='ltr'>officia,</span> <span class='ocrx_word' id='word_1_313' title='bbox 1884 1188 1948 1212; x_wconf 89' lang='lat' dir='ltr'>non</span> <span class='ocrx_word' id='word_1_314' title='bbox 1964 1179 2016 1212; x_wconf 85' lang='lat' dir='ltr'>ha-</span> 
     </span>
     <span class='ocr_line' id='line_1_59' title="bbox 1272 1232 2017 1279; baseline -0.004 -10"><span class='ocrx_word' id='word_1_315' title='bbox 1272 1236 1382 1269; x_wconf 87' lang='lat' dir='ltr'>bentes</span> <span class='ocrx_word' id='word_1_316' title='bbox 1395 1234 1564 1279; x_wconf 86' lang='lat' dir='ltr'>specialem</span> <span class='ocrx_word' id='word_1_317' title='bbox 1577 1240 1680 1267; x_wconf 83' lang='lat' dir='ltr'>taxam</span> <span class='ocrx_word' id='word_1_318' title='bbox 1691 1233 1892 1278; x_wconf 88' lang='lat' dir='ltr'>publicorum</span> <span class='ocrx_word' id='word_1_319' title='bbox 1902 1232 2017 1266; x_wconf 88' lang='lat' dir='ltr'>instru-</span> 
     </span>
     <span class='ocr_line' id='line_1_60' title="bbox 1274 1287 2016 1331; baseline -0.001 -10"><span class='ocrx_word' id='word_1_320' title='bbox 1274 1294 1464 1329; x_wconf 90' lang='lat' dir='ltr'>mentorum,</span> <span class='ocrx_word' id='word_1_321' title='bbox 1482 1288 1531 1321; x_wconf 76' lang='lat' dir='ltr'>vel</span> <span class='ocrx_word' id='word_1_322' title='bbox 1555 1289 1586 1320; x_wconf 90' lang='lat' dir='ltr'>in</span> <span class='ocrx_word' id='word_1_323' title='bbox 1603 1287 1718 1331; x_wconf 87' lang='lat' dir='ltr'>quibus</span> <span class='ocrx_word' id='word_1_324' title='bbox 1734 1297 1846 1321; x_wconf 86' lang='lat' dir='ltr'>eorum</span> <span class='ocrx_word' id='word_1_325' title='bbox 1867 1290 1936 1321; x_wconf 79' lang='lat' dir='ltr'>taxa</span> <span class='ocrx_word' id='word_1_326' title='bbox 1952 1296 2016 1320; x_wconf 89' lang='lat' dir='ltr'>non</span> 
     </span>
     <span class='ocr_line' id='line_1_61' title="bbox 1273 1343 2018 1387; baseline -0.001 -11"><span class='ocrx_word' id='word_1_327' title='bbox 1273 1343 1467 1387; x_wconf 88' lang='lat' dir='ltr'>disponeret,</span> <span class='ocrx_word' id='word_1_328' title='bbox 1490 1347 1658 1380; x_wconf 79' lang='lat' dir='ltr'>teneantur</span> <span class='ocrx_word' id='word_1_329' title='bbox 1681 1351 1808 1375; x_wconf 74' lang='lat' dir='ltr'>servare</span> <span class='ocrx_word' id='word_1_330' title='bbox 1832 1346 1935 1374; x_wconf 79' lang='lat' dir='ltr'>taxam</span> <span class='ocrx_word' id='word_1_331' title='bbox 1959 1344 2018 1375; x_wconf 83' lang='lat' dir='ltr'>sta-</span> 
     </span>
     <span class='ocr_line' id='line_1_62' title="bbox 1274 1396 1541 1431; baseline -0.011 0"><span class='ocrx_word' id='word_1_332' title='bbox 1274 1402 1413 1431; x_wconf 84' lang='lat' dir='ltr'>tutorum</span> <span class='ocrx_word' id='word_1_333' title='bbox 1438 1396 1541 1429; x_wconf 75' lang='lat' dir='ltr'>Urbis.</span> 
     </span>
    </p>

    <p class='ocr_par' dir='ltr' id='par_1_7' title="bbox 1275 1449 2024 2077">
     <span class='ocr_line' id='line_1_63' title="bbox 1318 1449 2019 1493; baseline -0.001 -9"><span class='ocrx_word' id='word_1_334' title='bbox 1318 1451 1370 1485; x_wconf 73' lang='lat'>51.</span> <span class='ocrx_word' id='word_1_335' title='bbox 1388 1451 1448 1484; x_wconf 91' lang='lat' dir='ltr'>Pro</span> <span class='ocrx_word' id='word_1_336' title='bbox 1471 1451 1577 1493; x_wconf 82' lang='lat' dir='ltr'>rogitu</span> <span class='ocrx_word' id='word_1_337' title='bbox 1599 1454 1875 1491; x_wconf 87' lang='lat' dir='ltr'>testamentorum,</span> <span class='ocrx_word' id='word_1_338' title='bbox 1893 1449 2019 1484; x_wconf 84' lang='lat' dir='ltr'>codicil-</span> 
     </span>
     <span class='ocr_line' id='line_1_64' title="bbox 1275 1503 2019 1547; baseline -0.001 -8"><span class='ocrx_word' id='word_1_339' title='bbox 1275 1507 1396 1547; x_wconf 88' lang='lat' dir='ltr'>lorum,</span> <span class='ocrx_word' id='word_1_340' title='bbox 1423 1505 1628 1539; x_wconf 90' lang='lat' dir='ltr'>donationum</span> <span class='ocrx_word' id='word_1_341' title='bbox 1653 1504 1735 1537; x_wconf 88' lang='lat' dir='ltr'>inter</span> <span class='ocrx_word' id='word_1_342' title='bbox 1759 1503 1846 1538; x_wconf 77' lang='lat' dir='ltr'>vivos</span> <span class='ocrx_word' id='word_1_343' title='bbox 1869 1509 1900 1538; x_wconf 87' lang='lat' dir='ltr'>et</span> <span class='ocrx_word' id='word_1_344' title='bbox 1923 1506 2019 1538; x_wconf 78' lang='lat' dir='ltr'>causa</span> 
     </span>
     <span class='ocr_line' id='line_1_65' title="bbox 1276 1557 2019 1600; baseline -0.001 -8"><span class='ocrx_word' id='word_1_345' title='bbox 1276 1559 1398 1600; x_wconf 87' lang='lat' dir='ltr'>mortis,</span> <span class='ocrx_word' id='word_1_346' title='bbox 1415 1558 1468 1591; x_wconf 87' lang='lat' dir='ltr'>ubi</span> <span class='ocrx_word' id='word_1_347' title='bbox 1485 1568 1549 1592; x_wconf 90' lang='lat' dir='ltr'>non</span> <span class='ocrx_word' id='word_1_348' title='bbox 1565 1557 1669 1591; x_wconf 85' lang='lat' dir='ltr'>adsint</span> <span class='ocrx_word' id='word_1_349' title='bbox 1692 1563 1781 1591; x_wconf 83' lang='lat' dir='ltr'>taxae</span> <span class='ocrx_word' id='word_1_350' title='bbox 1804 1557 1953 1599; x_wconf 87' lang='lat' dir='ltr'>minores,</span> <span class='ocrx_word' id='word_1_351' title='bbox 1970 1558 2019 1592; x_wconf 86' lang='lat' dir='ltr'>vel</span> 
     </span>
     <span class='ocr_line' id='line_1_66' title="bbox 1275 1611 2019 1654; baseline -0.001 -7"><span class='ocrx_word' id='word_1_352' title='bbox 1275 1614 1329 1647; x_wconf 90' lang='lat' dir='ltr'>ubi</span> <span class='ocrx_word' id='word_1_353' title='bbox 1346 1613 1460 1647; x_wconf 89' lang='lat' dir='ltr'>notarii</span> <span class='ocrx_word' id='word_1_354' title='bbox 1474 1623 1538 1646; x_wconf 90' lang='lat' dir='ltr'>non</span> <span class='ocrx_word' id='word_1_355' title='bbox 1555 1611 1765 1645; x_wconf 87' lang='lat' dir='ltr'>subiiciuntur</span> <span class='ocrx_word' id='word_1_356' title='bbox 1781 1612 1903 1646; x_wconf 88' lang='lat' dir='ltr'>statutis</span> <span class='ocrx_word' id='word_1_357' title='bbox 1916 1611 2019 1654; x_wconf 86' lang='lat' dir='ltr'>Urbis,</span> 
     </span>
     <span class='ocr_line' id='line_1_67' title="bbox 1275 1666 2020 1710; baseline -0.001 -10"><span class='ocrx_word' id='word_1_358' title='bbox 1275 1673 1306 1701; x_wconf 89' lang='lat' dir='ltr'>et</span> <span class='ocrx_word' id='word_1_359' title='bbox 1329 1667 1384 1700; x_wconf 89' lang='lat' dir='ltr'>ubi</span> <span class='ocrx_word' id='word_1_360' title='bbox 1413 1677 1476 1700; x_wconf 93' lang='lat' dir='ltr'>non</span> <span class='ocrx_word' id='word_1_361' title='bbox 1504 1666 1599 1699; x_wconf 76' lang='lat' dir='ltr'>fuerit</span> <span class='ocrx_word' id='word_1_362' title='bbox 1626 1666 1718 1698; x_wconf 89' lang='lat' dir='ltr'>aliter</span> <span class='ocrx_word' id='word_1_363' title='bbox 1744 1669 1933 1699; x_wconf 86' lang='lat' dir='ltr'>conventum</span> <span class='ocrx_word' id='word_1_364' title='bbox 1960 1670 2020 1710; x_wconf 87' lang='lat' dir='ltr'>per</span> 
     </span>
     <span class='ocr_line' id='line_1_68' title="bbox 1276 1718 2021 1766; baseline 0 -12"><span class='ocrx_word' id='word_1_365' title='bbox 1276 1725 1394 1766; x_wconf 87' lang='lat' dir='ltr'>partes,</span> <span class='ocrx_word' id='word_1_366' title='bbox 1405 1720 1430 1753; x_wconf 92' lang='lat' dir='ltr'>si</span> <span class='ocrx_word' id='word_1_367' title='bbox 1444 1719 1559 1753; x_wconf 86' lang='lat' dir='ltr'>suerint</span> <span class='ocrx_word' id='word_1_368' title='bbox 1574 1718 1683 1752; x_wconf 74' lang='lat' dir='ltr'>saetae¹</span> <span class='ocrx_word' id='word_1_369' title='bbox 1698 1729 1715 1752; x_wconf 93' lang='lat' dir='ltr'>a</span> <span class='ocrx_word' id='word_1_370' title='bbox 1726 1719 1872 1763; x_wconf 87' lang='lat' dir='ltr'>personis</span> <span class='ocrx_word' id='word_1_371' title='bbox 1884 1729 2021 1763; x_wconf 88' lang='lat' dir='ltr'>quorum</span> 
     </span>
     <span class='ocr_line' id='line_1_69' title="bbox 1276 1773 2021 1819; baseline 0 -11"><span class='ocrx_word' id='word_1_372' title='bbox 1276 1774 1503 1819; x_wconf 89' lang='lat' dir='ltr'>patrimonium</span> <span class='ocrx_word' id='word_1_373' title='bbox 1526 1783 1590 1807; x_wconf 90' lang='lat' dir='ltr'>non</span> <span class='ocrx_word' id='word_1_374' title='bbox 1618 1773 1748 1806; x_wconf 80' lang='lat' dir='ltr'>excedat</span> <span class='ocrx_word' id='word_1_375' title='bbox 1770 1778 1857 1806; x_wconf 81' lang='lat' dir='ltr'>scuta</span> <span class='ocrx_word' id='word_1_376' title='bbox 1881 1773 2021 1818; x_wconf 88' lang='lat' dir='ltr'>quinque</span> 
     </span>
     <span class='ocr_line' id='line_1_70' title="bbox 1276 1827 2021 1870; baseline 0 -9"><span class='ocrx_word' id='word_1_377' title='bbox 1276 1828 1385 1869; x_wconf 88' lang='lat' dir='ltr'>millia,</span> <span class='ocrx_word' id='word_1_378' title='bbox 1410 1828 1572 1861; x_wconf 74' lang='lat' dir='ltr'>solvantur</span> <span class='ocrx_word' id='word_1_379' title='bbox 1593 1827 1659 1860; x_wconf 89' lang='lat' dir='ltr'>iulii</span> <span class='ocrx_word' id='word_1_380' title='bbox 1677 1827 1831 1870; x_wconf 87' lang='lat' dir='ltr'>quinque;</span> <span class='ocrx_word' id='word_1_381' title='bbox 1849 1837 1866 1859; x_wconf 87' lang='lat' dir='ltr'>a</span> <span class='ocrx_word' id='word_1_382' title='bbox 1882 1827 2021 1870; x_wconf 84' lang='lat' dir='ltr'>quinque</span> 
     </span>
     <span class='ocr_line' id='line_1_71' title="bbox 1277 1880 2022 1925; baseline 0 -10"><span class='ocrx_word' id='word_1_383' title='bbox 1277 1881 1416 1915; x_wconf 85' lang='lat' dir='ltr'>millibus</span> <span class='ocrx_word' id='word_1_384' title='bbox 1439 1891 1537 1925; x_wconf 87' lang='lat' dir='ltr'>usque</span> <span class='ocrx_word' id='word_1_385' title='bbox 1561 1880 1601 1914; x_wconf 89' lang='lat' dir='ltr'>ad</span> <span class='ocrx_word' id='word_1_386' title='bbox 1624 1880 1734 1924; x_wconf 79' lang='lat' dir='ltr'>viginti</span> <span class='ocrx_word' id='word_1_387' title='bbox 1758 1881 1874 1921; x_wconf 88' lang='lat' dir='ltr'>millia,</span> <span class='ocrx_word' id='word_1_388' title='bbox 1898 1886 2022 1915; x_wconf 85' lang='lat' dir='ltr'>scutum</span> 
     </span>
     <span class='ocr_line' id='line_1_72' title="bbox 1277 1933 2024 1979; baseline -0.001 -10"><span class='ocrx_word' id='word_1_389' title='bbox 1277 1946 1392 1969; x_wconf 85' lang='lat' dir='ltr'>unum:</span> <span class='ocrx_word' id='word_1_390' title='bbox 1416 1946 1433 1968; x_wconf 88' lang='lat' dir='ltr'>a</span> <span class='ocrx_word' id='word_1_391' title='bbox 1455 1933 1707 1978; x_wconf 76' lang='lat' dir='ltr'>vigintimillibns</span> <span class='ocrx_word' id='word_1_392' title='bbox 1729 1944 1828 1978; x_wconf 87' lang='lat' dir='ltr'>usque</span> <span class='ocrx_word' id='word_1_393' title='bbox 1852 1934 1891 1967; x_wconf 90' lang='lat' dir='ltr'>ad</span> <span class='ocrx_word' id='word_1_394' title='bbox 1915 1944 2024 1979; x_wconf 86' lang='lat' dir='ltr'>quam—</span> 
     </span>
     <span class='ocr_line' id='line_1_73' title="bbox 1278 1988 2023 2034; baseline 0 -11"><span class='ocrx_word' id='word_1_395' title='bbox 1278 2000 1412 2034; x_wconf 74' lang='lat' dir='ltr'>ciunque</span> <span class='ocrx_word' id='word_1_396' title='bbox 1430 1999 1586 2023; x_wconf 87' lang='lat' dir='ltr'>summam</span> <span class='ocrx_word' id='word_1_397' title='bbox 1600 1998 1665 2022; x_wconf 91' lang='lat' dir='ltr'>non</span> <span class='ocrx_word' id='word_1_398' title='bbox 1683 1988 1809 2032; x_wconf 78' lang='lat' dir='ltr'>exigant</span> <span class='ocrx_word' id='word_1_399' title='bbox 1829 1989 1913 2022; x_wconf 91' lang='lat' dir='ltr'>ultra</span> <span class='ocrx_word' id='word_1_400' title='bbox 1935 1994 2023 2023; x_wconf 87' lang='lat' dir='ltr'>scuta</span> 
     </span>
     <span class='ocr_line' id='line_1_74' title="bbox 1278 2043 1351 2077; baseline 0 -1"><span class='ocrx_word' id='word_1_401' title='bbox 1278 2043 1351 2077; x_wconf 88' lang='lat' dir='ltr'>duo.</span> 
     </span>
    </p>

    <p class='ocr_par' dir='ltr' id='par_1_8' title="bbox 1281 2095 2027 2411">
     <span class='ocr_line' id='line_1_75' title="bbox 1324 2095 2023 2139; baseline 0.001 -10"><span class='ocrx_word' id='word_1_402' title='bbox 1324 2096 1376 2130; x_wconf 68' lang='lat'>52.</span> <span class='ocrx_word' id='word_1_403' title='bbox 1390 2095 1465 2129; x_wconf 88' lang='lat' dir='ltr'>Orta</span> <span class='ocrx_word' id='word_1_404' title='bbox 1480 2096 1562 2129; x_wconf 89' lang='lat' dir='ltr'>inter</span> <span class='ocrx_word' id='word_1_405' title='bbox 1577 2095 1720 2130; x_wconf 88' lang='lat' dir='ltr'>notarios</span> <span class='ocrx_word' id='word_1_406' title='bbox 1746 2101 1777 2128; x_wconf 90' lang='lat' dir='ltr'>et</span> <span class='ocrx_word' id='word_1_407' title='bbox 1796 2095 1955 2139; x_wconf 79' lang='lat' dir='ltr'>litigantes</span> <span class='ocrx_word' id='word_1_408' title='bbox 1976 2096 2023 2130; x_wconf 84' lang='lat' dir='ltr'>vel</span> 
     </span>
     <span class='ocr_line' id='line_1_76' title="bbox 1281 2149 2026 2194; baseline 0.001 -11"><span class='ocrx_word' id='word_1_409' title='bbox 1281 2150 1359 2183; x_wconf 83' lang='lat' dir='ltr'>alios</span> <span class='ocrx_word' id='word_1_410' title='bbox 1385 2149 1564 2183; x_wconf 79' lang='lat' dir='ltr'>differentia</span> <span class='ocrx_word' id='word_1_411' title='bbox 1591 2160 1688 2194; x_wconf 87' lang='lat' dir='ltr'>super</span> <span class='ocrx_word' id='word_1_412' title='bbox 1715 2149 1858 2193; x_wconf 88' lang='lat' dir='ltr'>ipsorum</span> <span class='ocrx_word' id='word_1_413' title='bbox 1890 2150 2026 2184; x_wconf 78' lang='lat' dir='ltr'>notario-</span> 
     </span>
     <span class='ocr_line' id='line_1_77' title="bbox 1282 2204 2026 2248; baseline -0.001 -9"><span class='ocrx_word' id='word_1_414' title='bbox 1282 2217 1352 2239; x_wconf 88' lang='lat' dir='ltr'>rum</span> <span class='ocrx_word' id='word_1_415' title='bbox 1370 2205 1526 2246; x_wconf 84' lang='lat' dir='ltr'>mercede,</span> <span class='ocrx_word' id='word_1_416' title='bbox 1547 2215 1610 2238; x_wconf 91' lang='lat' dir='ltr'>non</span> <span class='ocrx_word' id='word_1_417' title='bbox 1628 2215 1645 2237; x_wconf 90' lang='lat' dir='ltr'>a</span> <span class='ocrx_word' id='word_1_418' title='bbox 1661 2204 1858 2238; x_wconf 89' lang='lat' dir='ltr'>notariorum</span> <span class='ocrx_word' id='word_1_419' title='bbox 1884 2205 2026 2248; x_wconf 80' lang='lat' dir='ltr'>collegiis</span> 
     </span>
     <span class='ocr_line' id='line_1_78' title="bbox 1282 2258 2027 2303; baseline -0.003 -10"><span class='ocrx_word' id='word_1_420' title='bbox 1282 2271 1336 2293; x_wconf 88' lang='lat' dir='ltr'>seu</span> <span class='ocrx_word' id='word_1_421' title='bbox 1353 2258 1512 2303; x_wconf 86' lang='lat' dir='ltr'>deputatis</span> <span class='ocrx_word' id='word_1_422' title='bbox 1528 2259 1566 2292; x_wconf 88' lang='lat' dir='ltr'>ab</span> <span class='ocrx_word' id='word_1_423' title='bbox 1583 2259 1646 2299; x_wconf 88' lang='lat' dir='ltr'>eis,</span> <span class='ocrx_word' id='word_1_424' title='bbox 1666 2258 1721 2292; x_wconf 88' lang='lat' dir='ltr'>sed</span> <span class='ocrx_word' id='word_1_425' title='bbox 1737 2258 1775 2291; x_wconf 87' lang='lat' dir='ltr'>ab</span> <span class='ocrx_word' id='word_1_426' title='bbox 1792 2265 1903 2292; x_wconf 88' lang='lat' dir='ltr'>eorum</span> <span class='ocrx_word' id='word_1_427' title='bbox 1920 2258 2027 2292; x_wconf 89' lang='lat' dir='ltr'>iudici-</span> 
     </span>
     <span class='ocr_line' id='line_1_79' title="bbox 1282 2312 2027 2356; baseline -0.001 -10"><span class='ocrx_word' id='word_1_428' title='bbox 1282 2313 1369 2353; x_wconf 73' lang='lat' dir='ltr'>bus’,</span> <span class='ocrx_word' id='word_1_429' title='bbox 1392 2313 1444 2356; x_wconf 82' lang='lat' dir='ltr'>qui</span> <span class='ocrx_word' id='word_1_430' title='bbox 1467 2323 1530 2346; x_wconf 89' lang='lat' dir='ltr'>non</span> <span class='ocrx_word' id='word_1_431' title='bbox 1554 2313 1592 2345; x_wconf 90' lang='lat' dir='ltr'>ad</span> <span class='ocrx_word' id='word_1_432' title='bbox 1615 2312 1791 2346; x_wconf 85' lang='lat' dir='ltr'>mensarios</span> <span class='ocrx_word' id='word_1_433' title='bbox 1806 2322 1862 2345; x_wconf 85' lang='lat' dir='ltr'>seu</span> <span class='ocrx_word' id='word_1_434' title='bbox 1886 2312 2027 2346; x_wconf 87' lang='lat' dir='ltr'>notarios</span> 
     </span>
     <span class='ocr_line' id='line_1_80' title="bbox 1284 2365 2026 2411; baseline -0.001 -11"><span class='ocrx_word' id='word_1_435' title='bbox 1284 2367 1443 2400; x_wconf 88' lang='lat' dir='ltr'>remittant</span> <span class='ocrx_word' id='word_1_436' title='bbox 1460 2394 1467 2407; x_wconf 92' lang='lat'>,</span> <span class='ocrx_word' id='word_1_437' title='bbox 1493 2366 1547 2400; x_wconf 88' lang='lat' dir='ltr'>sed</span> <span class='ocrx_word' id='word_1_438' title='bbox 1571 2366 1697 2411; x_wconf 84' lang='lat' dir='ltr'>ipsimet</span> <span class='ocrx_word' id='word_1_439' title='bbox 1723 2365 1857 2410; x_wconf 88' lang='lat' dir='ltr'>proprio</span> <span class='ocrx_word' id='word_1_440' title='bbox 1882 2365 2026 2410; x_wconf 87' lang='lat' dir='ltr'>ipsorum</span> 
     </span>
    </p>
   </div>
   <div class='ocr_carea' id='block_1_5' title="bbox 506 2417 2027 2464">
    <p class='ocr_par' dir='ltr' id='par_1_9' title="bbox 506 2417 2027 2464">
     <span class='ocr_line' id='line_1_81' title="bbox 506 2417 2027 2464; baseline -0.002 -9"><span class='ocrx_word' id='word_1_441' title='bbox 506 2422 560 2455; x_wconf 90' lang='lat' dir='ltr'>ubi</span> <span class='ocrx_word' id='word_1_442' title='bbox 585 2432 648 2454; x_wconf 90' lang='lat' dir='ltr'>non</span> <span class='ocrx_word' id='word_1_443' title='bbox 673 2421 785 2453; x_wconf 86' lang='lat' dir='ltr'>adsunt</span> <span class='ocrx_word' id='word_1_444' title='bbox 805 2420 1012 2464; x_wconf 84' lang='lat' dir='ltr'>particulares</span> <span class='ocrx_word' id='word_1_445' title='bbox 1031 2424 1130 2459; x_wconf 78' lang='lat' dir='ltr'>laxae,</span> <span class='ocrx_word' id='word_1_446' title='bbox 1147 2424 1177 2451; x_wconf 90' lang='lat' dir='ltr'>et</span> <span class='ocrx_word' id='word_1_447' title='bbox 1197 2418 1249 2451; x_wconf 90' lang='lat' dir='ltr'>ubi</span> <span class='ocrx_word' id='word_1_448' title='bbox 1285 2420 1417 2453; x_wconf 84' lang='lat' dir='ltr'>arbitrio</span> <span class='ocrx_word' id='word_1_449' title='bbox 1433 2419 1600 2461; x_wconf 80' lang='lat' dir='ltr'>definiant,</span> <span class='ocrx_word' id='word_1_450' title='bbox 1616 2418 1838 2452; x_wconf 83' lang='lat' dir='ltr'>inviolabiliter</span> <span class='ocrx_word' id='word_1_451' title='bbox 1859 2417 2027 2452; x_wconf 77' lang='lat' dir='ltr'>observata</span> 
     </span>
    </p>
   </div>
   <div class='ocr_carea' id='block_1_6' title="bbox 507 2472 1254 2731">
    <p class='ocr_par' dir='ltr' id='par_1_10' title="bbox 507 2472 1254 2731">
     <span class='ocr_line' id='line_1_82' title="bbox 507 2472 1251 2519; baseline -0.007 -10"><span class='ocrx_word' id='word_1_452' title='bbox 507 2486 570 2509; x_wconf 90' lang='lat' dir='ltr'>non</span> <span class='ocrx_word' id='word_1_453' title='bbox 592 2474 752 2519; x_wconf 88' lang='lat' dir='ltr'>praecedit</span> <span class='ocrx_word' id='word_1_454' title='bbox 771 2473 938 2507; x_wconf 75' lang='lat' dir='ltr'>conventio</span> <span class='ocrx_word' id='word_1_455' title='bbox 963 2473 1113 2517; x_wconf 85' lang='lat' dir='ltr'>partium,</span> <span class='ocrx_word' id='word_1_456' title='bbox 1131 2472 1251 2505; x_wconf 72' lang='lat' dir='ltr'>solvan-</span> 
     </span>
     <span class='ocr_line' id='line_1_83' title="bbox 510 2526 1252 2572; baseline -0.005 -10"><span class='ocrx_word' id='word_1_457' title='bbox 510 2534 570 2569; x_wconf 81' lang='lat' dir='ltr'>tur,</span> <span class='ocrx_word' id='word_1_458' title='bbox 589 2539 648 2572; x_wconf 89' lang='lat' dir='ltr'>pro</span> <span class='ocrx_word' id='word_1_459' title='bbox 667 2528 808 2571; x_wconf 87' lang='lat' dir='ltr'>quolibet</span> <span class='ocrx_word' id='word_1_460' title='bbox 825 2526 1006 2561; x_wconf 87' lang='lat' dir='ltr'>centenario</span> <span class='ocrx_word' id='word_1_461' title='bbox 1022 2531 1184 2559; x_wconf 86' lang='lat' dir='ltr'>scutorum</span> <span class='ocrx_word' id='word_1_462' title='bbox 1204 2536 1252 2559; x_wconf 89' lang='lat' dir='ltr'>us-</span> 
     </span>
     <span class='ocr_line' id='line_1_84' title="bbox 510 2579 1252 2626; baseline -0.003 -12"><span class='ocrx_word' id='word_1_463' title='bbox 510 2592 571 2626; x_wconf 87' lang='lat' dir='ltr'>que</span> <span class='ocrx_word' id='word_1_464' title='bbox 587 2581 625 2614; x_wconf 91' lang='lat' dir='ltr'>ad</span> <span class='ocrx_word' id='word_1_465' title='bbox 639 2586 725 2614; x_wconf 90' lang='lat' dir='ltr'>scuta</span> <span class='ocrx_word' id='word_1_466' title='bbox 740 2581 836 2621; x_wconf 90' lang='lat' dir='ltr'>mille,</span> <span class='ocrx_word' id='word_1_467' title='bbox 854 2581 920 2613; x_wconf 89' lang='lat' dir='ltr'>iulii</span> <span class='ocrx_word' id='word_1_468' title='bbox 937 2580 1010 2619; x_wconf 77' lang='lat' dir='ltr'>duo,</span> <span class='ocrx_word' id='word_1_469' title='bbox 1024 2590 1041 2612; x_wconf 86' lang='lat' dir='ltr'>a</span> <span class='ocrx_word' id='word_1_470' title='bbox 1055 2579 1139 2612; x_wconf 91' lang='lat' dir='ltr'>mille</span> <span class='ocrx_word' id='word_1_471' title='bbox 1153 2589 1252 2622; x_wconf 84' lang='lat' dir='ltr'>usque</span> 
     </span>
     <span class='ocr_line' id='line_1_85' title="bbox 511 2634 1254 2678; baseline -0.004 -11"><span class='ocrx_word' id='word_1_472' title='bbox 511 2635 550 2668; x_wconf 85' lang='lat' dir='ltr'>ad</span> <span class='ocrx_word' id='word_1_473' title='bbox 575 2634 714 2678; x_wconf 87' lang='lat' dir='ltr'>quinque</span> <span class='ocrx_word' id='word_1_474' title='bbox 740 2634 848 2674; x_wconf 86' lang='lat' dir='ltr'>millia,</span> <span class='ocrx_word' id='word_1_475' title='bbox 874 2634 966 2666; x_wconf 90' lang='lat' dir='ltr'>iulius</span> <span class='ocrx_word' id='word_1_476' title='bbox 989 2643 1071 2665; x_wconf 90' lang='lat' dir='ltr'>unus</span> <span class='ocrx_word' id='word_1_477' title='bbox 1096 2642 1154 2676; x_wconf 94' lang='lat' dir='ltr'>pro</span> <span class='ocrx_word' id='word_1_478' title='bbox 1179 2642 1254 2675; x_wconf 88' lang='lat' dir='ltr'>quo-</span> 
     </span>
     <span class='ocr_line' id='line_1_86' title="bbox 512 2686 1252 2731; baseline -0.005 -9"><span class='ocrx_word' id='word_1_479' title='bbox 512 2689 586 2722; x_wconf 87' lang='lat' dir='ltr'>libet</span> <span class='ocrx_word' id='word_1_480' title='bbox 613 2688 707 2721; x_wconf 89' lang='lat' dir='ltr'>simili</span> <span class='ocrx_word' id='word_1_481' title='bbox 732 2688 931 2728; x_wconf 78' lang='lat' dir='ltr'>centenari03</span> <span class='ocrx_word' id='word_1_482' title='bbox 956 2698 974 2720; x_wconf 93' lang='lat' dir='ltr'>a</span> <span class='ocrx_word' id='word_1_483' title='bbox 998 2688 1136 2731; x_wconf 87' lang='lat' dir='ltr'>quinque</span> <span class='ocrx_word' id='word_1_484' title='bbox 1168 2686 1252 2718; x_wconf 90' lang='lat' dir='ltr'>mille</span> 
     </span>
    </p>
   </div>
   <div class='ocr_carea' id='block_1_7' title="bbox 1264 2494 1271 2593">
    <p class='ocr_par' dir='ltr' id='par_1_11' title="bbox 1264 2494 1271 2593">
     <span class='ocr_line' id='line_1_87' title="bbox 1264 2494 1271 2593; baseline 0 0"><span class='ocrx_word' id='word_1_485' title='bbox 1264 2494 1271 2593; x_wconf 95' lang='lat' dir='ltr'> </span> 
     </span>
    </p>
   </div>
   <div class='ocr_carea' id='block_1_8' title="bbox 1265 2624 1272 2729">
    <p class='ocr_par' dir='ltr' id='par_1_12' title="bbox 1265 2624 1272 2729">
     <span class='ocr_line' id='line_1_88' title="bbox 1265 2624 1272 2729; baseline 0 0"><span class='ocrx_word' id='word_1_486' title='bbox 1265 2624 1272 2729; x_wconf 95' lang='lat' dir='ltr'> </span> 
     </span>
    </p>
   </div>
   <div class='ocr_carea' id='block_1_9' title="bbox 1286 2476 1364 2507">
    <p class='ocr_par' dir='ltr' id='par_1_13' title="bbox 1286 2476 1364 2507">
     <span class='ocr_line' id='line_1_89' title="bbox 1286 2476 1364 2507; baseline 0 0"><span class='ocrx_word' id='word_1_487' title='bbox 1286 2476 1364 2507; x_wconf 70' lang='lat' dir='ltr'>taxa.</span> 
     </span>
    </p>
   </div>
   <div class='ocr_carea' id='block_1_10' title="bbox 1287 2563 2029 2688">
    <p class='ocr_par' dir='ltr' id='par_1_14' title="bbox 1287 2563 2029 2688">
     <span class='ocr_line' id='line_1_90' title="bbox 1324 2563 2028 2600; baseline -0.003 -9"><span class='ocrx_word' id='word_1_488' title='bbox 1324 2565 1333 2591; x_wconf 85' lang='grc'>1</span> <span class='ocrx_word' id='word_1_489' title='bbox 1357 2563 1451 2600; x_wconf 80' lang='lat' dir='ltr'>Aptius</span> <span class='ocrx_word' id='word_1_490' title='bbox 1470 2563 1609 2598; x_wconf 81' lang='lat' dir='ltr'>legeretur</span> <span class='ocrx_word' id='word_1_491' title='bbox 1627 2563 1705 2597; x_wconf 81' lang='lat' dir='ltr'>facta</span> <span class='ocrx_word' id='word_1_492' title='bbox 1718 2583 1725 2595; x_wconf 87' lang='lat'>,</span> <span class='ocrx_word' id='word_1_493' title='bbox 1745 2569 1845 2598; x_wconf 85' lang='lat' dir='ltr'>nempe</span> <span class='ocrx_word' id='word_1_494' title='bbox 1874 2564 2028 2590; x_wconf 76' lang='lat' dir='ltr'>testamen-</span> 
     </span>
     <span class='ocr_line' id='line_1_91' title="bbox 1287 2607 1530 2643; baseline -0.008 -8"><span class='ocrx_word' id='word_1_495' title='bbox 1287 2612 1333 2639; x_wconf 80' lang='lat' dir='ltr'>ta,</span> <span class='ocrx_word' id='word_1_496' title='bbox 1355 2612 1406 2635; x_wconf 84' lang='lat' dir='ltr'>etc.</span> <span class='ocrx_word' id='word_1_497' title='bbox 1427 2610 1464 2643; x_wconf 46' lang='lat' dir='ltr'>(n.</span> <span class='ocrx_word' id='word_1_498' title='bbox 1482 2607 1530 2642; x_wconf 84' lang='lat' dir='ltr'>T.).</span> 
     </span>
     <span class='ocr_line' id='line_1_92' title="bbox 1322 2648 2029 2688; baseline -0.001 -8"><span class='ocrx_word' id='word_1_499' title='bbox 1322 2653 1338 2680; x_wconf 72' lang='lat'><strong>2</strong></span> <span class='ocrx_word' id='word_1_500' title='bbox 1354 2652 1462 2688; x_wconf 85' lang='lat' dir='ltr'>Aliquid</span> <span class='ocrx_word' id='word_1_501' title='bbox 1478 2651 1522 2679; x_wconf 85' lang='lat' dir='ltr'>hic</span> <span class='ocrx_word' id='word_1_502' title='bbox 1536 2651 1631 2679; x_wconf 84' lang='lat' dir='ltr'>deesse</span> <span class='ocrx_word' id='word_1_503' title='bbox 1647 2650 1764 2683; x_wconf 83' lang='lat' dir='ltr'>videtur,</span> <span class='ocrx_word' id='word_1_504' title='bbox 1779 2659 1810 2678; x_wconf 84' lang='lat' dir='ltr'>ex</span> <span class='ocrx_word' id='word_1_505' title='bbox 1825 2659 1852 2687; x_wconf 82' lang='lat' dir='ltr'>g.</span> <span class='ocrx_word' id='word_1_506' title='bbox 1868 2648 2029 2687; x_wconf 62' lang='lat' dir='ltr'>definiatur</span> 
     </span>
    </p>
   </div>
   <div class='ocr_carea' id='block_1_11' title="bbox 1285 2696 1388 2732">
    <p class='ocr_par' dir='ltr' id='par_1_15' title="bbox 1285 2696 1388 2732">
     <span class='ocr_line' id='line_1_93' title="bbox 1285 2696 1388 2732; baseline 0.01 -10"><span class='ocrx_word' id='word_1_507' title='bbox 1285 2697 1324 2732; x_wconf 83' lang='lat' dir='ltr'>(n.</span> <span class='ocrx_word' id='word_1_508' title='bbox 1340 2696 1388 2729; x_wconf 82' lang='grc' dir='ltr'><strong>τ.)-</strong></span> 
     </span>
    </p>
   </div>
   <div class='ocr_carea' id='block_1_12' title="bbox 2016 271 2207 301">
    <p class='ocr_par' dir='ltr' id='par_1_16' title="bbox 2016 271 2207 301">
     <span class='ocr_line' id='line_1_94' title="bbox 2016 271 2207 301; baseline 0.01 -2"><span class='ocrx_word' id='word_1_509' title='bbox 2016 271 2070 300; x_wconf 79' lang='lat' dir='ltr'>An.</span> <span class='ocrx_word' id='word_1_510' title='bbox 2088 271 2118 299; x_wconf 83' lang='lat' dir='ltr'>C.</span> <span class='ocrx_word' id='word_1_511' title='bbox 2137 271 2207 301; x_wconf 73' lang='lat'>¹6¹2</span> 
     </span>
    </p>
   </div>
   <div class='ocr_carea' id='block_1_13' title="bbox 2191 0 2293 3231">
    <p class='ocr_par' dir='ltr' id='par_1_17' title="bbox 2191 0 2293 3231">
     <span class='ocr_line' id='line_1_95' title="bbox 2191 0 2293 3231; baseline 0 0"><span class='ocrx_word' id='word_1_512' title='bbox 2191 0 2293 3231; x_wconf 95' lang='lat' dir='ltr'> </span> 
     </span>
    </p>
   </div>
  </div>
 </body>
</html>
