2293 3231
69 267 118 295 An.
130 264 158 293 C.
182 263 248 292 1612

906 261 1022 286 PAULUS
1047 261 1065 282 Υ
1090 262 1137 284 PF.

264 308 334 342 tarii
359 308 579 351 denegatione,
604 307 727 341 auditor
753 308 894 341 inhibere
920 314 946 341 ot
974 308 1002 340 in

263 363 357 396 causa
382 361 554 405 procedere
578 361 683 405 possit.

307 414 336 448 8.
362 415 394 447 In
417 414 666 458 expeditionibus
691 415 798 458 rigore
823 415 1002 447 huiusmodi

263 467 507 512 appellationum
542 472 717 511 apponatur
747 468 905 500 clausula:
939 468 999 509 Et,

262 524 423 564 quatenus
440 530 551 552 revera
567 521 727 552 sententia
744 530 806 553 uon
828 520 870 553 sit
887 520 1002 562 delini-

265 573 348 614 tiva,
377 572 428 605 vel
457 572 525 605 vim
553 571 739 614 definitivae
770 583 835 605 non
867 573 1000 613 haheat,

259 629 444 670 praesentes
474 624 586 658 literae
621 625 748 657 nullius
779 625 846 658 sint
883 625 1004 658 roboris

261 680 312 713 vel
327 679 491 712 momenti.

307 732 335 766 9.
366 731 400 764 In
426 731 603 765 monitoriis
637 731 838 774 generalibus
867 737 1002 763 reservet

262 785 438 818 facultatem
458 783 551 818 etiarn
567 783 731 817 Ordinario
749 784 808 817 loei
822 784 1002 817 absolvendi

262 837 457 872 incurrentes
473 847 622 870 censuras
642 837 673 870 in
689 837 734 869 eis
755 840 924 870 contentas.

307 890 358 924 10.
373 891 448 924 Item
464 887 529 923 non
541 889 686 923 decernat
705 893 865 933 sequestra
882 889 913 922 in
935 900 1004 922 eau-

262 945 304 977 sis
319 943 566 984 beneficialibus
581 943 612 975 in
627 943 743 987 quibus
760 943 933 986 procedere
950 954 1005 986 po-

261 1001 330 1039 test,
342 997 401 1030 nisi
418 997 504 1031 iuxta
516 997 651 1030 formam
664 997 893 1031 constitutionis
906 997 1004 1030 seticis

262 1050 490 1084 recordationis
511 1050 677 1084 Clementis
700 1050 800 1094 Papae
821 1051 843 1082 Y
872 1051 1003 1094 praede-

262 1104 395 1138 cessoris
414 1103 530 1145 nostri,
555 1114 634 1147 quae
658 1104 779 1147 incipit:
805 1103 858 1137 Ast
882 1115 1004 1147 compe-

261 1157 419 1199 scmdas',
432 1162 526 1202 prout
543 1161 685 1191 servatur
702 1157 732 1189 in
749 1158 836 1197 Rota,
851 1161 878 1191 et
897 1157 926 1189 in
944 1157 1004 1190 illis

262 1223 386 1256 semper
405 1215 581 1256 apponatur
595 1212 751 1245 clausula:
770 1211 905 1245 Proviso
918 1211 1004 1255 quod

261 1266 300 1300 de
322 1267 483 1310 [ructibus
506 1266 715 1310 sequestratis
743 1265 850 1298 cultus
872 1265 1005 1298 «lirinus

260 1327 530 1363 manuteneatur,
556 1323 745 1356 animorum
767 1332 844 1354 cura
862 1332 1005 1354 exerceo-

263 1383 335 1420 ζαν,
362 1381 391 1411 et
414 1377 486 1410 alia
502 1387 601 1410 onera
619 1376 765 1420 beneficio
782 1375 1003 1409 incumbentia

261 1436 503 1478 supportentur.

307 1486 320 1519 ‘t
329 1486 357 1519 ¹1.
375 1485 514 1519 Mandata
528 1485 565 1517 de
580 1484 808 1518 manutenendo
822 1494 1003 1528 numquam.

261 1540 320 1573 nisi
350 1539 479 1573 servatis
506 1537 667 1571 servandis
693 1541 722 1571 et
751 1541 838 1581 parte
866 1537 1004 1579 legitime

262 1594 369 1633 citata,
389 1593 535 1625 decernat
556 1595 607 1625 aut
628 1591 785 1624 concedat.

307 1647 358 1680 1⁶2.
383 1646 532 1689 Idemque
558 1645 588 1677 in
616 1645 784 1689 sequestris
813 1650 838 1675 et
870 1645 899 1677 in
921 1655 1006 1677 man-

262 1700 341 1733 datis
360 1699 547 1743 suspicionis
566 1699 657 1741 fugae
678 1702 795 1735 servet,
816 1698 874 1730 nisi
900 1697 1003 1741 aliqua

261 1754 382 1788 ratione
408 1752 580 1786 timendum
602 1752 650 1792 sit,
671 1751 781 1784 iudicis
801 1751 941 1791 arbitrio,
966 1751 1004 1785 de

263 1807 440 1851 suspicione
466 1806 575 1849 fugae,
596 1806 644 1837 vel
672 1805 829 1838 honorum
856 1805 1006 1848 dilapida-

262 1861 355 1901 tione,
375 1871 439 1904 quo
456 1870 531 1892 casu
547 1859 757 1891 iuramentum
778 1859 929 1902 praestari
950 1858 1004 1891 ‹le-

262 1915 333 1947 beat
349 1914 388 1947 de
404 1912 582 1957 suspicione
601 1912 692 1955 fugae
710 1912 756 1943 vel
774 1911 812 1943 de
829 1917 913 1944 metu
931 1911 1005 1944 dila-

263 1966 431 2012 pidationis
449 1966 617 1999 bonorum.

306 2020 358 2054 13.
383 2021 451 2054 Non
476 2019 623 2053 decernat
653 2025 762 2052 eontra
785 2019 951 2062 episcopos
975 2026 1002 2052 et

263 2074 301 2106 iis
327 2073 506 2117 superiores
537 2072 704 2106 monitoria
733 2072 770 2104 ad
797 2072 1004 2115 personaliter

264 2125 524 2170 comparendum,
547 2125 607 2158 nisi
632 2125 757 2169 praevia
784 2125 1004 2158 commissione

263 2180 384 2223 signata
400 2189 495 2212 manu
510 2180 628 2218 nostra,
642 2183 692 2210 aut
709 2189 768 2222 pro
785 2183 926 2221 tempore
944 2178 1006 2210 exi-

264 2232 372 2267 stentis
392 2231 524 2266 Romani
549 2230 726 2271 Pontificis,
749 2236 776 2263 et
797 2241 855 2273 pro
878 2230 1004 2264 decreto

265 2286 425 2320 monitorii
453 2285 491 2318 ad
518 2285 726 2330 personaliter
757 2285 1004 2328 comparendum

264 2340 341 2373 nihil
365 2339 504 2383 recipiat.

310 2393 361 2427 14.
381 2395 450 2436 Non
467 2393 615 2426 concedat
640 2402 742 2436 neque
759 2391 826 2424 dari
846 2392 1002 2435 permittat

265 2447 390 2481 auditor
408 2446 622 2480 remissoriam
642 2446 679 2478 ad
700 2449 805 2489 partes
827 2445 1005 2478 examinan-

266 2501 356 2542 dum,
384 2501 432 2534 rel
454 2501 660 2545 repetendum
688 2499 779 2534 citata
803 2504 890 2543 parte
915 2503 1007 2533 testes

267 2555 304 2588 ad
326 2554 504 2588 instantiam
528 2554 614 2593 sisoi,
642 2554 690 2587 vel
719 2552 914 2597 probandam
940 2552 1007 2585 eius

304 2671 316 2697 1
330 2670 404 2702 Quae
415 2668 554 2705 hucusque
564 2669 592 2696 in
602 2669 736 2698 Bullario
748 2676 800 2697 non
812 2668 911 2703 legitur
918 2666 1006 2703 (nm).

326 2723 405 2750 Butz.
426 2724 502 2752 Rom.
522 2738 557 2743 -
579 2723 640 2750 Vol.
655 2722 720 2750 XII.
847 2723 864 2750 9

1036 308 1256 343 intentionum
1276 308 1328 339 sed
1346 308 1536 341 advocentur
1557 312 1646 341 testes
1666 308 1702 340 ad
1724 320 1776 341 en-

1037 362 1126 397 riam,
1153 362 1198 394 vel
1220 372 1311 394 rausa
1337 361 1512 394 remittatur
1531 361 1567 393 ad
1589 365 1703 404 partes,
1721 362 1774 395 ubi

1037 416 1183 449 delictum
1201 420 1245 449 est
1264 415 1476 447 ronnnissum.

1086 468 1132 500 15.
1148 469 1208 501 Nm·
1228 469 1329 500 minus
1349 468 1495 501 comedat
1515 468 1632 500 litteras
1649 468 1686 500 ad
1704 479 1775 511 par-

1039 526 1082 553 tes
1100 532 1157 564 pro
1178 521 1337 564 rapiendis
1358 520 1478 553 indiciis
1499 522 1607 552 eontra
1629 521 1775 563 aliquem,

1038 573 1095 605 nisi
1117 574 1205 617 prius
1223 574 1252 605 in
1277 574 1363 605 rurist
1383 574 1504 617 ipsinu·t
1523 573 1657 606 auditori
1673 584 1775 606 came-

1038 637 1091 658 rae
1114 627 1181 659 eius
1201 627 1332 659 arbitrio
1352 627 1528 670 aliqualiter
1548 627 1718 660 eonstiterit
1738 627 1775 659 de

1038 678 1160 712 delicto.

1083 731 1133 764 16.
1152 731 1186 763 Et
1205 731 1234 763 in
1253 732 1352 764 causis
1370 732 1536 764 ordinariis
1553 732 1676 764 auditor
1689 743 1778 776 prae-

1037 784 1151 824 dictus,
1169 795 1223 816 seu
1250 785 1316 817 eius
1333 785 1363 817 in
1380 785 1524 818 civilibus
1552 785 1776 825 locumtenens,

1037 847 1099 870 non
1120 837 1249 881 recipiat
1267 838 1433 881 sportulas,
1450 848 1550 881 neque
1570 838 1710 872 notarius
1723 839 1776 871 ali-

1037 891 1111 934 quid
1138 901 1197 934 pro
1223 893 1295 924 nota
1322 891 1506 931 sententiae,
1535 891 1587 924 sed
1615 892 1645 923 in
1675 892 1775 925 causis

1037 943 1261 976 commissaliis
1282 949 1310 976 et
1335 944 1548 977 declaratoriis
1569 945 1777 978 contumaeia-

1038 997 1119 1030 libus
1137 1001 1266 1031 tantum.

1082 1050 1132 1083 17.
1148 1050 1312 1083 Praeterea
1328 1050 1452 1084 auditor
1467 1061 1529 1084 non
1546 1050 1694 1084 concedat
1711 1062 1777 1084 mo-

1037 1103 1150 1136 nitoria
1176 1113 1229 1136 seu
1256 1103 1473 1141 inhibitiones,
1493 1104 1524 1136 in
1544 1104 1606 1137 vim
1626 1105 1776 1138 constitu-

1038 1158 1129 1191 tionis
1150 1158 1364 1200 Eugenianae,
1382 1158 1420 1190 ad
1437 1160 1574 1190 timorem
1592 1158 1774 1195 curialium,

1038 1214 1096 1246 nisi
1114 1224 1173 1257 pro
1191 1214 1251 1246 illis
1268 1214 1321 1257 qui
1338 1214 1445 1246 saltem
1467 1224 1523 1256 per
1543 1224 1659 1245 annum
1676 1214 1707 1245 in
1727 1224 1777 1245 eu-

1038 1269 1084 1301 ria
1106 1268 1251 1301 continue
1272 1267 1471 1300 residentiam
1492 1267 1628 1299 sec-erint,

1090 1321 1135 1355 18.
1155 1323 1189 1355 t’t
1209 1322 1357 1355 tollantur
1375 1321 1607 1355 controversiae
1626 1322 1705 1354 inter
1724 1322 1776 1355 tri-

1038 1376 1163 1409 bunalia
1177 1375 1292 1415 euriae,
1306 1380 1333 1407 et
1352 1375 1518 1418 unicuique
1532 1385 1586 1407 sua
1602 1374 1775 1408 iurisdictio

1038 1435 1196 1470 serretur,
1221 1429 1417 1462 declaramus
1437 1428 1678 1472 exequutionem
1695 1429 1776 1461 obli·

1038 1483 1172 1527 gationis
1189 1484 1219 1516 in
1240 1483 1341 1516 forma
1361 1492 1503 1514 eamerae
1523 1481 1561 1514 ad
1581 1482 1775 1525 praedictum

1037 1537 1211 1569 auditorem
1225 1546 1377 1576 camerae,
1391 1535 1541 1579 privative
1555 1535 1591 1567 ad
1606 1535 1664 1567 alia
1681 1536 1777 1568 tribu-

1038 1590 1136 1631 nalia,
1161 1590 1336 1633 pertinere,
1360 1593 1578 1633 praeterquam
1608 1589 1638 1622 in
1666 1589 1778 1622 instru-

1039 1644 1151 1677 mentis
1168 1642 1416 1687 dependentibus
1434 1652 1449 1674 a
1468 1642 1568 1675 causis
1597 1648 1623 1675 et
1652 1643 1726 1675 aetis
1746 1642 1776 1675 in

1038 1697 1105 1730 aliis
1122 1696 1332 1729 tribunalibus
1346 1696 1526 1728 huiusmodi
1541 1696 1647 1737 gestis,
1659 1706 1695 1728 ac
1711 1696 1776 1728 sinc³

1038 1750 1231 1794 praeiudicio
1251 1753 1354 1783 motus
1370 1749 1493 1793 proprii
1513 1749 1543 1781 in
1565 1750 1703 1782 savorem
1721 1750 1777 1782 Po—

1038 1804 1103 1848 puli
1117 1803 1248 1837 Romani
1258 1802 1346 1842 editi:
1363 1807 1388 1835 et
1404 1802 1506 1846 quoad
1516 1802 1647 1835 elericos
1657 1802 1776 1836 ratione

1038 1858 1169 1901 originis
1182 1858 1230 1890 vel
1244 1856 1389 1890 beneficii
1404 1857 1571 1896 Romanos,
1585 1862 1613 1889 et
1631 1856 1699 1889 loca
1715 1856 1776 1899 pia,

1037 1913 1125 1945 loeus
1143 1912 1179 1944 sit
1198 1910 1411 1955 praeventioni
1436 1909 1516 1942 inter
1536 1910 1637 1953 ipsum
1655 1909 1776 1942 audito-

1038 1976 1104 1998 rem
1122 1969 1149 1999 et
1167 1970 1309 1998 nostrum
1327 1964 1358 1996 in
1378 1964 1461 1996 Urbe
1478 1963 1639 1996 ricarium.

1082 2019 1132 2053 119.
1144 2019 1190 2059 Et,
1201 2018 1302 2062 quoad
1315 2017 1570 2062 praeventionem
1582 2017 1661 2049 inter
1674 2016 1776 2060 ipsum

1037 2079 1067 2106 et,
1083 2074 1185 2107 sorum
1200 2072 1407 2117 Capitolinum
1426 2072 1456 2104 in
1470 2071 1571 2104 causis
1585 2071 1777 2104 vertentibus

1038 2127 1118 2159 inter
1142 2126 1224 2159 eires
1246 2129 1274 2159 et
1294 2125 1430 2165 incolas,
1448 2125 1613 2158 statuimus
1629 2128 1657 2157 et
1675 2123 1777 2156 deela-

1038 2191 1154 2220 ramus,
1171 2189 1286 2212 nomen
1304 2178 1477 2211 incolarum
1496 2177 1581 2210 iuxta
1600 2177 1677 2209 iuris
1695 2187 1778 2209 eom-

1039 2233 1142 2265 munis
1166 2232 1403 2276 dispositionem
1429 2241 1496 2263 esse
1522 2229 1776 2272 intelligendum:

1038 2289 1068 2319 et
1090 2285 1283 2328 ubicumque
1305 2294 1400 2327 super
1427 2283 1487 2316 hoc
1514 2282 1650 2315 dubitari
1679 2282 1777 2315 conti-

1038 2338 1135 2381 gerit,
1171 2341 1239 2371 orta
1272 2338 1352 2370 inter
1386 2336 1554 2369 tribunalia
1585 2334 1776 2371 diffluentia,

1038 2391 1076 2423 ad
1092 2391 1285 2435 praefectum
1305 2390 1482 2432 signaturae
1502 2388 1635 2421 iustitiae
1656 2388 1777 2420 recurri

1040 2445 1233 2480 mandamus,
1254 2442 1322 2487 qui¹
1341 2444 1422 2475 hune
1437 2442 1604 2475 articulum
1621 2452 1714 2474 manu
1732 2452 1779 2473 re-

1040 2499 1090 2541 gia
1113 2498 1178 2530 sine
1206 2497 1362 2540 scriptura
1377 2523 1384 2536 ,
1407 2495 1492 2528 omni
1524 2499 1552 2529 et
1581 2506 1778 2538 quacumque

1039 2550 1247 2595 appellatione
1274 2554 1302 2581 et
1330 2559 1462 2582 recursu
1486 2548 1629 2588 remotis,
1650 2548 1680 2580 in
1699 2558 1778 2592 quo—

1077 2623 1088 2647 1
1110 2620 1252 2647 videretur
1271 2619 1331 2647 heic
1351 2619 1505 2648 addendum
1528 2627 1612 2655 super
1631 2619 1673 2647 vel
1688 2620 1775 2653 circa,

1040 2666 1082 2693 vel
1097 2665 1161 2702 quid
1176 2664 1262 2693 simile
1277 2664 1314 2699 (n.
1329 2663 1378 2699 τ.).

1702 251 1744 285 65
1789 260 1838 288 An.
1855 260 1882 288 c.
1908 261 1973 288 16¹2
