2293 3231
72 273 121 301 An.
136 271 164 300 G.
187 270 252 300 1621

132 810 259 833 Huiusmodi

75 843 152 861 caueae
175 844 258 868 semper

75 867 171 893 spectent
179 865 205 887 ad
212 870 258 886 eius

74 892 174 915 tribunal.

118 1611 212 1634 auarum
230 1610 261 1632 sa-

80 1637 180 1669 cultatum
212 1642 261 1660 con-

79 1671 156 1688 sessio.

873 268 1049 294 GREGORIUS
1071 268 1114 293 XV
1137 268 1186 294 rP‘

270 316 432 364 pascendi,
457 317 614 361 lignandi,
640 316 842 357 collectandi,
863 316 1012 357 venandi,

270 369 421 416 piscandi,
439 370 574 404 molendi
589 375 619 403 et
633 370 783 404 similium
802 370 878 411 (sire
889 380 1013 403 camera
1029 394 1030 398 ,

270 422 443 467 apostolica
460 423 491 456 in
509 423 553 455 eis
570 428 623 456 aut
639 423 744 468 aliqu-21
769 422 909 466 ipsarum
923 422 1013 455 saciat

269 482 403 522 partem,
421 477 468 511 vel
484 487 562 519 non,
589 488 699 511 causae
721 478 807 522 ipsae
831 478 913 510 inter
931 477 1012 520 ipsas
1028 477 1030 484 ’

271 530 527 571 communitates,
552 530 615 563 sive
640 531 720 564 inter
744 531 826 574 ipsas
850 535 879 563 et
903 540 1030 563 earum*

271 583 416 617 dominos
440 583 472 616 in
495 583 735 628 temporalibus,
760 585 806 617 vel
832 584 912 617 inter
936 583 1012 615 alias

271 636 478 682 particulares
495 647 664 682 personas,
682 637 862 670 communia
887 641 917 669 et
941 636 1007 669 col-

271 690 362 734 leg-ia,
377 695 479 724 motae
494 690 564 731 sint,
580 691 626 723 vel
640 701 691 723 eas
704 690 824 724 moveri
839 690 1010 733 contingat)
1028 717 1030 736 s

273 752 464 787 cognoscere
483 743 590 787 possit.
1027 768 1030 788 A

317 798 332 841 ἓ
355 796 407 830 31.
433 796 470 830 Et
493 807 619 841 semper
644 807 755 830 causae
778 797 871 835 istae,
896 796 944 828 rel
970 795 1011 827 si-

273 851 374 892 miles,
392 856 421 885 et
439 851 516 884 aliae
541 851 652 895 quovis
678 850 771 884 modo
796 849 1007 894 comprehen-

275 915 328 938 sae
350 904 383 938 in
405 904 473 937 aliis
496 902 608 936 litteris
626 904 806 937 facultatum
831 897 1029 952 camerariis}

274 969 333 1003 pro
356 964 498 1002 tempore
523 957 689 996 concessis,
709 966 786 1000 quas
811 954 842 988 in
865 954 1031 1012 omnibus}

275 1017 306 1045 et
321 1021 376 1055 per
401 1011 516 1051 omnia,
533 1015 685 1054 quatenus
710 1009 927 1053 praesentibus
950 1016 1031 1041 nont

275 1073 338 1098 non
355 1064 598 1105 contrariemur,
614 1064 729 1097 harum
745 1063 825 1096 serie
849 1062 1013 1096 confirma-

275 1127 344 1151 mus
368 1122 399 1150 et
423 1118 625 1158 innovamuS,
651 1116 712 1150 sint
735 1120 764 1150 et
788 1126 856 1149 esse
881 1114 1031 1149 debeant'

274 1171 332 1204 sub
348 1170 563 1206 iurisdictione
584 1177 613 1204 et
630 1169 854 1215 superioritate
874 1169 1012 1203 eiusdem

274 1223 425 1259 Ludovici
449 1224 614 1257 cardinalis
642 1229 671 1257 et
704 1235 762 1268 pro
788 1229 930 1268 tempore
954 1223 1014 1256 exi-

275 1278 385 1312 stentis
399 1277 576 1318 camerarii,
593 1277 722 1322 ipseque
735 1278 766 1310 in
779 1278 824 1311 eis
839 1277 1013 1322 procedere

274 1332 384 1377 possit,
398 1335 461 1366 tam
477 1331 587 1374 vigore
600 1331 822 1375 praesentium,
833 1341 927 1375 quam
943 1331 1015 1364 alia-

274 1396 345 1419 rum
358 1396 629 1430 quarumcumque
641 1385 824 1418 facultatum
846 1396 902 1430 per
919 1395 1014 1429 quos-

276 1450 411 1484 cumque
435 1439 512 1473 alios
532 1439 690 1473 Romanos
705 1439 872 1473 Pontifices
889 1439 1015 1483 praede-

276 1503 417 1527 cessores
440 1497 566 1526 nostros
589 1492 657 1526 aliis
681 1493 861 1526 camerariis
886 1503 1015 1526 conces-

276 1557 392 1580 sarum.

320 1601 336 1645 ἓ
358 1600 410 1634 32.
436 1600 691 1634 Subhastationes
721 1600 914 1645 pignorum,
939 1600 1016 1633 exis-

275 1653 408 1687 tentium
431 1663 528 1698 penes
551 1654 704 1687 hebraeos
726 1654 923 1694 bancherios,
941 1655 1016 1687 fiant

275 1707 307 1740 in
330 1707 433 1741 Monte
457 1707 597 1752 pietatis,
617 1707 649 1740 in
673 1718 735 1751 quo
760 1707 921 1740 residuum
946 1718 1017 1751 pre-

275 1761 310 1794 tii
334 1760 448 1806 deponi
465 1761 636 1801 consuevit,
654 1761 701 1794 vel
717 1761 750 1794 in
772 1761 866 1795 domo
890 1761 1015 1801 notarii,

276 1823 348 1848 cum
368 1814 495 1848 decreto
511 1819 616 1848 tamen
633 1814 773 1848 eiusdem
786 1815 934 1848 Ludovici
952 1826 1017 1848 car—

277 1867 398 1908 dinalis,
422 1873 453 1901 et
475 1878 534 1912 pro
558 1873 702 1912 tempore
726 1868 885 1902 existentis
910 1879 1014 1902 came-

277 1920 416 1962 merarii,
436 1920 500 1954 sive
517 1920 584 1954 eius
604 1921 768 1963 auditoris,
789 1933 846 1966 per
863 1927 931 1955 acta
950 1922 1016 1955 eius

276 1973 390 2007 notarii
408 1974 523 2017 gratis:
541 1978 570 2008 et
586 1974 619 2007 in
635 1974 737 2008 causis
754 1975 829 2008 furti
847 1976 1014 2019 pignorum

279 2025 435 2060 dictorum
458 2026 713 2069 bancheriorum,
738 2028 806 2072 ipse
830 2029 924 2071 solus⁷
951 2029 1016 2073 pri-

279 2080 379 2114 vative
403 2080 506 2124 quoad
530 2090 638 2114 omnes
662 2081 749 2121 alios,
773 2082 933 2126 procedat,
954 2093 1017 2117 non

281 2134 423 2169 obstante
453 2134 676 2168 reformatione
710 2135 886 2179 praedicta:
911 2136 1018 2169 banni-

281 2194 395 2231 menta‚
409 2188 510 2223 edicta
521 2193 552 2222 et
564 2189 767 2232 proclamata,
785 2200 820 2222 ac
837 2190 913 2223 alias
931 2201 1019 2234 quas—

282 2252 416 2285 cumque
432 2241 645 2286 expeditiones
662 2243 834 2276 camerales
850 2253 946 2287 super
968 2253 1019 2276 an-

280 2297 372 2336 nona,
386 2295 519 2338 grascizi,
533 2299 563 2327 et
585 2295 651 2328 aliis
668 2295 855 2339 supradictis
872 2296 1018 2329 omnibus

282 2359 317 2382 ac
350 2349 481 2392 singulis
511 2349 613 2382 facere
649 2353 677 2383 et
706 2349 867 2393 publicare
900 2350 1018 2393 possit;

282 2407 312 2436 et
328 2403 353 2436 si
367 2414 446 2447 quae
459 2413 477 2436 a
489 2403 739 2447 praesidentibus
757 2409 785 2436 et
806 2403 928 2437 clericis
949 2405 1020 2437 sub-

282 2456 461 2490 scribantur
481 2457 511 2489 in
535 2457 613 2490 locis
637 2457 874 2501 comprehensis
899 2461 1018 2491 tantum

283 2509 314 2541 in
338 2520 449 2543 eorum
472 2510 697 2552 iusisdictione,
715 2516 748 2543 ut
767 2521 871 2555 supra,
892 2512 950 2544 sub
968 2522 1019 2545 no—

284 2561 366 2595 mine
390 2568 419 2595 et
443 2563 546 2606 sigillo
570 2563 644 2597 dicti
668 2564 822 2605 Ludovici
842 2564 1018 2605 cardinalis,

285 2620 315 2647 et
337 2625 395 2659 pro
417 2621 558 2661 tempore
588 2617 749 2651 existentis
780 2618 964 2659 camerarii,
989 2624 1019 2652 et

285 2678 357 2702 cum
380 2668 462 2704 illius
492 2671 732 2717 participatione
762 2671 831 2706 fieri
867 2671 1016 2706 debeant:

1047 326 1167 350 necnon
1188 326 1316 361 poenae,
1334 317 1364 349 in
1382 316 1499 349 eisdem
1516 316 1726 349 bannimentis
1743 316 1785 348 in-

1047 369 1210 413 fligendae,
1237 371 1303 403 eius
1329 375 1358 403 et
1381 369 1638 414 praesidentium,
1656 369 1709 413 qui
1732 369 1785 402 illa

1047 423 1301 467 subscripserint,
1325 422 1455 456 arbitrio
1480 421 1667 455 cumulativc
1692 431 1786 466 appo-

1047 481 1174 516 nantnrj.
1193 482 1219 508 et
1244 476 1275 508 in
1300 485 1373 509 casu
1391 475 1656 509 contraventionis
1673 480 1703 508 et
1717 485 1786 508 exe-

1045 529 1204 573 quutionis
1238 529 1361 561 illarum
1400 529 1481 561 inter
1512 529 1719 562 camerarium
1755 535 1784 562 et

1046 582 1258 626 praesidentes
1282 581 1459 626 praedictos
1483 582 1663 626 praeventio
1679 581 1784 614 locum

1046 635 1168 675 habeat,
1185 639 1215 671 et
1226 635 1428 668 bannimenta
1445 635 1526 667 ultra
1539 635 1607 668 loca
1622 634 1653 667 in
1663 634 1787 668 iurisdi-

1046 688 1147 721 ctiont¹
1164 688 1410 732 praesidentium
1429 689 1595 722 constituta
1612 688 1786 722 emananda

1046 753 1100 785 per
1131 742 1278 776 eumdem
1310 742 1501 775 Ludovicum
1531 742 1721 775 cardinalem
1757 746 1788 777 et

1046 805 1104 838 pro
1130 799 1271 838 tempore
1296 795 1479 828 existentem
1505 795 1714 828 camerarium
1739 805 1787 829 so-

1045 846 1111 880 lum
1125 848 1200 880 siant
1213 854 1243 881 et
1257 848 1504 882 subscribantur.
1524 848 1673 882 Similiter
1686 848 1787 882 edicta

1047 912 1141 945 super
1164 901 1254 935 novis
1279 901 1497 943 locationibus,
1516 913 1581 943 seu,
1605 906 1639 936 ut
1662 902 1787 943 dicitur,

1047 955 1189 998 appaltiS,
1210 955 1329 989 scilicet
1350 955 1544 998 (loganarum
1560 983 1567 996 ‚
1582 955 1789 989 thesauraria-

1045 1019 1127 1050 rum,
1145 1009 1350 1051 gabellarum‚
1366 1015 1396 1043 et
1413 1010 1546 1043 aliorum
1564 1020 1789 1054 quorumcum-

1046 1072 1107 1106 que
1131 1062 1289 1096 bonorum
1318 1068 1348 1096 et
1371 1063 1488 1096 iurium
1521 1063 1621 1096 dictae
1646 1073 1789 1097 camerae

1047 1116 1259 1159 apostolicae,
1287 1127 1345 1161 per
1377 1128 1449 1150 eum
1482 1117 1572 1158 fiant3
1598 1121 1628 1151 et
1651 1118 1789 1162 capitula

1048 1170 1183 1214 desuper
1208 1171 1400 1204 conficienda
1417 1181 1475 1215 per
1493 1172 1723 1206 thesaurarium
1741 1183 1789 1206 co—

1048 1234 1115 1256 ram
1140 1224 1314 1258 camerario
1344 1225 1528 1269 praedicto,
1554 1236 1609 1258 seu
1640 1225 1672 1258 in
1697 1226 1789 1269 plena

1048 1280 1183 1319 camera,
1209 1284 1238 1311 et
1261 1289 1325 1312 non
1349 1279 1424 1312 alias
1448 1279 1625 1312 firmentur.
1643 1279 1789 1313 Tabellae

1048 1333 1311 1366 communitatum
1327 1333 1479 1376 praedicti
1495 1332 1599 1366 Status
1615 1333 1714 1366 nostri
1736 1333 1790 1367 Ec—

1048 1387 1213 1420 clesiastici
1251 1397 1308 1431 per
1346 1387 1541 1431 praedictum
1578 1387 1789 1420 camerarium

1048 1441 1288 1474 subscribantur
1304 1468 1311 1481 ,
1336 1446 1367 1473 et
1397 1441 1558 1474 observari
1591 1441 1787 1475 mandentur.

1049 1495 1180 1538 Ipseque
1209 1495 1402 1528 camerarius
1433 1494 1646 1529 ordinationes
1670 1501 1700 1528 et
1730 1495 1787 1529 de-

1049 1553 1143 1590 creta,
1156 1558 1213 1592 per
1230 1549 1491 1592 congregationes
1508 1559 1604 1593 super
1620 1549 1688 1590 viis,
1701 1550 1791 1594 aquis

1049 1607 1079 1635 et
1102 1601 1231 1635 flumine
1255 1602 1396 1647 Tyberis,
1413 1608 1443 1635 et
1462 1603 1719 1636 demolitionibus
1734 1603 1791 1637 do-

1050 1666 1174 1689 morum
1198 1667 1257 1700 pro
1281 1655 1486 1700 ampliandis,
1511 1656 1708 1697 sternendis,
1736 1667 1791 1690 seu

1050 1708 1222 1751 dirigendis
1246 1709 1303 1742 viis
1328 1714 1359 1742 et
1380 1709 1491 1752 plateis
1516 1709 1610 1743 Urbis
1633 1709 1791 1751 facienda,

1050 1763 1173 1795 debitae
1197 1762 1399 1807 exequutioni
1435 1762 1617 1796 demandari
1650 1763 1742 1798 faciat
1762 1769 1792 1797 et

1050 1822 1232 1861 exequatur.
1258 1818 1293 1850 Et
1312 1817 1335 1850 si
1361 1828 1451 1850 casus
1475 1818 1622 1858 evenerit,
1636 1818 1720 1862 quod
1740 1818 1793 1851 ali-

1050 1871 1120 1915 quis
1145 1881 1182 1903 ex
1207 1870 1393 1903 officialibus
1417 1871 1528 1915 Populi
1551 1871 1685 1906 Romani
1708 1870 1793 1906 dicta

1051 1924 1129 1958 Sede
1147 1924 1325 1969 Apostolica
1344 1930 1472 1958 vacante
1492 1925 1656 1965 moriatur,
1673 1925 1721 1958 vel
1738 1935 1792 1960 no-

1050 1979 1085 2011 lit
1110 1983 1163 2011 aut
1186 1988 1248 2011 non
1273 1979 1374 2011 valeat
1398 1978 1566 2019 deservire,
1599 1989 1653 2012 seu
1678 1989 1792 2013 munus

1051 2043 1142 2066 suum
1179 2032 1289 2073 obire,
1318 2032 1384 2076 ipse
1416 2033 1601 2066 auctoritate
1632 2032 1699 2067 eius
1724 2033 1792 2068 offl-

1051 2086 1091 2119 cii
1127 2086 1223 2119 alium
1259 2097 1295 2119 ex
1330 2086 1457 2119 bussola
1488 2087 1653 2120 extrahere
1683 2087 1790 2131 possit.

1051 2140 1274 2174 Concessiones
1295 2140 1411 2173 situum
1437 2146 1467 2173 et
1485 2140 1629 2174 locorum
1654 2141 1792 2185 publico-

1053 2205 1122 2226 rum
1148 2194 1180 2226 in
1205 2193 1287 2227 Urbe
1312 2198 1341 2226 et
1365 2204 1518 2237 aquarum
1539 2194 1677 2237 Virginis
1693 2200 1723 2227 et
1738 2195 1793 2227 Fe—

1052 2247 1120 2280 licis
1144 2247 1219 2279 fiant
1240 2257 1296 2290 per
1312 2246 1431 2279 litteras
1447 2253 1587 2291 patentes
1604 2247 1677 2280 dicti
1694 2248 1793 2282 Ludo-

1054 2300 1112 2333 vici
1137 2300 1314 2340 cardinalis,
1335 2306 1363 2333 et
1382 2311 1440 2344 pro
1466 2306 1606 2344 tempore
1633 2301 1792 2335 existentis

1053 2354 1228 2386 camerarii.
1254 2354 1372 2386 Notarii
1405 2364 1548 2387 camerae
1581 2355 1791 2398 apostolicae,

1053 2413 1081 2439 et
1107 2407 1158 2439 alii
1183 2407 1343 2446 officiales,
1361 2412 1391 2439 et
1416 2407 1550 2440 ministri
1572 2408 1743 2441 camerales
1760 2408 1792 2441 in

1053 2459 1198 2492 omnibus
1215 2469 1325 2492 eorum
1339 2460 1451 2496 causis,
1465 2465 1528 2493 tam
1542 2461 1684 2494 civilibus
1698 2472 1791 2505 quam

1053 2512 1269 2545 criminalibus
1293 2518 1324 2545 et
1348 2513 1461 2552 mixtis,
1480 2513 1541 2546 sint
1565 2518 1594 2547 et
1618 2525 1686 2547 esse
1706 2515 1792 2548 intel-

1053 2566 1189 2608 ligantur
1213 2565 1345 2598 subiecti
1369 2565 1575 2599 iurisdictioni
1599 2566 1674 2600 dicti
1694 2567 1793 2601 Ludo-

1052 2619 1111 2652 vici
1136 2618 1312 2659 cardinalis,
1330 2624 1359 2651 et
1383 2629 1442 2662 pro
1466 2624 1609 2663 tempore
1633 2620 1792 2654 existentis
1823 2662 1827 2665 ι

1053 2672 1228 2713 camerarii,
1243 2673 1334 2707 etiam
1346 2673 1497 2717 privative
1515 2673 1617 2718 quoad
1635 2673 1712 2708 alios
1729 2684 1792 2709 om-

1685 258 1747 293 5⁶27
1794 268 1843 296 An.
1864 267 1891 296 c.
1912 267 1975 296 1621
