2293 3231
279 290 330 317 An.
346 289 376 317 C.
395 290 462 318 ¹622

305 1683 414 1710 impositio
428 1683 464 1704 do·

280 1712 349 1732 cimae
365 1717 376 1732 a
392 1712 463 1734 clero,

279 1741 321 1759 tam
372 1738 462 1758 seculari

279 1770 343 1791 quam
372 1765 462 1786 rea-ilari

278 1790 438 1818 persolvendae.

509 281 572 315 710
1045 289 1224 313 ammarum

479 339 592 372 blicam
618 338 647 370 id
673 338 761 370 enixe
782 337 971 378 flagitantem
997 337 1235 376 ecclesiasticis]

479 391 601 424 auxiliis
625 395 774 434 prompto
799 389 970 431 libentique
1001 389 1107 422 animo
1135 380 1236 423 adiu-l

480 445 568 477 rare·
589 443 797 482 decrevimus,
811 442 1008 475 attendentes
1032 453 1095 476 non
1115 425 1236 475 solu-ul

479 507 535 530 nos
559 497 624 529 eius
649 496 741 529 unius
766 496 867 535 saluti,
892 506 1000 529 verum
1025 495 1119 528 etiam
1138 496 1235 528 mul-=

480 554 581 584 lorum
595 560 630 582 ac
651 549 791 582 omnium
811 549 913 583 ltaliae
931 549 1119 593 populorum
1139 548 1237 600 iuco-,¹

478 603 610 636 lumitati
636 603 812 643 consulere,
833 614 905 636 cum
932 603 997 646 ipsa
1015 604 1053 635 sit
1069 613 1218 645 maguum

479 658 572 691 totius
604 658 708 691 ltaliae
741 658 993 697 munimentum,
1019 668 1055 690 ac
1079 657 1237 690 firmissi-r

478 722 563 744 nium
578 711 830 744 marisAdriatici
844 711 1129 756 propugnaculum.
1143 710 1221 750 Qua-

478 764 620 797 mobrem
639 775 773 808 aequum
795 769 823 798 et
846 764 956 798 rationi
975 770 1218 798 consentaneum

478 828 545 851 esse
569 817 715 850 duximus
741 818 841 851 eidem
868 818 1079 862 Reipublicae,
1096 828 1221 851 eorum-

479 870 548 903 dem
573 871 738 905 Clementis
763 877 794 904 et
819 872 903 904 Pauli
937 872 1218 916 praedecessorum

479 925 631 968 exemplo,
645 925 784 958 subsidio
803 925 998 958 decimarum
1015 937 1051 959 ex
1065 926 1220 960 fructibus

479 981 507 1011 et
532 978 704 1011 redditibus
729 979 824 1012 totius
848 979 922 1011 cleri
948 979 1086 1012 eiusdem
1116 978 1220 1012 Status

479 1031 669 1066 Yenetorum
689 1044 748 1076 pro
772 1033 890 1066 eisdem
916 1033 1024 1066 usibus
1041 1033 1078 1066 ad
1096 1039 1218 1066 certum

479 1089 603 1129 tempus
627 1086 828 1120 attribuendo
853 1087 1031 1126 subvenire,
1045 1086 1169 1119 firmam
1189 1086 1237 1119 in¹

479 1138 611 1173 Domino
628 1140 775 1173 fiduciam
795 1140 944 1174 habentes
959 1141 1034 1180 fore,
1050 1144 1083 1174 ul
1100 1151 1135 1173 ea
1150 1140 1221 1173 Res-

479 1193 615 1236 publica,
633 1194 690 1226 hac
707 1194 925 1228 testificatione
945 1199 1095 1238 paternae
1113 1194 1220 1227 volun-

480 1246 550 1279 tatis
575 1257 649 1290 erga
682 1258 714 1280 se
745 1253 892 1288 nostrae,
923 1258 985 1281 non
1018 1248 1119 1280 solum
1151 1257 1219 1280 sese

479 1300 642 1341 munitam,
667 1306 697 1334 et
720 1312 778 1345 pro
804 1312 838 1334 re
862 1304 934 1334 nata
955 1301 993 1334 ad
1011 1301 1218 1334 resistendum

480 1355 640 1387 communi
670 1355 750 1387 hosti
783 1360 923 1398 paratam
957 1355 987 1387 in
1021 1355 1087 1387 dies
1119 1354 1220 1397 magis

479 1413 663 1450 conservet,
696 1408 750 1441 sed
780 1408 872 1441 etiam
904 1408 942 1441 ad
971 1408 1118 1451 pristinas
1147 1407 1218 1441 belli

479 1461 562 1494 vires
581 1462 785 1495 resumendas
809 1467 918 1495 contra
942 1462 1088 1495 eumdem
1108 1462 1237 1494 Turca-‘

479 1526 550 1548 rum
574 1521 751 1560 tyramnum
777 1517 939 1556 excitetur,
958 1522 990 1549 ut
1009 1516 1059 1549 ille
1079 1516 1236 1561 christia-y,

478 1578 591 1603 norum
605 1570 702 1603 armis
713 1570 751 1602 ab
762 1570 904 1614 Europae
918 1570 1038 1603 sinibus
1051 1570 1218 1614 aliquando

478 1622 672 1655 detrudatur.
1234 1633 1237 1662 ι

523 1676 538 1719 g
552 1675 581 1709 9..
596 1676 658 1709 Nos
672 1677 777 1719 igitur,
789 1676 856 1709 istis
873 1676 1005 1721 aliisque
1023 1676 1219 1719 gravissimis

479 1734 508 1762 et
530 1730 708 1763 iustissimis
731 1730 770 1763 de
794 1730 897 1763 causis
922 1731 1009 1771 moti,
1035 1735 1122 1764 motu
1149 1741 1220 1774 pro-

478 1782 548 1826 prio
565 1789 593 1816 et
611 1794 647 1817 ex
666 1785 752 1817 certa
770 1784 900 1817 scientia
920 1795 955 1817 ac
973 1783 1011 1817 de
1029 1784 1219 1828 apostolicae

477 1837 639 1880 potestatis
656 1837 851 1881 plenitudine
867 1837 993 1877 nostris,
1006 1843 1115 1871 tenore
1132 1848 1220 1881 prae-

478 1890 623 1931 sentium,
637 1891 804 1924 indicimus
815 1896 843 1925 et
856 1891 1048 1935 imponimus
1061 1891 1218 1925 sexdecim

478 1943 614 1977 decimas
632 1945 768 1988 integras
785 1945 926 1978 oninium
944 1951 973 1978 et
991 1956 1219 1989 quorumcum-

478 2007 539 2041 que
562 1998 732 2038 sructuum,
749 1999 928 2031 reddituum
953 2004 983 2032 et
1008 2003 1217 2043 proventuum

478 2061 749 2096 quarumcumque
785 2053 987 2086 eeclesiarum
1023 2054 1219 2097 patriarcha-

479 2104 555 2137 lium
571 2132 577 2145 ,
602 2106 918 2150 archiepiscopalium
933 2134 940 2148 ,
970 2106 1196 2150 episcopalium
1212 2133 1218 2147 ‚

480 2157 700 2199 abbatialium,
726 2159 946 2202 capitularium
971 2165 1001 2192 et
1024 2165 1216 2193 conventua-

479 2210 573 2251 lium,
597 2212 793 2255 prioratuum
825 2223 961 2256 quoque,
986 2213 1220 2256 praepositura—

480 2274 568 2305 rum,
594 2266 881 2309 praepositatuum,
907 2267 1219 2310 praeceptoriarum‚

480 2317 731 2359 canonicatuum,
750 2319 1013 2362 praebendarum,
1031 2319 1218 2362 dignitatum

480 2371 572 2404 etiam
591 2373 746 2405 maiorum
767 2384 802 2406 ac
820 2373 1052 2417 principalium,
1073 2369 1238 2417 persona-¹

481 2428 590 2465 tuum,
621 2426 928 2459 administrationum
962 2432 991 2459 et
1023 2427 1220 2465 officiorum,

482 2484 723 2523 ceterorumque
747 2480 973 2513 beneficiorum
999 2480 1222 2514 ecclesiastico-

482 2541 564 2571 rum,
581 2543 652 2564 cum
678 2535 754 2565 cura
779 2538 807 2565 et
833 2533 899 2566 sine
925 2535 1011 2574 curet,
1032 2534 1220 2567 secularium

483 2593 519 2616 ac
543 2585 640 2617 sancti
658 2585 825 2626 Benedicti,
843 2586 939 2619 sancti
960 2587 1134 2630 Augustini,
1152 2587 1222 2621 Clu-

522 2655 532 2681 l
551 2654 620 2682 Edit.
641 2655 721 2683 tttain.
742 2657 824 2684 habet
838 2658 1001 2692 adiuvant„
1022 2658 1125 2685 scilieet
1139 2658 1223 2686 adiu-

485 2704 592 2733 vantes,
608 2701 655 2728 sed
670 2701 744 2729 aliud
758 2702 872 2737 requirit
886 2704 1003 2737 syntaxis
1019 2704 1055 2738 (R.
1071 2704 1120 2738 Τ.).

1250 289 1405 313 nouatum
1698 312 1702 314 .

1250 336 1416 375 niacensis,
1428 335 1652 375 Cisterciensis‚
1665 335 1994 377 Praemonstratensis,

1252 389 1350 421 sancti
1368 388 1482 428 Basilii,
1499 387 1776 432 Sylvestrinorum,
1795 394 1835 430 et,
1851 389 1904 434 qui
1921 400 1995 434 pro-

1251 442 1399 485 prietates
1424 440 1627 485 redditusque
1650 446 1754 475 certos
1769 451 1807 475 ex
1829 442 1994 486 privilegio

1253 495 1427 539 apostolico
1452 495 1499 528 vel
1525 495 1600 527 alias
1624 493 1801 538 possident,
1825 494 1996 529 Mendican-

1253 548 1343 589 tium,
1369 553 1398 581 et
1423 548 1608 592 quorumvis
1632 548 1767 581 aliorum
1791 547 1944 582 Ordinum
1963 559 1997 582 u-

1254 601 1394 646 triusque
1419 612 1520 643 sexus,
1539 607 1569 635 et
1592 602 1892 646 congregationum¹
1919 603 1997 647 (non

1253 661 1359 689 tamen
1391 666 1518 696 earum,
1547 667 1627 700 quae
1659 656 1789 690 inferius
1819 656 1996 702 descriptae

1254 711 1338 754 sunt)
1349 720 1384 743 ac
1399 710 1581 743 militiarum
1596 710 1789 753 regularium
1803 710 1835 743 in
1847 710 1995 745 universo

1253 763 1394 799 dominio
1429 765 1531 799 dictae
1567 765 1770 809 Reipublicae
1805 765 1995 799 Venetorum

1254 814 1472 858 exist'entium;
1497 828 1534 852 ac
1563 818 1692 862 insuper
1726 817 1802 850 alias
1837 817 1994 852 sexdecim

1254 870 1391 904 decimas
1416 871 1558 904 omnium
1579 875 1608 905 et
1625 881 1899 915 quarumcumque
1922 881 1996 916 pen-

1254 925 1377 958 sionum
1403 935 1578 959 annuarum
1599 935 1695 969 super
1711 925 1878 966 fructibus,
1893 925 1998 959 reddi-

1254 978 1338 1011 tibus
1361 983 1390 1011 et
1415 977 1620 1022 proventibus
1644 978 1832 1022 supradictis
1855 978 1996 1022 assigna-

1254 1037 1358 1065 tarum
1383 1037 1413 1065 et
1437 1032 1699 1075 assignandarum
1731 1031 1770 1065 ab
1794 1031 1941 1066 omnibus
1965 1037 1996 1065 et

1253 1085 1506 1130 quibuscumque
1524 1086 1724 1130 patriarchis,
1740 1085 1937 1130 primatibus,
1950 1096 1997 1120 ar-

1254 1139 1473 1183 chiepiscopis,
1486 1139 1653 1183 episcopis,
1667 1145 1697 1172 et
1710 1140 1779 1173 aliis
1788 1140 1995 1174 ecclesiarum

1235 1193 1411 1236 ¹praelatis,
1437 1193 1613 1237 ceterisque
1638 1194 1867 1239 cuiuscumque
1887 1198 1995 1235 status,

1234 1246 1381 1289 ngdus,
1399 1246 1560 1290 dignitatis
1585 1251 1614 1281 et
1639 1248 1827 1282 conditionis
1851 1247 1996 1292 personis

1254 1300 1406 1343 <exceptis
1423 1300 1583 1333 dumtaxat
1597 1301 1829 1334 venerabilibus
1845 1301 1996 1334 fratribus

1253 1354 1369 1387 nostris
1393 1353 1421 1388 S.
1437 1355 1471 1388 R.
1490 1355 1522 1388 E.
1541 1355 1762 1395 cardinalibus,
1779 1365 1837 1389 nec
1860 1365 1923 1388 non
1947 1354 1996 1388 di-

1255 1408 1341 1440 lectis
1365 1407 1438 1440 filiis
1463 1408 1615 1441 fratribus
1639 1409 1801 1452 hospitalis
1821 1408 1850 1441 S.
1871 1407 1996 1442 Ioannis

1254 1461 1539 1506 Hierosolymitzmi,
1559 1472 1595 1495 ac
1619 1462 1770 1496 fratribus
1794 1461 1995 1495 Mendicanti-

1253 1514 1311 1547 bus
1334 1514 1522 1558 praedictis,
1548 1520 1578 1548 et
1606 1515 1736 1560 insuper
1759 1515 1921 1549 beneficiis
1943 1526 1995 1549 ee-

1253 1568 1435 1601 clesiasticis
1448 1568 1552 1603 officio
1565 1575 1689 1602 sanctae
1700 1569 1911 1614 inquisitionis
1925 1569 1997 1604 hae-

1253 1621 1368 1654 reticae
1381 1621 1542 1665 pravitatis
1555 1621 1586 1654 in
1599 1622 1682 1656 dicto
1694 1622 1840 1656 Dominio
1853 1622 1995 1656 instituto

1252 1675 1358 1716 unitis,
1383 1675 1512 1709 annexis
1536 1681 1566 1709 et
1589 1676 1764 1721 applicatis,
1781 1686 1862 1721 quos
1885 1676 1992 1710 cardi-

1253 1729 1339 1762 nales
1362 1739 1398 1762 ac
1427 1729 1540 1763 fratres
1570 1729 1733 1774 hospitalis
1763 1730 1933 1774 praedicti,
1958 1740 1995 1764 ac,

1253 1782 1405 1815 beneficia
1424 1782 1584 1826 praedicto
1604 1782 1815 1826 inquisitionis
1839 1783 1944 1817 officio
1963 1793 1996 1817 u·

1252 1835 1327 1877 nita,
1350 1836 1382 1869 in
1406 1841 1525 1877 totum;
1552 1837 1664 1871 fratres
1679 1847 1755 1871 vero
1776 1836 1996 1878 Mendicantes,

1253 1900 1311 1933 pro
1335 1890 1501 1923 medietate
1525 1890 1687 1924 dumtaxat
1712 1890 1751 1923 ab
1775 1890 1893 1924 eisdem
1917 1890 1997 1924 deci-

1254 1944 1313 1977 mis
1349 1949 1379 1977 et
1414 1944 1540 1977 illarum
1580 1944 1736 1978 solutione
1771 1944 1930 1978 immunes
1966 1949 1997 1978 et

1254 2002 1415 2042 exemptos
1439 2008 1507 2031 esse
1539 1998 1685 2031 volumus
1713 2002 1743 2031 et
1767 1997 1996 2042 decernimus),

1253 2051 1411 2092 ecclesias,
1429 2051 1630 2093 monasteria,
1643 2055 1673 2085 et
1689 2051 1843 2086 beneficia
1859 2061 1896 2085 ac
1918 2061 1996 2096 pen-

2009 288 2058 316 An.
2075 288 2106 316 C.
2124 287 2192 318 ¹⁶2¹

1254 2105 1374 2146 siones,
1400 2116 1454 2139 seu
1482 2106 1620 2147 fructus,
1645 2111 1698 2139 aut
1722 2105 1849 2140 illorum
1873 2110 1998 2150 partem
2037 2119 2041 2122 ·

1255 2159 1434 2192 huiusmodi
1453 2159 1482 2192 in
1500 2159 1612 2193 eodem
1626 2158 1782 2200 Dominio,
1796 2169 1998 2204 quocumque

1255 2213 1322 2246 iure
1347 2223 1382 2246 ac
1400 2213 1501 2254 titulo,
1522 2213 1735 2246 obtinentibus
1758 2217 1789 2247 et
1811 2213 1996 2254 obtenturis‚

1255 2277 1310 2299 uec
1335 2277 1396 2300 non
1430 2267 1468 2299 ab
1493 2266 1648 2300 universis
1671 2267 1765 2309 etiam
1792 2266 1996 2308 oeconomis,

1255 2319 1545 2361 commendatariis‚
1565 2324 1659 2364 atque
1675 2319 1996 2360 administratoribus,

1256 2374 1416 2417 perpetuis
1445 2380 1475 2407 et
1500 2374 1736 2418 temporalibus,
1755 2373 1997 2407 usufructuariis

1256 2427 1409 2467 similiter,
1432 2427 1554 2461 fructus
1578 2437 1688 2462 omnes
1704 2427 1751 2460 vel
1774 2427 1901 2461 illorum
1926 2436 1998 2470 par-

1257 2486 1318 2513 tem
1343 2481 1413 2514 loco
1437 2481 1624 2525 pensionum
1648 2490 1834 2521 annuarum,
1851 2479 1899 2513 vel
1924 2489 2000 2524 pen-

1256 2534 1371 2574 siones,
1387 2540 1417 2568 et
1433 2535 1494 2568 alia
1509 2534 1689 2568 huiusmodi
1704 2533 1773 2567 iura
1789 2543 1827 2567 ex
1850 2543 1999 2577 quacum-

1257 2598 1318 2632 que
1343 2588 1529 2621 auctoritate
1553 2587 1736 2632 apostolica,
1761 2586 1792 2619 in
1817 2591 1882 2620 toto
1901 2587 1950 2620 vel
1966 2587 1997 2620 in

1297 2705 1305 2731 t
1323 2703 1393 2731 Edit.
1412 2703 1490 2732 Malu.
1507 2703 1574 2740 legit
1586 2704 1818 2740 congregationis
1831 2705 1871 2741 (a.
1886 2704 1934 2740 τ.).
