2293 3231
292 288 341 316 An.
358 288 386 316 C.
404 288 472 316 ¹622

323 1203 442 1225 Exordium.

373 1683 451 1703 Paulus
467 1681 483 1701 V

300 1709 372 1729 dumos
388 1711 408 1729 ot
422 1709 484 1729 colle-

300 1736 334 1760 gia
371 1735 485 1756 Societatis

300 1763 346 1782 lesu
372 1763 391 1782 in
416 1767 485 1787 regnis
518 1778 524 1783 .

300 1789 443 1809 Portunatiiao
465 1790 485 1807 et

300 1815 444 1839 Alnurtiiurum
458 1814 485 1834 :nt

300 1843 415 1862 §unitiones
428 1841 486 1862 ‹leci-

300 1868 485 1890 mamm-maede-

301 1902 375 1917 σιω-ιν,
387 1895 417 1915 vel
431 1895 486 1917 *Ἰεθ-

300 1928 366 1942 sunao
390 1921 417 1941 ad
447 1921 486 1941 sor-

301 1955 354 1969 mam
371 1954 422 1968 <nae
434 1948 485 1968 (qu-

300 1975 416 1995 minutioni<
429 1977 486 1994 tenc-

301 2008 317 2022 τι
335 2001 457 2022 declaravit.

518 279 583 314 754

492 336 671 376 mansuris,
696 336 754 368 hac
779 336 843 368 vic(¹
868 335 1030 368 dumtaxat
1055 334 1234 378 specialiter

493 397 523 424 et
543 398 688 434 expresse
704 388 905 430 derogamus,
923 387 1100 430 ceterisque
1114 390 1234 420 contra—

492 444 547 477 riis
570 442 832 486 quibuscumque.

537 497 646 529 Datum
678 495 804 534 Romae,
820 493 903 538 apud
930 493 960 527 S.
985 493 1115 526 Mariam
1139 493 1234 527 Maio-

492 560 570 589 rem,
581 548 638 580 sub
652 547 768 580 annulo
779 547 957 587 Piscatoris,
968 546 1019 580 die
1028 546 1138 580 ultima
1151 551 1235 580 octo-

492 602 557 636 bris
579 610 723 640 uncxxn,
746 600 948 644 pontificatus
972 599 1072 633 nostri
1096 610 1178 633 anno
1201 610 1232 633 11.

527 665 584 692 Dat.
600 664 643 692 die
663 664 692 692 31
715 663 836 692 octobris
855 663 935 698 1622,
957 663 1052 699 pontif.
1069 671 1141 691 anno
1157 669 1186 691 n.

787 779 942 813 LXXXVI.

493 853 616 886 Domus
641 856 670 884 el
694 850 831 894 colleyia
850 851 1019 885 Societatz's
1042 849 1116 882 Iesu
1136 849 1173 882 in
1188 859 1237 882 re-

538 906 612 949 qm's
643 905 803 938 Sinarum
827 907 855 937 et
880 904 1039 947 Iapom'ae
1064 902 1238 936 existentia

538 970 559 992 a
575 958 734 991 solutione
757 957 901 991 decimae
917 957 966 990 vel
982 957 1158 1000 viqesimae
1179 966 1238 999 pa-

537 1012 659 1045 rochiz's
676 1011 819 1055 aliisque
843 1010 983 1044 ecclesiis
999 1010 1192 1043 eoeimunlur
1204 1007 1222 1041 ¹.

698 1082 856 1117 Gregorius
877 1082 956 1116 Papa
975 1081 1032 1115 XV,

627 1128 664 1155 ad
682 1130 861 1162 perpetuam
875 1126 919 1154 rei
934 1126 1114 1153 memoriam.

541 1190 636 1224 Sedes
660 1189 850 1234 Apostolica,
867 1199 948 1233 quae
973 1187 1134 1221 consuevit
1154 1198 1187 1220 se
1206 1187 1240 1220 li-

496 1245 634 1278 beralem
672 1244 842 1284 exhibere,
867 1243 1054 1287 plerumque
1089 1242 1240 1275 nonnulla

496 1297 675 1332 rationabili
701 1296 929 1331 consultatione
952 1295 1137 1340 praehabita
1161 1294 1242 1328 ordi-

495 1356 559 1393 nat,
574 1361 655 1395 quae
679 1349 882 1395 postmodum
908 1349 1082 1383 consultius
1098 1359 1134 1381 ac
1150 1348 1242 1381 ratio-

495 1404 631 1438 nabilius
654 1407 792 1444 revocat,
809 1403 958 1443 declarat,
976 1403 1008 1435 in
1031 1402 1144 1435 melius
1160 1411 1243 1434 com-

498 1463 608 1498 mutat,
625 1468 661 1490 ac
685 1457 716 1490 in
741 1462 856 1489 statum
881 1455 997 1499 redigit
1015 1454 1163 1488 rationis:
1181 1464 1243 1487 ma-

497 1511 591 1551 xime,
617 1521 688 1544 cum
713 1519 921 1554 personarum
940 1519 975 1542 ac
996 1519 1103 1541 rerum
1120 1513 1150 1541 et
1170 1512 1244 1542 tem-

498 1575 611 1609 porum
629 1564 834 1607 qualitatibus
850 1563 998 1607 pensatis,
1014 1563 1044 1595 id
1062 1563 1094 1595 in
1109 1562 1243 1596 Domino

499 1617 653 1662 conspicit
677 1616 845 1649 salubriter
869 1615 1027 1660 expedire.

543 1671 559 1714 ξ
583 1670 611 1703 1.
637 1670 714 1704 Cum
738 1669 854 1714 itaque,
871 1669 952 1703 sicut
968 1669 1060 1702 nohis
1078 1679 1181 1713 nuper
1197 1680 1245 1703 ex-

500 1724 574 1769 poni
599 1724 741 1757 fecerunt
757 1723 861 1757 dilecti
878 1722 935 1756 filii
953 1722 1097 1756 moderni
1115 1733 1246 1767 praepo—

500 1783 578 1811 suus
602 1777 758 1821 generalis
774 1782 805 1810 et
821 1776 961 1820 religiosi
985 1776 1150 1810 Societatis
1165 1777 1244 1818 Iesu,

501 1831 576 1864 alias
594 1831 665 1875 piac
689 1830 862 1864 memoriae
887 1830 1000 1863 Paulus
1018 1830 1102 1874 Papa
1118 1830 1140 1863 V
1158 1840 1246 1874 prae-

501 1885 648 1918 decessor
671 1889 779 1918 noster
803 1884 945 1928 (accepto
969 1894 1027 1927 per
1051 1894 1135 1924 eum,
1160 1884 1244 1928 quod

501 1937 575 1971 dicti
599 1937 750 1981 religiosi,
773 1937 883 1981 vigore
906 1937 1119 1978 decretorum,
1141 1947 1244 1970 exem-

501 1991 662 2036 ptionum,
687 1991 886 2035 aliorumque
911 1990 1105 2023 indultorum
1131 1996 1161 2024 et
1185 1991 1246 2035 pri-

501 2045 688 2088 vilegiorum
709 2045 829 2078 dudum
854 2055 871 2077 a
895 2044 993 2077 felicis
1017 2044 1245 2078 recordationis

501 2099 597 2132 Paulo
618 2099 656 2132 lll
672 2125 679 2139 ,
703 2108 739 2131 ac
764 2098 818 2131 Pio
842 2098 879 2131 lv
912 2103 943 2130 et
972 2097 1128 2140 Gregorio
1158 2097 1243 2138 XIII,

501 2151 651 2186 Romanis
665 2151 870 2186 Pontificibus
879 2178 886 2192 ,
907 2156 937 2184 et
947 2150 1244 2195 praedecessoribus

500 2205 628 2245 nostris,
653 2204 756 2238 eidem
777 2204 923 2238 Societati
949 2214 1173 2238 concessorum
1186 2231 1194 2245 ,
1215 2209 1245 2237 et

501 2259 676 2292 litterarum
700 2258 837 2302 desuper
861 2258 1075 2292 confectarum
1100 2258 1246 2302 apostoli-

501 2322 621 2353 carum,
646 2322 688 2352 se,
713 2321 887 2355 eorumque
911 2311 1033 2351 domos,
1057 2311 1151 2344 etiam
1175 2322 1246 2355 pro-

501 2365 674 2406 bationum,
692 2365 825 2409 collegia
841 2370 872 2398 et
895 2365 964 2398 loca
987 2375 1024 2397 ac
1048 2375 1098 2398 res
1116 2369 1146 2397 et
1162 2364 1245 2398 bona

501 2429 718 2462 quaecumque
749 2429 766 2451 a
790 2418 946 2452 solutione
981 2417 1075 2451 etiam
1111 2417 1245 2451 decima-

501 2482 583 2512 rum,
601 2483 681 2516 quae
697 2472 933 2516 parochialibus
957 2477 987 2505 et
1012 2471 1081 2504 aliis
1105 2472 1245 2505 ecclesiis

502 2524 540 2558 de
565 2525 632 2558 iure
653 2536 708 2558 seu
729 2525 955 2559 consuetudine
972 2536 1028 2558 seu
1055 2525 1167 2569 quovis
1183 2525 1244 2559 alio

503 2577 593 2611 titulo
613 2578 661 2611 vel
685 2581 778 2611 causa
802 2578 966 2619 debentur,
986 2583 1150 2622 exemptos
1167 2589 1244 2619 esse,

505 2636 614 2664 contra
638 2642 712 2665 vero
736 2632 1062 2676 metropolitanarum,
1082 2632 1175 2665 etiam
1199 2643 1246 2666 ca-

542 2694 553 2719 ¹
570 2692 608 2720 Ex
621 2693 730 2728 Regest.
747 2693 774 2721 in
788 2693 890 2722 Secret.
905 2694 1037 2722 Brevium.

1078 287 1258 311 BULLARIUM
1282 286 1437 311 nom-mm

1266 333 1469 374 thedralium‚
1482 343 1519 366 ac
1533 333 1667 366 aliarum
1685 334 1891 368 ecelesiarum
1909 333 2009 367 archi-

1267 386 1417 430 episcopi,
1435 386 1575 430 episcopi
1591 391 1622 419 et
1634 386 1686 419 alii
1699 386 1870 430 praesides,
1883 397 2010 420 venera-

1266 439 1345 472 biles
1373 439 1498 479 sratres,
1514 449 1551 471 ac
1567 438 1702 482 capitula
1721 448 1758 471 ac
1781 439 2010 482 parochialium

1267 492 1474 526 ecclesiarum
1496 496 1637 525 rectores
1661 501 1834 534 regnorum
1850 491 2011 534 Portugal-

1268 546 1327 579 liae
1344 550 1374 579 et
1390 545 1625 588 Algarbiorum,
1641 544 1747 578 dilecti
1767 544 1835 586 filii,
1858 545 1944 588 ipsos
1965 555 2012 578 re-

1268 599 1398 642 ligiosos
1429 598 1592 632 Societatis
1623 599 1693 632 Iesu
1725 598 1777 631 tali
1812 597 2013 642 exemptione

1268 652 1301 685 in
1317 651 1492 685 maximum
1516 651 1645 685 illorum
1671 651 1902 696 praeiudicium
1926 650 2013 684 abuti

1268 705 1529 750 praetendebant)
1546 710 1635 739 motu
1645 705 1778 749 proprio
1791 704 1945 746 statuerit,
1963 703 2015 737 de-

1270 759 1406 792 creverit
1423 764 1454 792 et
1470 758 1674 799 ordinaverit,
1687 757 1772 802 quod
1786 767 1824 791 ex
1840 763 1914 791 tunc
1931 757 2015 790 dein-

1270 823 1345 856 ceps
1368 812 1532 856 perpetuis
1555 812 1670 845 futuris
1699 811 1897 855 temporibus
1922 821 2014 855 prae-

1271 866 1353 899 dicta
1369 866 1519 906 Societas,
1536 871 1567 899 et
1590 865 1674 899 illius
1698 865 1822 905 domus,
1839 865 1932 898 etiam
1944 874 2016 909 pro-

1271 920 1445 959 bationum,
1459 924 1554 964 atquc
1567 919 1700 963 collegia
1716 924 1748 952 et
1761 918 1832 952 loca
1847 927 2017 962 quaecum-

1272 984 1354 1017 que,
1384 972 1577 1016 ubicumque
1609 972 1753 1006 locorum
1785 971 1818 1004 in
1847 970 2017 1015 praedictis

1273 1026 1380 1070 regnis
1411 1026 1621 1070 Portugalliae
1649 1030 1680 1059 et
1703 1025 1926 1069 Algarbiorum
1950 1024 2017 1058 exi-

1273 1080 1394 1121 stentia,
1408 1079 1529 1113 ratione
1541 1078 1756 1124 praediorum,
1769 1077 2017 1123 possessionum,

1275 1134 1455 1175 vinearum,
1483 1133 1684 1174 olivetorum,
1711 1138 1880 1173 terrarum,
1907 1132 2017 1166 horto·

1273 1198 1356 1228 rum,
1380 1192 1411 1220 et
1434 1187 1592 1220 bonorum
1616 1196 1914 1230 quorumcumque,
1937 1195 2019 1230 quae

1275 1246 1348 1274 tunc
1368 1240 1582 1285 possidebant,
1598 1239 1898 1284 quomodocumque
1918 1244 1948 1272 et
1964 1249 2019 1272 un-

1275 1295 1450 1338 decumque
1474 1294 1512 1327 ad
1537 1304 1591 1328 eos
1614 1298 1776 1339 preventa,
1805 1298 1858 1326 aut
1882 1303 1941 1337 per
1965 1303 2020 1326 eos

1275 1348 1427 1392 acquisita
1451 1348 1564 1387 forent,
1580 1358 1617 1380 ac
1641 1347 1734 1380 etiam
1752 1357 1874 1387 eorum,
1891 1346 2019 1390 quaein

1276 1406 1436 1445 posterum
1457 1400 1620 1444 perpetuis
1636 1400 1750 1433 futuris
1767 1399 1966 1445 temporibus
1981 1410 2019 1434 ex

1275 1454 1365 1487 novis
1388 1453 1557 1487 domorum
1582 1458 1613 1486 et
1636 1453 1844 1496 collegiorum
1861 1452 2020 1486 fundatio-

1276 1507 1379 1548 nibus,
1392 1512 1446 1540 aut
1458 1507 1527 1540 aliis
1537 1506 1769 1550 largitionibus,
1786 1506 2020 1547 donationibus,

1276 1561 1398 1605 legatis,
1415 1559 1619 1598 testamentis,
1639 1559 1802 1601 codicillis,
1823 1570 1878 1593 seu
1901 1559 2021 1594 ultimis

1278 1614 1489 1648 voluntatibus
1525 1614 1744 1658 acquirerent,
1768 1618 1799 1646 et
1828 1623 1892 1647 non
1916 1613 2019 1646 solum

1278 1679 1388 1702 eorum
1405 1678 1486 1712 quae
1509 1668 1614 1701 locare
1632 1672 1662 1700 et
1678 1666 1849 1700 arrendare
1866 1667 2020 1709 solebant,

1278 1722 1332 1756 scd
1357 1722 1451 1755 etiam
1475 1732 1588 1755 eorum
1613 1731 1693 1765 quae
1717 1731 1776 1765 per
1799 1720 1947 1765 proprios
1971 1731 2022 1755 co-

1278 1777 1368 1810 lonos
1382 1803 1390 1818 ,
1422 1786 1459 1808 ac
1482 1774 1622 1819 propriis
1645 1784 1772 1818 quoque
1803 1773 1950 1807 manibus
1972 1774 2021 1808 vel

1278 1829 1456 1874 sumptibus
1475 1828 1670 1869 excolebant,
1687 1828 1758 1862 loco
1783 1827 1924 1862 decimae
1939 1827 2024 1871 vige-

1278 1883 1401 1924 simam,
1416 1882 1562 1915 videlicet
1577 1892 1613 1915 ex
1632 1881 1765 1925 singulis
1781 1881 1891 1924 viginti
1909 1891 2021 1922 unum,

1278 1946 1389 1969 corum
1409 1937 1580 1976 fructuum,
1598 1934 1826 1979 cuiuscumque
1850 1934 1975 1978 generis
1992 1939 2023 1968 et

1279 1990 1403 2035 speciei,
1428 2000 1507 2034 quos
1531 1989 1562 2022 in
1587 1988 1648 2021 illis
1672 1988 1879 2031 colligerent,
1899 1997 2023 2022 necnon

1279 2054 1430 2088 pecorum
1455 2048 1486 2076 et
1509 2042 1644 2076 aliorum
1667 2042 1862 2083 animalium,
1886 2052 1967 2086 quae
1990 2042 2022 2075 in

1279 2097 1309 2130 in
1334 2097 1396 2130 illis
1421 2096 1607 2137 enutrirent,
1623 2095 1844 2140 piscationum,
1861 2095 1976 2138 avium,
1992 2099 2023 2130 et

1278 2151 1412 2185 aliorum
1432 2160 1585 2193 generum
1603 2154 1632 2182 et
1647 2149 1824 2193 specierum
1842 2149 1880 2182 de
1896 2149 2021 2193 quibus,

1278 2205 1316 2239 de
1341 2204 1409 2238 iure
1440 2204 1489 2237 vel
1519 2203 1766 2243 consuetudine,
1791 2203 1912 2236 decima
1943 2203 2023 2237 solet

1278 2258 1429 2299 ecclesiis,
1449 2257 1564 2301 quibus
1588 2256 1750 2301 alioquim,
1774 2257 2022 2301 circumscriptis

1278 2312 1370 2345 dictis
1387 2311 1573 2356 privilegiis,
1590 2310 1712 2344 decima
1728 2310 1865 2355 persolvi
1881 2310 2021 2352 deberet,

1278 2365 1459 2409 persolvere
1483 2369 1674 2404 tenerentur,
1691 2368 1722 2397 et
1745 2363 1874 2407 obligati
1898 2367 2020 2403 essent;

1278 2423 1309 2451 et
1330 2417 1418 2462 (quia
1442 2417 1567 2451 evenire
1592 2422 1726 2461 poterat,
1750 2421 1785 2450 ut
1808 2415 1949 2459 religiosi
1973 2415 2021 2449 di-

1280 2477 1346 2505 ctae
1370 2471 1533 2506 Societatis
1558 2471 1618 2504 alia
1642 2470 1779 2514 praedia,
1796 2470 2020 2514 possessiones,

1279 2530 1379 2558 terras
1404 2529 1434 2557 et
1457 2524 1539 2557 bona
1563 2523 1731 2567 emptionis
1760 2522 1851 2556 titulo
1875 2522 2022 2566 imposte-

1279 2589 1348 2611 rum
1360 2577 1570 2621 acquirerent,
1579 2582 1631 2610 aut
1643 2575 1781 2620 praedia,
1790 2575 1873 2608 bona
1881 2581 1911 2609 et
1920 2581 2020 2610 terras

1279 2638 1501 2665 extraneorum
1511 2630 1700 2670 excolerent,
1710 2629 1758 2662 vel
1768 2639 1824 2673 per
1832 2629 1910 2663 alios
1920 2629 2019 2664 excoli

1315 2696 1327 2720 1
1345 2693 1389 2720 Sic
1404 2696 1528 2729 putamus
1542 2691 1631 2728 legere
1646 2699 1695 2727 pro
1709 2691 1827 2727 aliquid
1842 2692 1877 2728 (n.
1887 2691 1935 2728 τι).

2021 283 2231 333 μαίω-
