2293 3231
39 285 44 289 ”
90 293 142 320 Λα.
159 290 189 319 c,
204 290 274 318 1622

92 1997 122 2018 Da
131 1997 278 2018 schedularum

93 2024 233 2050 inspectione..
256 2031 268 2043 a

92 2051 196 2076 pei-itione
211 2053 230 2071 et
241 2057 266 2071 nu

92 2077 209 2098 mei-atione
221 2093 225 2099 .
239 2083 276 2098 seu

92 2104 239 2125 annotatione.

898 290 1074 315 GREGORIUS
1099 290 1140 315 XV
1165 290 1212 315 1³1³.

288 338 405 372 eisdem
419 338 529 382 sigillis
542 343 572 372 et
585 339 682 382 signis
694 338 861 372 schedulae
875 339 1027 379 scrutinii,

289 391 347 424 sub
363 393 464 435 poena
483 392 634 424 nullitatis
651 392 791 434 suffragii
807 392 905 436 ipsius
929 402 1029 425 accos-

289 454 352 476 sus.
369 443 483 484 Tertio,
504 444 588 486 quod
605 453 667 477 non
683 448 784 487 potest
801 454 944 477 accessus
959 444 1028 476 fieri

289 496 328 529 ad
344 507 416 529 eum
429 497 692 540 cardinalem,qui
707 497 737 529 in
755 497 906 530 scrutinio
919 498 1027 529 saltem

290 559 387 582 unum
412 550 599 592 suffragium
623 560 686 582 non
711 549 902 590 obtinuerit,
927 560 1029 593 neque

289 602 328 635 ad
345 613 432 643 eum,
449 603 503 646 qui
519 602 558 634 ab
583 602 718 646 ipsomet
741 603 892 636 cardinali
917 603 974 636 suit
998 603 1029 635 in

289 654 441 688 scrutinio
464 655 669 689 nominatus¹.
684 655 816 696 Quarto,
832 654 974 699 quamtis
998 656 1028 687 in

289 718 419 741 accessu
441 718 505 741 non
529 709 620 741 liceat
636 709 743 752 plures
760 709 934 749 nominare,
951 709 1030 741 sicut

289 771 352 794 non
375 761 448 794 licet
472 761 503 793 in
527 761 678 794 scrutinio
695 762 802 805 plures
819 762 947 804 eligere,
972 762 1029 794 sub

289 817 391 859 poena
406 814 556 848 nullitatis
573 814 733 857 suffragii,
759 820 821 846 tam
846 814 878 846 in
902 825 1031 847 accessu

290 879 385 913 quam
405 868 436 900 in
453 868 616 909 scrutinio,
635 868 842 900 nihilominus
861 868 966 901 licebit
983 879 1030 901 ac-

292 921 404 955 cedere
428 921 482 953 uni
506 931 542 953 ex
567 921 711 964 pluribus
734 921 861 953 nulliter
885 932 902 953 a
926 931 959 953 se.
978 931 1031 953 no-

290 975 416 1008 minatis
440 974 471 1007 in
496 974 659 1015 scrutinio,
676 974 848 1007 dummodo
865 974 893 1007 ei
909 975 948 1006 ab
969 974 1030 1007 alio

290 1028 417 1072 aliquod
441 1028 643 1071 suffragium,
668 1038 731 1061 non
756 1033 858 1060 tamen
882 1028 1029 1067 miniter,

291 1088 326 1116 ut
341 1083 527 1126 praefertur,
545 1082 576 1114 in
593 1082 661 1125 ipso
674 1082 826 1115 scrutinio
844 1082 951 1114 datum
969 1082 1032 1115 sue-

290 1137 340 1170 rit.
354 1136 478 1175 Quinto,
492 1135 575 1179 quod
590 1135 621 1167 in
634 1146 760 1168 accessu
774 1145 837 1168 non
855 1139 1031 1178 praestatur

290 1189 512 1229 iuramentum,
530 1189 568 1221 (16
585 1199 648 1232 quo
664 1198 771 1232 supra,
794 1188 867 1232 quia
891 1188 923 1221 in
948 1199 1032 1221 scru-

290 1243 367 1278 tinio
391 1242 449 1275 fuit
472 1242 534 1274 iam
558 1241 744 1285 praestitum
768 1252 825 1285 per
849 1242 901 1274 illa
920 1243 1029 1275 verba:

289 1297 332 1331 Et
346 1296 433 1341 quod
445 1295 530 1329 idem
544 1296 580 1328 in
593 1306 720 1329 accessu
727 1297 908 1339 praestabo.
927 1296 1030 1336 Sexto,

290 1350 425 1394 denique
448 1349 615 1382 infirmarii
639 1349 763 1382 deferre
787 1349 902 1382 debent.
927 1350 964 1382 ad
989 1350 1033 1382 in-

289 1403 400 1437 firmos
423 1403 587 1436 schedulas
610 1413 764 1443 accessus,
781 1408 812 1436 et
828 1403 921 1436 simul
938 1404 1030 1436 etiam

290 1467 389 1490 unum
412 1457 521 1490 folium
547 1457 747 1501 impressum,
772 1457 804 1489 in
831 1468 893 1501 quo
918 1457 957 1492 sit
980 1468 1033 1491 no-

290 1515 372 1544 tatus
397 1510 621 1554 suffragiorum
645 1521 797 1543 numerus
821 1511 924 1554 palam
948 1521 1034 1544 reco-

291 1564 414 1608 gnitus,
435 1574 514 1608 quae
538 1564 671 1608 quisque
694 1564 861 1597 cardinalis
889 1565 921 1597 in
945 1575 1033 1598 scru-

291 1617 368 1652 tinio
387 1617 566 1651 nominatus
586 1617 765 1651 obtinuerit.

335 1668 506 1709 Secundus,
528 1668 638 1701 tertius
655 1674 685 1701 et
701 1672 832 1712 quartus
849 1673 935 1703 actus
952 1676 1034 1714 post-

291 1722 433 1756 scrutinii
447 1727 519 1755 sunt
536 1723 711 1765 sigillorum
730 1729 760 1756 et
781 1724 944 1766 signorum
963 1735 1033 1768 ape-

291 1775 375 1816 ritio,
399 1786 509 1809 eorum
534 1776 702 1816 adnotatio,
722 1776 947 1819 suffragiorum
966 1788 1034 1810 exa-

291 1840 373 1870 men,
384 1830 435 1873 qui
450 1834 525 1862 tunc
535 1830 635 1863 solum
650 1830 753 1863 locum
765 1830 881 1864 habere
892 1836 1032 1874 possunt,

291 1883 416 1927 quando
434 1887 564 1927 sequuta
581 1890 623 1916 est
643 1883 754 1917 electio
774 1894 829 1927 per
846 1884 1031 1917 scrutinium

292 1941 323 1969 et
340 1947 517 1969 accessum:
531 1937 599 1970 lieri
613 1943 717 1970 autem
731 1937 846 1970 debent
856 1938 914 1971 hoc
929 1939 1031 1971 modo:

337 1990 460 2023 Primus
477 1996 633 2023 scrutator
649 1991 814 2024 schedulas
831 2002 1031 2031 accessuum,

293 2054 372 2089 quos
396 2043 531 2077 obtinuit
554 2045 682 2084 electus,
708 2045 738 2077 in
759 2047 795 2077 63
815 2051 903 2089 parte
919 2046 1032 2085 solum,

292 2107 371 2140 quae
395 2097 483 2139 signa
507 2097 654 2136 continet,
679 2099 813 2141 aperiet,
839 2103 868 2132 et
885 2099 1032 2142 inspectis

292 2149 459 2193 diligenter
471 2160 524 2183 631
529 2162 579 2183 331
598 2151 709 2193 sigillis
727 2156 756 2186 et
773 2152 881 2195 signis,
895 2163 973 2196 apei
977 2159 1031 2193 tas

291 2213 327 2237 ac
351 2203 383 2236 in
406 2204 478 2243 silo,
504 2208 537 2236 ut
560 2210 665 2244 ei·,ant
690 2204 837 2246 insertas,
863 2206 963 2240 trudet
989 2217 1034 2239 56-

291 2257 394 2291 033ἀο
418 2257 596 2297 scr·utatoii,
614 2263 644 2290 et
662 2258 828 2298 secundus,
852 2260 990 2292 eadem
986 2271 1032 2292 1-3

291 2311 450 2356 spectione
474 2311 568 2351 facta,
592 2311 733 2355 porriget
757 2312 866 2352 tertio,
892 2313 945 2356 qui
971 2314 1049 2345 3113

291 2369 322 2398 et
346 2364 534 2408 intelligibili
559 2375 650 2405 voce,
675 2365 777 2407 sigilla
794 2370 824 2397 et
842 2365 930 2408 signa
947 2376 1033 2409 prae-

291 2418 447 2452 dictarum
472 2417 692 2451 schedularum
723 2418 901 2451 enunciabit
924 2425 955 2451 et
978 2402 1050 2451 {td-i

292 2472 413 2506 notabit
428 2472 461 2505 in
476 2472 573 2504 latere
590 2471 716 2505 sinistro
733 2472 798 2505 folii
815 2472 970 2516 impressi,
994 2473 1032 2505 ad

292 2524 377 2558 hunc
400 2524 546 2558 effectum
571 2525 681 2569 parati,
709 2525 766 2558 sub
792 2525 894 2558 verbis
918 2525 1032 2568 siyilla

292 2583 320 2612 el
343 2578 440 2622 siqua
457 2589 652 2619 accessuum,
677 2589 771 2623 quam
795 2579 889 2611 etiam
908 2579 1033 2611 adnota-

329 2696 341 2722 1
357 2694 427 2723 Vide
441 2703 522 2732 supra
536 2705 597 2734 pag.
614 2696 676 2730 621,
691 2696 718 2723 h.
736 2700 755 2724 t.
772 2696 809 2734 (a.
826 2696 876 2732 r.).

1704 279 1763 314 671

1063 339 1178 373 tionem
1204 338 1314 371 sacient
1339 338 1434 371 ceteri
1456 337 1642 378 cardinales,
1659 337 1685 370 si
1703 337 1806 370 volue-

1063 392 1141 431 rint,
1167 392 1198 423 in
1224 391 1317 423 simili
1343 391 1416 424 solio
1442 391 1604 434 impresso.

1107 444 1223 476 Deinde
1240 444 1361 487 primus
1378 448 1548 483 scrutator,
1573 443 1704 487 reliquis
1721 453 1806 476 scru-

1063 497 1215 530 tatoribus
1241 497 1498 541 inspicientibus,
1532 507 1590 541 pro
1622 507 1805 529 accessuum

1064 550 1297 594 praedictorum
1330 550 1472 582 examine
1504 550 1605 593 capiet
1641 549 1805 583 schedulas

1063 603 1224 643 scrutinii,
1247 608 1277 635 et
1302 603 1455 646 incipiens
1473 603 1512 635 ab
1530 613 1592 636 uno
1617 603 1719 646 capite
1744 603 1805 644 fili,

1065 656 1094 688 in
1118 668 1180 700 quo
1196 656 1330 689 insertae
1351 663 1431 698 sunt,
1450 657 1586 700 sigillum
1602 657 1723 700 primae
1739 657 1806 690 cius

1064 710 1229 743 schedulae
1257 714 1387 754 quaeret
1420 711 1449 742 in
1481 711 1590 753 sigillis
1622 720 1805 743 accessuum

1064 763 1187 803 notatis,
1213 768 1246 796 ut
1270 774 1365 807 supra
1390 763 1420 795 in
1444 763 1518 796 solio
1543 763 1708 806 impresso,
1727 769 1757 796 et
1780 763 1806 796 si

1065 816 1140 849 illud
1166 817 1197 849 in
1220 828 1258 850 60
1282 827 1344 850 non
1370 817 1540 857 invenerit,
1565 817 1680 849 omissa
1704 817 1806 860 prima

1064 870 1206 902 scrutinii
1232 870 1392 910 schedula,
1410 871 1513 914 capiet
1533 870 1710 910 secundam,
1728 870 1807 903 eius-

1065 934 1125 966 que
1154 923 1291 966 sigillum
1319 923 1462 956 similiter
1492 929 1637 967 quaeret;
1667 924 1751 966 quod
1780 924 1806 956 si

1065 976 1158 1008 etiam
1183 987 1246 1009 non
1272 977 1442 1016 invenerit,
1475 977 1575 1020 capiet
1609 977 1751 1017 tertiam,
1777 982 1807 1010 et

1064 1029 1174 1061 deinde
1200 1035 1364 1073 sequentes
1388 1030 1580 1072 singillatim,
1605 1030 1704 1063 donec
1725 1030 1808 1073 sigil-

1065 1083 1129 1114 lum
1155 1082 1287 1115 alicuius
1311 1093 1419 1116 earum
1445 1083 1600 1123 inveniat,
1632 1094 1733 1127 eoque
1765 1084 1808 1116 in—

1066 1140 1178 1175 vento,
1203 1137 1345 1169 scrutinii
1370 1137 1551 1169 schedulam
1580 1137 1611 1169 13
1647 1139 1683 1169 ea
1718 1142 1807 1180 parte

1065 1188 1119 1221 ubi
1139 1189 1227 1231 signa
1248 1195 1319 1221 sunt
1340 1190 1470 1232 aperiet,
1487 1195 1517 1222 et
1538 1190 1562 1222 si
1576 1200 1639 1223 non
1654 1190 1808 1224 invenerit

1065 1243 1155 1285 signa
1187 1243 1280 1275 huius
1311 1244 1479 1277 schedulae
1511 1245 1704 1278 concordare
1735 1256 1807 1278 cum

1065 1296 1163 1339 signis
1188 1307 1342 1337 accessus,
1367 1297 1549 1330 schedulam
1575 1298 1659 1330 illam
1685 1299 1809 1331 omittet

1066 1354 1096 1382 et
1119 1349 1211 1382 aliam
1238 1350 1348 1394 capiet,
1373 1351 1454 1384 sicut
1477 1351 1570 1394 paulo
1587 1357 1657 1383 ante
1671 1351 1710 1383 de
1723 1352 1809 1384 sche-

1066 1403 1148 1436 dulis
1171 1413 1235 1436 non
1266 1404 1530 1437 concordantibus
1559 1405 1662 1447 sigillo
1689 1405 1808 1438 dictum

1066 1460 1131 1495 est;
1157 1457 1182 1489 si
1207 1467 1281 1490 vero
1306 1457 1459 1490 invenerit
1484 1458 1572 1501 signa
1597 1458 1808 1499 concordare,

1067 1510 1208 1542 ostendet
1232 1511 1284 1542 illa
1308 1511 1445 1544 secundo
1469 1517 1500 1544 et
1515 1512 1609 1545 tertio
1625 1513 1808 1546 scrutatori-

1066 1563 1142 1603 bus,
1168 1563 1221 1606 qui
1244 1565 1306 1596 una
1335 1574 1407 1596 cum
1440 1564 1538 1608 ipsis,
1572 1570 1642 1609 post
1675 1565 1808 1609 diligens

1067 1627 1198 1649 examen
1222 1628 1316 1660 super
1340 1617 1501 1650 identitate
1525 1619 1702 1661 sigillorum
1721 1625 1751 1653 et
1772 1621 1810 1653 51-

1066 1680 1201 1713 gnorum
1227 1671 1390 1703 ambarum
1416 1671 1650 1711 schedularum,
1667 1674 1808 1707 scrutinii

1067 1723 1185 1757 scilicet
1220 1729 1248 1756 et
1285 1734 1445 1764 accessus,
1476 1725 1618 1768 inspiciet
1651 1736 1689 1758 an
1725 1726 1808 1760 idem

1067 1777 1113 1809 vel
1134 1777 1247 1810 diversi
1268 1778 1297 1809 in
1316 1781 1447 1821 utraque
1468 1779 1616 1812 schedula
1633 1780 1693 1812 sint
1711 1781 1809 1814 nomi-

1049 1870 1050 1878 *
1067 1831 1143 1868 nati;
1166 1831 1233 1863 etsi
1248 1831 1329 1863 idem
1352 1832 1532 1864 nominatus
1557 1833 1604 1872 sit,
1622 1833 1808 1876 suffragium

1049 1895 1225 1927 accessus,
1251 1885 1371 1917 nullum
1397 1886 1592 1925 censebitur,
1618 1887 1643 1918 si
1669 1897 1742 1920 vero
1767 1887 1810 1920 di—

1068 1938 1148 1970 versi
1172 1938 1324 1970 nominati
1349 1939 1420 1977 sint,
1445 1939 1631 1982 suffragium
1653 1951 1808 1981 30065535,

1067 2003 1124 2035 pro
1149 1992 1250 2024 valido
1277 1992 1455 2031 habebitur3
1482 1999 1512 2025 et
1535 1993 1594 2026 hoc
1610 2004 1684 2026 casu
1698 1995 1808 2027 tertius

1067 2050 1221 2078 scruiator
1238 2045 1374 2086 sigillum
1394 2051 1423 2078 et
1440 2047 1528 2088 sigua
1544 2047 1710 2080 schedulae
1725 2059 1810 2081 scru-

1068 2099 1155 2138 tinii,
1180 2110 1214 2131 ac
1240 2099 1334 2131 etiam
1359 2110 1473 2132 nomen
1500 2101 1589 2133 electi
1627 2101 1679 2144 qui
1717 2102 1746 2134 in
1772 2104 1808 2134 63

1067 2153 1253 2192 continetur,
1274 2153 1335 2185 alta
1361 2159 1391 2186 et
1416 2154 1604 2197 intelligibili
1622 2166 1697 2189 voce
1715 2166 1810 2188 enun-

1048 2207 1092 2239 101
1097 2207 1169 2246 abit,
1187 2212 1217 2239 et
1233 2207 1393 2240 adnotabit
1414 2207 1443 2240 in
1462 2208 1556 2241 latere
1577 2209 1705 2242 dextero
1722 2220 1810 2253 prae-

1048 2260 1139 2293 dicti
1164 2260 1228 2293 folii
1255 2260 1408 2304 impiessi,
1433 2261 1490 2294 sub
1515 2272 1568 2294 xei
1571 2262 1618 2294 1115
1642 2262 1755 2305 siyrlla
1780 2268 1808 2296 et

1048 2324 1160 2371 sayna
1183 2314 1339 2346 scrutimi
1362 2314 1590 2357 respondentia
1616 2316 1806 2357 accessibus,-

1048 2353 1187 2399 notabit
1222 2372 1325 2398 autem
1357 2377 1394 2399 ea
1426 2377 1462 2399 ex
1499 2367 1631 2400 3316150
1663 2378 1809 2401 accessus

1066 2420 1286 2452 concordantis
1319 2420 1351 2452 13
1383 2420 1486 2463 sigillo
1511 2426 1540 2453 et
1564 2421 1683 2464 signis;
1713 2432 1807 2466 quam

1065 2473 1299 2506 adnotationem
1325 2474 1421 2505 ceteri
1438 2484 1562 2516 quoque
1580 2474 1764 2515 cardinales,
1782 2475 1807 2508 si

1066 2527 1232 2566 voluerint,
1257 2527 1288 2559 in
1305 2527 1399 2559 simili
1417 2527 1490 2560 folio
1508 2527 1663 2571 impresso
1684 2528 1806 2562 facient.

1110 2580 1170 2613 Sed
1194 2580 1376 2613 huiusmodi
1402 2586 1498 2621 actus,
1522 2582 1576 2625 qui
1601 2583 1808 2626 explicatione

1817 290 1865 316 An.
1883 290 1911 317 C.
1935 290 2001 317 1622

1847 457 1947 479 Examine
1962 458 2002 479 sus·

1821 484 1941 510 (regiorum.

1065 2634 1257 2667 difficiliores
1270 2640 1350 2674 sunt,
1367 2646 1461 2678 quam
1481 2637 1675 2679 operatione,
1700 2648 1807 2671 exem·
1829 2670 1833 2672 ,

1045 2670 1119 2735 {plo
1146 2688 1257 2722 melius
1279 2689 1505 2734 percipientur.
