2293 3231
291 319 339 345 An.
361 317 388 344 c.
415 317 478 346 1622
524 308 588 343 696

304 1181 418 1211 Derogatio
428 1188 475 1202 con-

292 1211 415 1230 uariorum,

488 372 541 410 pta
562 371 648 398 motu
666 363 760 397 simili
778 362 974 403 mandamus,
992 367 1147 406 quatenus
1160 361 1231 406 ipsi,

491 420 536 451 vel
551 418 622 457 duo,
636 423 685 450 aut
703 427 783 449 unus
797 426 918 455 eorum,
933 425 989 459 per
1006 425 1048 456 se,
1062 415 1110 447 vel
1124 414 1231 455 alium,

490 484 544 504 seu
561 473 647 511 alios,
665 470 790 513 quando
808 475 837 502 et
854 469 978 513 quoties
1003 479 1062 514 pro
1079 474 1168 513 parte
1183 468 1231 501 di-

490 532 555 558 ctae
574 523 839 566 congregationis,
857 532 912 555 seu
931 532 988 566 pro
1008 524 1045 555 ea
1071 521 1231 565 agentium

490 577 630 620 requisiti
648 576 773 616 suerint,
796 580 976 619 praesentes
992 575 1121 616 litteras,
1146 579 1175 608 et
1200 574 1232 607 in

490 631 534 663 eis
547 631 554 645 ¹
569 635 713 663 contenta
731 639 958 672 quaecumque,
975 627 1039 668 ubi,
1060 627 1186 672 quando
1202 633 1232 661 et

489 684 611 728 quoties
635 693 716 727 opus
745 682 862 722 suerit,
893 682 1008 715 saciant
1035 681 1232 724 integraliter

489 737 665 776 observari;
691 746 753 770 non
778 735 997 780 permittentes
1021 734 1137 768 dictam
1161 744 1233 768 con-

489 792 724 834 gregationem,
750 800 805 823 seu
829 800 887 834 pro
913 791 949 822 ea
974 793 1103 832 agentes
1127 787 1232 821 huius-

488 845 584 885 modi,
601 844 736 888 desuper
752 842 994 888 quomodolibet
1013 841 1151 875 indebite
1168 851 1233 875 mo-

489 897 606 937 lestari,
624 896 803 941 perturbari
827 901 880 929 aut
903 895 1086 940 inquietari,
1112 899 1233 929 eontra·

489 950 624 983 dictores
642 955 672 983 et
688 950 822 983 rebelles
838 949 994 994 quoslibet
1010 959 1067 994 per
1082 958 1232 982 censuras

489 1004 726 1044 ecclesiasticas,
744 1004 868 1048 aliaque
887 1003 963 1036 iuris
983 1007 1013 1036 et
1034 1002 1106 1036 sacti
1128 1012 1231 1036 reme-

489 1049 549 1097 dia,
570 1058 810 1102 compescendo,
828 1058 971 1090 invocato
988 1056 1081 1089 etiam
1102 1055 1139 1088 ad
1160 1055 1231 1097 hoc,

490 1111 515 1143 si
533 1121 612 1155 opus
628 1111 730 1149 suerit,
751 1110 873 1144 brachii
894 1109 1044 1143 secularis
1061 1108 1186 1142 auxilio.

535 1166 550 1209 ξ
568 1165 595 1197 7.
621 1165 689 1198 Non
707 1164 905 1198 obstantibus
922 1163 1019 1197 felicis
1043 1163 1233 1197 recordatio-

489 1221 538 1253 nis
569 1220 718 1254 Bonisacii
750 1220 851 1264 Papae
883 1218 948 1252 Ylll
980 1217 1232 1262 praedecessoris

489 1274 599 1314 nostri,
624 1279 778 1317 quatenus
795 1283 874 1316 opus
892 1272 941 1312 sit,
958 1271 996 1305 de
1013 1274 1087 1312 una,
1104 1281 1140 1304 ac
1157 1281 1232 1304 con-

490 1328 551 1361 cilii
576 1328 733 1371 generalis
753 1328 791 1360 de
808 1327 930 1360 duabus
947 1326 1232 1367 dietis‚dummodo

490 1383 602 1426 aliquis
620 1387 705 1416 extra
727 1393 815 1415 suam
836 1383 994 1416 civitatem
1015 1387 1046 1416 et
1062 1382 1231 1415 dioecesim

490 1437 572 1469 ultra
587 1441 648 1469 tres
669 1436 767 1470 dietas
780 1436 818 1469 ad
837 1436 986 1469 iudiciuin
1000 1446 1063 1470 non
1080 1436 1232 1477 trahatur,

490 1499 612 1523 necnon
631 1490 801 1523 Simmaclii
828 1495 858 1523 et
880 1490 967 1523 Pauli
985 1489 1020 1530 ll,
1038 1500 1074 1522 ac
1097 1489 1231 1523 aliorum

490 1554 764 1589 quorumcumque
797 1544 1011 1577 Romanorum
1045 1543 1232 1576 Pontificum

491 1597 772 1642 praedecessorum
799 1602 982 1630 nostrorum
1007 1596 1045 1629 de
1066 1596 1162 1630 rebus
1178 1597 1234 1630 Ec-

491 1652 602 1685 clesiae
620 1661 683 1684 non
701 1651 882 1692 alienandis,
904 1660 939 1683 ac
956 1650 1001 1683 Pii
1019 1650 1056 1684 IV
1073 1650 1110 1683 de
1123 1650 1233 1694 gratiis

491 1705 640 1738 interesse
666 1715 810 1737 camerae
828 1704 1017 1749 apostolicae
1038 1704 1235 1748 quomodoli-

490 1759 541 1792 bet
566 1758 829 1792 concernentibus
853 1758 935 1792 infra
947 1764 1068 1792 certum
1089 1763 1163 1792 tunc
1180 1769 1233 1792 ex-

489 1823 633 1856 pressum
663 1818 786 1857 tempus
812 1812 842 1845 in
867 1812 977 1846 eadem
1003 1814 1129 1846 camera
1148 1812 1232 1856 regi-

490 1866 625 1899 strandis
650 1871 680 1899 et
704 1866 734 1899 iu
756 1866 839 1899 illius
856 1866 945 1899 libris
963 1866 1159 1900 insinuandis
1177 1867 1232 1910 (ita

490 1919 572 1964 quod
598 1920 803 1963 congregatio
817 1919 1011 1960 huiusmodi,
1027 1923 1080 1954 aut
1096 1920 1148 1953 alii
1166 1920 1233 1954 eius

490 1974 624 2007 ministri
650 1974 687 2006 ad
713 1974 765 2006 illa
789 1974 1011 2007 insinuandum
1028 1985 1091 2008 non
1108 1980 1233 2008 tenean-

491 2033 551 2067 tur,
566 2032 593 2061 et
607 2027 811 2061 nihilominus
823 2034 1003 2072 praesentes
1015 2028 1139 2062 litterae
1152 2039 1233 2062 eam-

490 2081 560 2114 dem
580 2080 761 2113 firmitatem
780 2081 958 2122 obtineant,
983 2092 1018 2114 ac
1044 2082 1069 2115 si
1094 2081 1126 2115 in
1149 2081 1232 2115 dicta

490 2136 615 2167 camera
641 2134 720 2167 infra
745 2140 868 2178 tempus
892 2135 930 2168 ad
947 2135 977 2168 id
998 2135 1172 2179 praefixum
1190 2135 1234 2168 in-

490 2188 629 2221 sinuatae
655 2195 684 2221 et
710 2188 893 2231 registi-atae
925 2189 1085 2234 fuissent),
1110 2200 1232 2224 necnon

490 2244 597 2276 nostra
623 2247 652 2275 et
677 2248 821 2275 camerac
845 2243 1035 2286 apostolicae
1061 2244 1169 2287 regula
1194 2244 1232 2277 de

491 2296 558 2329 iure
583 2296 725 2340 quaesito
750 2306 813 2329 non
839 2296 986 2337 tollendo,
1012 2297 1144 2341 aliisque
1161 2308 1233 2331 con-

490 2350 706 2383 ¹stitutiouibus
731 2355 761 2383 et
778 2350 1028 2385 ordinationibus
1042 2351 1232 2395 apostolicis,

489 2414 611 2437 necnon
635 2404 813 2448 praedictae
838 2404 1073 2445 Lateranensis,
1098 2415 1133 2438 ac
1161 2416 1234 2450 qua-

491 2458 608 2490 rumvis
642 2458 774 2491 aliarum
808 2458 899 2492 L'rbis
933 2458 1155 2500 basilicarum,
1186 2460 1232 2493 vel

490 2512 614 2555 piorum
640 2512 781 2545 locorum
809 2512 917 2556 (etiam
942 2512 1136 2554 iuramento,
1163 2524 1234 2547 con-

491 2564 666 2598 firmatione
691 2566 872 2609 apostolica,
891 2567 937 2599 vel
955 2567 1064 2611 quavis
1082 2566 1232 2602 firmitate

491 2618 551 2650 alia
572 2619 740 2663 roboratis)
755 2620 878 2653 statutis
895 2625 925 2653 et
940 2620 1232 2663 consuetudinibus,

528 2734 537 2760 1
557 2731 626 2760 Edit.
641 2732 719 2761 lllain.
737 2733 802 2769 legit
817 2742 849 2763 ea
864 2735 902 2770 (n.
915 2735 963 2770 τ.).

1060 313 1239 339 BULLARIUM
1263 312 1418 338 nomm

1264 360 1358 394 etiam
1383 359 1704 402 immemorabilibus,
1734 359 1907 405 privilegiis
1931 371 2006 406 quo-

1264 423 1341 457 que,
1367 412 1494 446 indultis
1514 416 1544 446 et
1568 412 1680 446 litteris
1704 414 1898 456 apostolicis,
1923 413 2005 455 illis,

1264 466 1454 509 illarumque
1471 465 1617 510 capitulis
1641 469 1671 500 et
1689 465 1858 506 canonicis,
1879 476 1915 499 ae
1939 467 2007 500 aliis

1264 519 1483 564 superioribus
1500 524 1531 552 et
1549 519 1708 563 personis,
1735 519 1829 552 etiam
1853 519 2006 554 consisto-

1264 572 1395 614 rialiter,
1411 583 1448 606 ac
1465 583 1536 606 curn
1557 572 1719 617 quibusvis
1733 572 2006 616 derogatoriarum

1264 627 1484 671 derogatoriis,
1509 637 1546 660 ac
1569 627 1638 660 aliis
1662 626 1886 660 efficacissimis
1910 631 1941 660 et
1964 626 2007 659 in-

1265 681 1365 715 solitis
1381 681 1540 722 clausulis,
1554 681 1585 714 in
1600 681 1795 715 contrarium
1812 681 1917 714 forsan
1933 691 2008 725 quo-

1266 734 1438 768 modolibet
1456 734 1625 775 concessis,
1649 733 1831 778 approbatis
1843 739 1875 768 et
1891 733 2008 768 confir-

1265 788 1357 822 matis
1367 798 1404 821 ac
1413 787 1577 821 innovatis.
1587 787 1706 828 Quibus
1719 787 1876 827 omnibus,
1885 787 2008 821 etiamsi

1265 842 1303 876 de
1316 842 1378 876 illis
1394 851 1569 887 eorumque
1586 841 1659 876 totis
1675 841 1838 875 tenoribus
1852 842 2008 886 specialis,

1265 895 1413 941 specifica
1427 901 1458 929 et
1474 905 1633 940 expressa,
1656 905 1692 929 ac
1717 895 1756 928 de
1773 895 1870 928 verbo
1887 894 1926 928 ad
1944 905 2009 929 ver-

1265 950 1359 990 bum,
1384 959 1449 983 non
1472 954 1575 982 autern
1593 958 1650 993 per
1666 948 1821 982 clausulas
1845 948 2009 992 generales

1265 1003 1348 1036 idem
1365 1002 1583 1048 importantes,
1600 1002 1718 1036 mentio
1736 1012 1791 1035 seu
1804 1001 1932 1046 quaevis
1948 1001 2009 1035 alia

1265 1056 1428 1101 expressio
1443 1055 1588 1089 habenda
1604 1061 1657 1089 aut
1669 1055 1730 1089 alia
1739 1055 1895 1100 exquisita
1907 1055 2009 1089 forma

1265 1110 1304 1144 ad
1321 1110 1382 1145 hoc
1399 1110 1552 1144 servanda
1567 1110 1658 1151 soret,
1682 1109 1833 1143 latissime
1857 1109 1917 1142 hac
1941 1108 2008 1143 vice

1265 1165 1379 1198 harum
1399 1164 1481 1199 serie
1504 1164 1706 1208 derogamus,
1731 1164 1908 1208 ceterisque
1933 1173 2007 1197 con-

1265 1219 1370 1253 trariis
1394 1218 1656 1264 quibuscumque.

1310 1275 1325 1318 ξ
1349 1274 1378 1308 8.
1404 1273 1556 1307 Volumus
1573 1276 1688 1313 autem,
1711 1277 1742 1305 et
1764 1272 1937 1317 apostolica
1957 1283 2009 1306 au-

1266 1327 1408 1361 ctoritate
1433 1326 1642 1367 decernimus,
1668 1325 1751 1370 quod
1772 1336 1881 1359 omnes
1898 1331 1928 1359 et
1943 1326 2010 1370 qui-

1266 1391 1423 1425 cumque,
1448 1379 1585 1414 cuiusvis
1609 1379 1764 1420 nationis,
1794 1379 1955 1422 dignitatis
1979 1385 2010 1414 et

1267 1434 1468 1468 excellentiae
1491 1433 1586 1467 etiam
1609 1433 1715 1477 regiae
1737 1433 1868 1474 suerint,
1893 1433 1946 1478 qui
1971 1433 2010 1467 de

1266 1494 1372 1523 cetero
1389 1487 1552 1533 perpetuis
1568 1487 1683 1520 futuris
1699 1487 1894 1532 temporibus
1914 1487 1946 1521 in
1965 1497 2010 1521 sa-

1266 1553 1356 1577 crum
1367 1542 1536 1586 collegium
1550 1541 1650 1576 dictae
1663 1541 1692 1575 S.
1706 1542 1741 1575 R.
1755 1541 1788 1575 E.
1803 1541 2009 1576 cardinalium

1266 1607 1323 1641 per
1338 1607 1396 1630 nos
1409 1601 1440 1630 et
1455 1596 1614 1630 Romanos
1630 1594 1798 1629 Pontifices
1811 1605 2010 1630 successores

1266 1656 1392 1684 nostros
1404 1648 1648 1693 cooptabuntur,
1666 1648 1690 1681 si
1707 1653 1889 1692 praesentes
1905 1649 2010 1682 statim

1266 1714 1362 1748 quam
1382 1703 1557 1737 cardinales
1580 1702 1694 1744 creati,
1719 1702 1745 1735 si
1770 1712 1844 1736 vero
1866 1702 2011 1737 absentes

1266 1757 1393 1799 fuerint,
1418 1757 1451 1790 in
1474 1761 1546 1791 actu
1570 1756 1780 1802 susceptionis
1798 1756 1892 1790 bireti
1909 1757 2010 1799 rubei,

1267 1811 1346 1853 iura,
1362 1822 1420 1857 per
1445 1821 1498 1845 eos
1522 1811 1644 1845 ratione
1668 1810 1775 1844 annuli
1805 1810 2010 1853 cardinalitii,

1266 1865 1323 1899 etsi
1348 1865 1438 1899 illum
1461 1875 1526 1899 non
1548 1864 1744 1908 receperint,
1770 1874 1913 1898 camerae
1937 1875 2012 1909 apo-

1266 1919 1394 1954 stolicae
1411 1918 1526 1960 debita,
1547 1918 1727 1963 praedictae
1751 1918 2009 1962 congregationi,

1266 1983 1322 2006 seu
1337 1972 1376 2006 ab
1393 1974 1429 2006 ea
1444 1971 1609 2016 deputatis,
1623 1971 1751 2004 realiter
1767 1976 1797 2004 et
1809 1981 1882 2005 cum
1896 1970 2010 2006 effectu

1266 2026 1445 2071 persolvere
1463 2030 1637 2059 teneantur.

1310 2081 1325 2125 ἓ
1344 2080 1374 2114 9.
1398 2080 1482 2115 Nulli
1499 2090 1576 2124 ergo
1593 2079 1724 2114 omnino
1740 2079 1905 2113 hominum
1918 2079 2010 2114 liceat

1266 2136 1346 2169 hanc
1381 2134 1528 2179 paginam
1560 2139 1745 2167 nostrorum
1777 2134 1987 2168 revocationis
2000 2163 2008 2177 ‚

1266 2188 1459 2230 cassationis,
1483 2187 1694 2229 extinctionis,
1712 2187 1943 2230 annullationis,
1956 2188 2011 2222 do-

1266 2243 1417 2284 nationis,
1443 2242 1671 2283 concessionis,
1695 2241 1935 2286 assignationis,
1959 2242 2011 2277 de-

1267 2297 1496 2340 clarationum,
1529 2295 1735 2330 absolutionis
1749 2323 1756 2337 ,
1790 2296 1985 2331 inhibitionis
2001 2324 2010 2338 ‚

1266 2351 1478 2392 decretorum,
1502 2350 1732 2391 mandatorum,
1749 2350 1964 2394 derogationis
1980 2355 2012 2384 et

1267 2405 1435 2440 voluntatis
1455 2405 1639 2449 infringere,
1657 2405 1706 2438 vel
1730 2404 1758 2438 ei
1783 2414 1861 2438 ausu
1881 2408 2012 2438 temera-

1266 2460 1315 2494 rio
1333 2459 1500 2494 contraire.
1519 2459 1551 2493 Si
1568 2459 1638 2503 quis
1657 2463 1761 2492 autem
1780 2457 1842 2492 hoc
1857 2462 2011 2492 attentare

1267 2513 1526 2559 praesumpserit,
1550 2512 1798 2556 indignationem
1815 2512 2013 2557 omnipoten-

1267 2568 1306 2601 tis
1322 2567 1377 2602 Dei
1401 2577 1437 2600 ac
1455 2567 1621 2601 beatorum
1639 2565 1722 2599 Petri
1738 2569 1768 2598 et
1781 2565 1868 2598 Pauli
1888 2571 2011 2610 aposto-

1267 2622 1371 2656 lorum
1387 2621 1455 2655 eius
1472 2631 1505 2654 se
1522 2619 1646 2654 noverit
1662 2619 1875 2652 incursurum.

1309 2674 1421 2707 Datum
1445 2673 1582 2714 Romae,
1607 2671 1690 2716 apud
1714 2676 1854 2706 sanctam
1878 2672 2008 2706 Mariam

1266 2727 1433 2771 Maiorem,
1463 2736 1546 2762 anno
1573 2725 1802 2762 Incarnationis
1825 2726 2008 2763 Dominicae

2017 311 2068 340 An.
2084 312 2114 340 G.
2135 311 2205 343 ¹⁰22

2067 1281 2156 1307 Quando
2170 1287 2208 1304 an-

2022 1309 2065 1330 nuti
2080 1309 2208 1330 omolomeu·

2024 1339 2045 1357 ta
2066 1335 2109 1357 sint
2127 1335 2208 1363 persol-

2024 1362 2100 1385 venda.

2097 2088 2210 2112 clausulae

2023 2116 2131 2144 poenales.
