<?xml version="1.0" encoding="UTF-8"?>
<!DOCTYPE html PUBLIC "-//W3C//DTD XHTML 1.0 Transitional//EN"
    "http://www.w3.org/TR/xhtml1/DTD/xhtml1-transitional.dtd">
<html xmlns="http://www.w3.org/1999/xhtml" xml:lang="en" lang="en">
 <head>
  <title>
</title>
<meta http-equiv="Content-Type" content="text/html;charset=utf-8" />
  <meta name='ocr-system' content='tesseract 3.04.00' />
  <meta name='ocr-capabilities' content='ocr_page ocr_carea ocr_par ocr_line ocrx_word'/>
</head>
<body>
  <div class='ocr_page' id='page_1' title='image "./bullarumdiplomat12cath_0636.png"; bbox 0 0 2293 3231; ppageno 0'>
   <div class='ocr_carea' id='block_1_1' title="bbox 291 265 587 302">
    <p class='ocr_par' dir='ltr' id='par_1_1' title="bbox 291 265 587 302">
     <span class='ocr_line' id='line_1_1' title="bbox 291 265 587 302; baseline -0.01 -1"><span class='ocrx_word' id='word_1_1' title='bbox 291 277 339 302; x_wconf 75' lang='lat' dir='ltr'>An.</span> <span class='ocrx_word' id='word_1_2' title='bbox 362 274 389 302; x_wconf 87' lang='lat' dir='ltr'>c.</span> <span class='ocrx_word' id='word_1_3' title='bbox 409 274 472 302; x_wconf 79' lang='lat'><strong>¹621</strong></span> <span class='ocrx_word' id='word_1_4' title='bbox 523 265 587 300; x_wconf 81' lang='grc'>598</span> 
     </span>
    </p>
   </div>
   <div class='ocr_carea' id='block_1_2' title="bbox 290 549 475 624">
    <p class='ocr_par' dir='ltr' id='par_1_2' title="bbox 290 549 475 624">
     <span class='ocr_line' id='line_1_2' title="bbox 336 549 474 570; baseline -0.007 0"><span class='ocrx_word' id='word_1_5' title='bbox 336 549 474 570; x_wconf 71' lang='lat' dir='ltr'>Conservato-</span> 
     </span>
     <span class='ocr_line' id='line_1_3' title="bbox 291 575 475 597; baseline -0.016 0"><span class='ocrx_word' id='word_1_6' title='bbox 291 581 335 597; x_wconf 81' lang='lat' dir='ltr'>mm</span> <span class='ocrx_word' id='word_1_7' title='bbox 349 575 475 597; x_wconf 74' lang='lat' dir='ltr'>nuri—dictio-</span> 
     </span>
     <span class='ocr_line' id='line_1_4' title="bbox 290 602 454 624; baseline -0.012 0"><span class='ocrx_word' id='word_1_8' title='bbox 290 608 337 624; x_wconf 74' lang='lat' dir='ltr'>nom</span> <span class='ocrx_word' id='word_1_9' title='bbox 351 602 454 623; x_wconf 64' lang='lat' dir='ltr'>ductant.</span> 
     </span>
    </p>
   </div>
   <div class='ocr_carea' id='block_1_3' title="bbox 295 1188 480 1316">
    <p class='ocr_par' dir='ltr' id='par_1_3' title="bbox 295 1188 480 1316">
     <span class='ocr_line' id='line_1_5' title="bbox 319 1188 478 1210; baseline -0.006 -1"><span class='ocrx_word' id='word_1_10' title='bbox 319 1188 478 1210; x_wconf 59' lang='lat' dir='ltr'>Controversia</span> 
     </span>
     <span class='ocr_line' id='line_1_6' title="bbox 295 1217 478 1236; baseline -0.011 0"><span class='ocrx_word' id='word_1_11' title='bbox 295 1217 349 1236; x_wconf 77' lang='lat' dir='ltr'>inter</span> <span class='ocrx_word' id='word_1_12' title='bbox 367 1220 478 1236; x_wconf 73' lang='lat' dir='ltr'>cunserva-</span> 
     </span>
     <span class='ocr_line' id='line_1_7' title="bbox 375 1242 480 1263; baseline -0.019 0"><span class='ocrx_word' id='word_1_13' title='bbox 375 1245 396 1263; x_wconf 78' lang='grc' dir='ltr'>θι</span> <span class='ocrx_word' id='word_1_14' title='bbox 417 1242 480 1263; x_wconf 75' lang='lat' dir='ltr'>Onti-</span> 
     </span>
     <span class='ocr_line' id='line_1_8' title="bbox 295 1268 478 1295; baseline 0.005 -6"><span class='ocrx_word' id='word_1_15' title='bbox 295 1269 367 1289; x_wconf 79' lang='lat' dir='ltr'>narios</span> <span class='ocrx_word' id='word_1_16' title='bbox 378 1268 478 1295; x_wconf 75' lang='lat' dir='ltr'>perat-b·-</span> 
     </span>
     <span class='ocr_line' id='line_1_9' title="bbox 295 1295 480 1316; baseline 0 0"><span class='ocrx_word' id='word_1_17' title='bbox 295 1297 339 1316; x_wconf 75' lang='lat' dir='ltr'>tros</span> <span class='ocrx_word' id='word_1_18' title='bbox 355 1295 426 1316; x_wconf 70' lang='lat' dir='ltr'>decidi</span> <span class='ocrx_word' id='word_1_19' title='bbox 448 1295 480 1316; x_wconf 83' lang='lat' dir='ltr'>iu-</span> 
     </span>
    </p>
   </div>
   <div class='ocr_carea' id='block_1_4' title="bbox 295 1244 352 1263">
    <p class='ocr_par' dir='ltr' id='par_1_4' title="bbox 295 1244 352 1263">
     <span class='ocr_line' id='line_1_10' title="bbox 295 1244 352 1263; baseline -0.018 -1"><span class='ocrx_word' id='word_1_20' title='bbox 295 1244 352 1263; x_wconf 66' lang='lat' dir='ltr'>toron</span> 
     </span>
    </p>
   </div>
   <div class='ocr_carea' id='block_1_5' title="bbox 488 320 1252 1431">
    <p class='ocr_par' dir='ltr' id='par_1_5' title="bbox 488 320 1249 525">
     <span class='ocr_line' id='line_1_11' title="bbox 488 320 1232 366; baseline -0.004 -10"><span class='ocrx_word' id='word_1_21' title='bbox 488 323 628 363; x_wconf 83' lang='lat' dir='ltr'>dinariis,</span> <span class='ocrx_word' id='word_1_22' title='bbox 649 328 743 366; x_wconf 89' lang='lat' dir='ltr'>prout</span> <span class='ocrx_word' id='word_1_23' title='bbox 766 321 876 354; x_wconf 87' lang='lat' dir='ltr'>iisdem</span> <span class='ocrx_word' id='word_1_24' title='bbox 896 320 1096 364; x_wconf 76' lang='lat' dir='ltr'>regularibus</span> <span class='ocrx_word' id='word_1_25' title='bbox 1113 324 1144 354; x_wconf 89' lang='lat' dir='ltr'>et</span> <span class='ocrx_word' id='word_1_26' title='bbox 1163 320 1232 353; x_wconf 84' lang='lat' dir='ltr'>aliis</span> 
     </span>
     <span class='ocr_line' id='line_1_12' title="bbox 489 374 1249 421; baseline -0.003 -12"><span class='ocrx_word' id='word_1_27' title='bbox 489 376 675 420; x_wconf 88' lang='lat' dir='ltr'>supradictis</span> <span class='ocrx_word' id='word_1_28' title='bbox 699 375 836 415; x_wconf 80' lang='lat' dir='ltr'>libuerit,</span> <span class='ocrx_word' id='word_1_29' title='bbox 861 374 1078 418; x_wconf 69' lang='lat' dir='ltr'>approbanda,</span> <span class='ocrx_word' id='word_1_30' title='bbox 1098 374 1249 421; x_wconf 65' lang='lat' dir='ltr'>durante3</span> 
     </span>
     <span class='ocr_line' id='line_1_13' title="bbox 489 427 1249 473; baseline -0.003 -11"><span class='ocrx_word' id='word_1_31' title='bbox 489 428 704 473; x_wconf 86' lang='lat' dir='ltr'>quinquennio</span> <span class='ocrx_word' id='word_1_32' title='bbox 727 438 745 460; x_wconf 95' lang='lat' dir='ltr'>a</span> <span class='ocrx_word' id='word_1_33' title='bbox 769 428 820 461; x_wconf 89' lang='lat' dir='ltr'>die</span> <span class='ocrx_word' id='word_1_34' title='bbox 849 427 1063 471; x_wconf 81' lang='lat' dir='ltr'>deputationis</span> <span class='ocrx_word' id='word_1_35' title='bbox 1092 427 1249 471; x_wconf 48' lang='lat' dir='ltr'>amoveri}</span> 
     </span>
     <span class='ocr_line' id='line_1_14' title="bbox 489 481 1249 525; baseline -0.004 -10"><span class='ocrx_word' id='word_1_36' title='bbox 489 488 542 515; x_wconf 91' lang='lat' dir='ltr'>aut</span> <span class='ocrx_word' id='word_1_37' title='bbox 559 482 673 515; x_wconf 88' lang='lat' dir='ltr'>mutari</span> <span class='ocrx_word' id='word_1_38' title='bbox 695 481 874 514; x_wconf 88' lang='lat' dir='ltr'>nullatenus</span> <span class='ocrx_word' id='word_1_39' title='bbox 891 481 1010 525; x_wconf 77' lang='lat' dir='ltr'>possint</span> <span class='ocrx_word' id='word_1_40' title='bbox 1027 486 1080 514; x_wconf 88' lang='lat' dir='ltr'>aut</span> <span class='ocrx_word' id='word_1_41' title='bbox 1099 481 1230 514; x_wconf 86' lang='lat' dir='ltr'>valeant.</span> <span class='ocrx_word' id='word_1_42' title='bbox 1247 481 1249 487; x_wconf 71' lang='lat'><strong>⁴</strong></span> 
     </span>
    </p>

    <p class='ocr_par' dir='ltr' id='par_1_6' title="bbox 488 535 1252 1165">
     <span class='ocr_line' id='line_1_15' title="bbox 533 535 1231 579; baseline -0.003 -11"><span class='ocrx_word' id='word_1_43' title='bbox 533 535 549 579; x_wconf 63' lang='grc' dir='ltr'>ξ</span> <span class='ocrx_word' id='word_1_44' title='bbox 573 535 603 568; x_wconf 83' lang='grc'>9.</span> <span class='ocrx_word' id='word_1_45' title='bbox 629 535 674 569; x_wconf 81' lang='lat' dir='ltr'>Ad</span> <span class='ocrx_word' id='word_1_46' title='bbox 700 535 775 568; x_wconf 85' lang='lat' dir='ltr'>hacc</span> <span class='ocrx_word' id='word_1_47' title='bbox 801 535 908 567; x_wconf 78' lang='lat' dir='ltr'>statuit</span> <span class='ocrx_word' id='word_1_48' title='bbox 932 535 1086 568; x_wconf 76' lang='lat' dir='ltr'>Sanctitas</span> <span class='ocrx_word' id='word_1_49' title='bbox 1110 545 1176 573; x_wconf 87' lang='lat' dir='ltr'>sua,</span> <span class='ocrx_word' id='word_1_50' title='bbox 1199 539 1231 567; x_wconf 90' lang='lat' dir='ltr'>ut</span> 
     </span>
     <span class='ocr_line' id='line_1_16' title="bbox 489 588 1231 633; baseline -0.001 -11"><span class='ocrx_word' id='word_1_51' title='bbox 489 599 596 622; x_wconf 90' lang='lat' dir='ltr'>coram</span> <span class='ocrx_word' id='word_1_52' title='bbox 622 588 698 633; x_wconf 88' lang='lat' dir='ltr'>ipsis</span> <span class='ocrx_word' id='word_1_53' title='bbox 718 588 994 622; x_wconf 76' lang='lat' dir='ltr'>conservatoribus</span> <span class='ocrx_word' id='word_1_54' title='bbox 1014 589 1177 631; x_wconf 79' lang='lat' dir='ltr'>regulares</span> <span class='ocrx_word' id='word_1_55' title='bbox 1196 598 1231 620; x_wconf 89' lang='lat' dir='ltr'>ac</span> 
     </span>
     <span class='ocr_line' id='line_1_17' title="bbox 488 639 1251 692; baseline -0.004 -18"><span class='ocrx_word' id='word_1_56' title='bbox 488 650 642 684; x_wconf 78' lang='lat' dir='ltr'>personae</span> <span class='ocrx_word' id='word_1_57' title='bbox 659 640 893 684; x_wconf 81' lang='lat' dir='ltr'>suprascriptae</span> <span class='ocrx_word' id='word_1_58' title='bbox 915 640 1074 673; x_wconf 78' lang='lat' dir='ltr'>conveniri</span> <span class='ocrx_word' id='word_1_59' title='bbox 1093 639 1232 684; x_wconf 84' lang='lat' dir='ltr'>quidem.</span> <span class='ocrx_word' id='word_1_60' title='bbox 1248 644 1251 692; x_wconf 59' lang='lat'><strong>¹</strong></span> 
     </span>
     <span class='ocr_line' id='line_1_18' title="bbox 489 693 1231 733; baseline -0.003 -7"><span class='ocrx_word' id='word_1_61' title='bbox 489 698 543 726; x_wconf 85' lang='lat' dir='ltr'>aut</span> <span class='ocrx_word' id='word_1_62' title='bbox 557 693 637 726; x_wconf 85' lang='lat' dir='ltr'>trabi</span> <span class='ocrx_word' id='word_1_63' title='bbox 655 693 798 733; x_wconf 86' lang='lat' dir='ltr'>debcant,</span> <span class='ocrx_word' id='word_1_64' title='bbox 817 693 871 726; x_wconf 90' lang='lat' dir='ltr'>sed</span> <span class='ocrx_word' id='word_1_65' title='bbox 888 693 966 726; x_wconf 90' lang='lat' dir='ltr'>alios</span> <span class='ocrx_word' id='word_1_66' title='bbox 983 693 1163 733; x_wconf 81' lang='lat' dir='ltr'>convenire,</span> <span class='ocrx_word' id='word_1_67' title='bbox 1180 697 1231 725; x_wconf 88' lang='lat' dir='ltr'>aut</span> 
     </span>
     <span class='ocr_line' id='line_1_19' title="bbox 489 746 1252 796; baseline -0.003 -16"><span class='ocrx_word' id='word_1_68' title='bbox 489 747 614 780; x_wconf 86' lang='lat' dir='ltr'>trahere</span> <span class='ocrx_word' id='word_1_69' title='bbox 631 757 693 780; x_wconf 90' lang='lat' dir='ltr'>non</span> <span class='ocrx_word' id='word_1_70' title='bbox 711 746 846 790; x_wconf 88' lang='lat' dir='ltr'>possint;</span> <span class='ocrx_word' id='word_1_71' title='bbox 866 747 906 780; x_wconf 86' lang='lat' dir='ltr'>ita</span> <span class='ocrx_word' id='word_1_72' title='bbox 925 752 957 779; x_wconf 92' lang='lat' dir='ltr'>ut</span> <span class='ocrx_word' id='word_1_73' title='bbox 979 746 1143 780; x_wconf 84' lang='lat' dir='ltr'>memorati</span> <span class='ocrx_word' id='word_1_74' title='bbox 1163 756 1252 796; x_wconf 55' lang='lat' dir='ltr'>con-3</span> 
     </span>
     <span class='ocr_line' id='line_1_20' title="bbox 489 800 1251 844; baseline 0.001 -11"><span class='ocrx_word' id='word_1_75' title='bbox 489 806 667 834; x_wconf 86' lang='lat' dir='ltr'>servatores</span> <span class='ocrx_word' id='word_1_76' title='bbox 692 801 724 833; x_wconf 90' lang='lat' dir='ltr'>in</span> <span class='ocrx_word' id='word_1_77' title='bbox 747 801 860 841; x_wconf 87' lang='lat' dir='ltr'>causis,</span> <span class='ocrx_word' id='word_1_78' title='bbox 886 801 917 833; x_wconf 93' lang='lat' dir='ltr'>in</span> <span class='ocrx_word' id='word_1_79' title='bbox 939 801 1054 844; x_wconf 87' lang='lat' dir='ltr'>quibus</span> <span class='ocrx_word' id='word_1_80' title='bbox 1073 800 1251 844; x_wconf 63' lang='lat' dir='ltr'>regulares*</span> 
     </span>
     <span class='ocr_line' id='line_1_21' title="bbox 489 854 1236 898; baseline 0.001 -11"><span class='ocrx_word' id='word_1_81' title='bbox 489 859 520 887; x_wconf 87' lang='lat' dir='ltr'>ct</span> <span class='ocrx_word' id='word_1_82' title='bbox 544 854 596 887; x_wconf 90' lang='lat' dir='ltr'>alii</span> <span class='ocrx_word' id='word_1_83' title='bbox 622 860 745 888; x_wconf 90' lang='lat' dir='ltr'>actores</span> <span class='ocrx_word' id='word_1_84' title='bbox 763 854 889 895; x_wconf 86' lang='lat' dir='ltr'>suerint,</span> <span class='ocrx_word' id='word_1_85' title='bbox 907 855 1025 887; x_wconf 84' lang='lat' dir='ltr'>nullam</span> <span class='ocrx_word' id='word_1_86' title='bbox 1046 865 1179 898; x_wconf 88' lang='lat' dir='ltr'>prorsus</span> <span class='ocrx_word' id='word_1_87' title='bbox 1193 854 1236 888; x_wconf 90' lang='lat' dir='ltr'>iu-</span> 
     </span>
     <span class='ocr_line' id='line_1_22' title="bbox 489 907 1234 949; baseline 0 -8"><span class='ocrx_word' id='word_1_88' title='bbox 489 907 704 942; x_wconf 87' lang='lat' dir='ltr'>risdictionem</span> <span class='ocrx_word' id='word_1_89' title='bbox 730 908 880 947; x_wconf 88' lang='lat' dir='ltr'>habeant,</span> <span class='ocrx_word' id='word_1_90' title='bbox 906 908 959 941; x_wconf 85' lang='lat' dir='ltr'>sed</span> <span class='ocrx_word' id='word_1_91' title='bbox 985 908 1016 940; x_wconf 88' lang='lat' dir='ltr'>in</span> <span class='ocrx_word' id='word_1_92' title='bbox 1040 908 1078 940; x_wconf 88' lang='lat' dir='ltr'>iis</span> <span class='ocrx_word' id='word_1_93' title='bbox 1103 914 1234 949; x_wconf 89' lang='lat' dir='ltr'>tantum,</span> 
     </span>
     <span class='ocr_line' id='line_1_23' title="bbox 490 961 1235 1006; baseline 0 -12"><span class='ocrx_word' id='word_1_94' title='bbox 490 961 520 994; x_wconf 88' lang='lat' dir='ltr'>in</span> <span class='ocrx_word' id='word_1_95' title='bbox 539 961 652 1006; x_wconf 89' lang='lat' dir='ltr'>quibus</span> <span class='ocrx_word' id='word_1_96' title='bbox 677 961 723 994; x_wconf 85' lang='lat' dir='ltr'>rei</span> <span class='ocrx_word' id='word_1_97' title='bbox 748 961 905 1002; x_wconf 79' lang='lat' dir='ltr'>exiterint,</span> <span class='ocrx_word' id='word_1_98' title='bbox 934 971 1035 1005; x_wconf 84' lang='lat' dir='ltr'>neque</span> <span class='ocrx_word' id='word_1_99' title='bbox 1053 967 1142 994; x_wconf 83' lang='lat' dir='ltr'>extra</span> <span class='ocrx_word' id='word_1_100' title='bbox 1159 961 1235 994; x_wconf 89' lang='lat' dir='ltr'>civi-</span> 
     </span>
     <span class='ocr_line' id='line_1_24' title="bbox 490 1013 1237 1058; baseline 0 -11"><span class='ocrx_word' id='word_1_101' title='bbox 490 1019 585 1054; x_wconf 87' lang='lat' dir='ltr'>tates,</span> <span class='ocrx_word' id='word_1_102' title='bbox 619 1025 673 1047; x_wconf 91' lang='lat' dir='ltr'>seu</span> <span class='ocrx_word' id='word_1_103' title='bbox 705 1013 875 1055; x_wconf 80' lang='lat' dir='ltr'>dioeceses,</span> <span class='ocrx_word' id='word_1_104' title='bbox 911 1014 943 1047; x_wconf 89' lang='lat' dir='ltr'>in</span> <span class='ocrx_word' id='word_1_105' title='bbox 974 1015 1088 1058; x_wconf 86' lang='lat' dir='ltr'>quibus</span> <span class='ocrx_word' id='word_1_106' title='bbox 1121 1014 1237 1047; x_wconf 83' lang='lat' dir='ltr'>fuerint</span> 
     </span>
     <span class='ocr_line' id='line_1_25' title="bbox 491 1067 1236 1112; baseline 0.001 -12"><span class='ocrx_word' id='word_1_107' title='bbox 491 1067 654 1112; x_wconf 87' lang='lat' dir='ltr'>deputati,</span> <span class='ocrx_word' id='word_1_108' title='bbox 680 1074 789 1101; x_wconf 87' lang='lat' dir='ltr'>contra</span> <span class='ocrx_word' id='word_1_109' title='bbox 821 1078 1037 1112; x_wconf 86' lang='lat' dir='ltr'>quoscumque</span> <span class='ocrx_word' id='word_1_110' title='bbox 1062 1067 1236 1112; x_wconf 80' lang='lat' dir='ltr'>procedere</span> 
     </span>
     <span class='ocr_line' id='line_1_26' title="bbox 491 1126 705 1165; baseline 0 -11"><span class='ocrx_word' id='word_1_111' title='bbox 491 1126 705 1165; x_wconf 84' lang='lat' dir='ltr'>praesumant.</span> 
     </span>
    </p>

    <p class='ocr_par' dir='ltr' id='par_1_7' title="bbox 494 1174 1239 1431">
     <span class='ocr_line' id='line_1_27' title="bbox 538 1174 1237 1219; baseline 0 -12"><span class='ocrx_word' id='word_1_112' title='bbox 538 1175 553 1218; x_wconf 65' lang='grc' dir='ltr'>ξ</span> <span class='ocrx_word' id='word_1_113' title='bbox 577 1174 628 1208; x_wconf 78' lang='grc'>10.</span> <span class='ocrx_word' id='word_1_114' title='bbox 654 1175 685 1208; x_wconf 84' lang='lat' dir='ltr'>Si</span> <span class='ocrx_word' id='word_1_115' title='bbox 711 1174 794 1219; x_wconf 85' lang='lat' dir='ltr'>qua¹</span> <span class='ocrx_word' id='word_1_116' title='bbox 821 1185 896 1208; x_wconf 83' lang='lat' dir='ltr'>vero</span> <span class='ocrx_word' id='word_1_117' title='bbox 921 1174 1002 1208; x_wconf 89' lang='lat' dir='ltr'>inter</span> <span class='ocrx_word' id='word_1_118' title='bbox 1026 1175 1146 1208; x_wconf 90' lang='lat' dir='ltr'>iudices</span> <span class='ocrx_word' id='word_1_119' title='bbox 1166 1185 1237 1209; x_wconf 91' lang='lat' dir='ltr'>con-</span> 
     </span>
     <span class='ocr_line' id='line_1_28' title="bbox 494 1228 1238 1274; baseline -0.001 -13"><span class='ocrx_word' id='word_1_120' title='bbox 494 1233 671 1274; x_wconf 72' lang='lat' dir='ltr'>servatores</span> <span class='ocrx_word' id='word_1_121' title='bbox 695 1228 878 1262; x_wconf 88' lang='lat' dir='ltr'>huiusmodi</span> <span class='ocrx_word' id='word_1_122' title='bbox 894 1234 924 1261; x_wconf 88' lang='lat' dir='ltr'>et</span> <span class='ocrx_word' id='word_1_123' title='bbox 941 1229 1084 1262; x_wconf 89' lang='lat' dir='ltr'>locorum</span> <span class='ocrx_word' id='word_1_124' title='bbox 1109 1228 1238 1261; x_wconf 83' lang='lat' dir='ltr'>Ordina-</span> 
     </span>
     <span class='ocr_line' id='line_1_29' title="bbox 494 1281 1239 1325; baseline -0.001 -11"><span class='ocrx_word' id='word_1_125' title='bbox 494 1281 559 1315; x_wconf 88' lang='lat' dir='ltr'>rios</span> <span class='ocrx_word' id='word_1_126' title='bbox 575 1282 792 1315; x_wconf 87' lang='lat' dir='ltr'>controversia</span> <span class='ocrx_word' id='word_1_127' title='bbox 810 1292 906 1325; x_wconf 89' lang='lat' dir='ltr'>super</span> <span class='ocrx_word' id='word_1_128' title='bbox 924 1282 1132 1325; x_wconf 69' lang='lat' dir='ltr'>competentia</span> <span class='ocrx_word' id='word_1_129' title='bbox 1149 1281 1239 1314; x_wconf 89' lang='lat' dir='ltr'>iuris-</span> 
     </span>
     <span class='ocr_line' id='line_1_30' title="bbox 495 1333 1237 1378; baseline -0.001 -11"><span class='ocrx_word' id='word_1_130' title='bbox 495 1333 640 1368; x_wconf 86' lang='lat' dir='ltr'>dictionis</span> <span class='ocrx_word' id='word_1_131' title='bbox 665 1339 735 1367; x_wconf 86' lang='lat' dir='ltr'>orta</span> <span class='ocrx_word' id='word_1_132' title='bbox 755 1334 858 1374; x_wconf 85' lang='lat' dir='ltr'>suerit,</span> <span class='ocrx_word' id='word_1_133' title='bbox 874 1345 1073 1378; x_wconf 80' lang='lat' dir='ltr'>nequaquam</span> <span class='ocrx_word' id='word_1_134' title='bbox 1094 1334 1125 1367; x_wconf 90' lang='lat' dir='ltr'>in</span> <span class='ocrx_word' id='word_1_135' title='bbox 1142 1336 1237 1367; x_wconf 75' lang='lat' dir='ltr'>causa</span> 
     </span>
     <span class='ocr_line' id='line_1_31' title="bbox 495 1387 1239 1431; baseline -0.001 -11"><span class='ocrx_word' id='word_1_136' title='bbox 495 1387 694 1431; x_wconf 69' lang='lat' dir='ltr'>procedatur,</span> <span class='ocrx_word' id='word_1_137' title='bbox 719 1387 818 1421; x_wconf 90' lang='lat' dir='ltr'>donec</span> <span class='ocrx_word' id='word_1_138' title='bbox 839 1398 896 1431; x_wconf 88' lang='lat' dir='ltr'>per</span> <span class='ocrx_word' id='word_1_139' title='bbox 921 1387 1058 1421; x_wconf 85' lang='lat' dir='ltr'>arbitros</span> <span class='ocrx_word' id='word_1_140' title='bbox 1082 1387 1113 1420; x_wconf 90' lang='lat' dir='ltr'>in</span> <span class='ocrx_word' id='word_1_141' title='bbox 1137 1388 1239 1420; x_wconf 79' lang='lat' dir='ltr'>forma</span> 
     </span>
    </p>
   </div>
   <div class='ocr_carea' id='block_1_6' title="bbox 496 1440 1257 1484">
    <p class='ocr_par' dir='ltr' id='par_1_8' title="bbox 496 1440 1257 1484">
     <span class='ocr_line' id='line_1_32' title="bbox 496 1440 1257 1484; baseline -0.001 -11"><span class='ocrx_word' id='word_1_142' title='bbox 496 1440 573 1474; x_wconf 90' lang='lat' dir='ltr'>iuris</span> <span class='ocrx_word' id='word_1_143' title='bbox 597 1440 712 1474; x_wconf 78' lang='lat' dir='ltr'>electos</span> <span class='ocrx_word' id='word_1_144' title='bbox 737 1451 831 1484; x_wconf 86' lang='lat' dir='ltr'>super</span> <span class='ocrx_word' id='word_1_145' title='bbox 856 1440 1080 1474; x_wconf 86' lang='lat' dir='ltr'>iurisdictionis</span> <span class='ocrx_word' id='word_1_146' title='bbox 1105 1451 1257 1484; x_wconf 62' lang='lat' dir='ltr'>compe-3</span> 
     </span>
    </p>
   </div>
   <div class='ocr_carea' id='block_1_7' title="bbox 497 1493 1257 1526">
    <p class='ocr_par' dir='ltr' id='par_1_9' title="bbox 497 1493 1257 1526">
     <span class='ocr_line' id='line_1_33' title="bbox 497 1493 1257 1526; baseline 0 0"><span class='ocrx_word' id='word_1_147' title='bbox 497 1493 592 1526; x_wconf 80' lang='lat' dir='ltr'>tentia</span> <span class='ocrx_word' id='word_1_148' title='bbox 617 1494 630 1526; x_wconf 82' lang='lat' dir='ltr'>s</span> <span class='ocrx_word' id='word_1_149' title='bbox 630 1493 711 1526; x_wconf 86' lang='lat' dir='ltr'>uerit</span> <span class='ocrx_word' id='word_1_150' title='bbox 730 1493 912 1526; x_wconf 86' lang='lat' dir='ltr'>iudicatum.</span> <span class='ocrx_word' id='word_1_151' title='bbox 1254 1493 1257 1512; x_wconf 81' lang='lat'><strong>¹</strong></span> 
     </span>
    </p>
   </div>
   <div class='ocr_carea' id='block_1_8' title="bbox 1080 270 1438 297">
    <p class='ocr_par' dir='ltr' id='par_1_10' title="bbox 1080 270 1438 297">
     <span class='ocr_line' id='line_1_34' title="bbox 1080 270 1438 297; baseline 0 -1"><span class='ocrx_word' id='word_1_152' title='bbox 1080 271 1259 297; x_wconf 57' lang='lat' dir='ltr'>mmmmm!</span> <span class='ocrx_word' id='word_1_153' title='bbox 1283 270 1438 296; x_wconf 65' lang='lat' dir='ltr'>nmmum!</span> 
     </span>
    </p>
   </div>
   <div class='ocr_carea' id='block_1_9' title="bbox 1265 271 2244 1005">
    <p class='ocr_par' dir='ltr' id='par_1_11' title="bbox 2021 271 2202 301">
     <span class='ocr_line' id='line_1_35' title="bbox 2021 271 2202 301; baseline 0.011 -2"><span class='ocrx_word' id='word_1_154' title='bbox 2021 273 2071 299; x_wconf 77' lang='lat' dir='ltr'>An.</span> <span class='ocrx_word' id='word_1_155' title='bbox 2089 273 2120 300; x_wconf 86' lang='lat' dir='ltr'>C.</span> <span class='ocrx_word' id='word_1_156' title='bbox 2136 271 2202 301; x_wconf 72' lang='lat'>⁴62¹</span> 
     </span>
    </p>

    <p class='ocr_par' dir='ltr' id='par_1_12' title="bbox 1265 314 2244 355">
     <span class='ocr_line' id='line_1_36' title="bbox 1265 314 2244 355; baseline 0.001 -1"><span class='ocrx_word' id='word_1_157' title='bbox 1265 320 1510 354; x_wconf 87' lang='lat' dir='ltr'>ecclesiasticum</span> <span class='ocrx_word' id='word_1_158' title='bbox 1536 321 1582 353; x_wconf 88' lang='lat' dir='ltr'>vel</span> <span class='ocrx_word' id='word_1_159' title='bbox 1604 320 1680 353; x_wconf 81' lang='lat' dir='ltr'>alias</span> <span class='ocrx_word' id='word_1_160' title='bbox 1696 331 1714 353; x_wconf 89' lang='lat' dir='ltr'>a</span> <span class='ocrx_word' id='word_1_161' title='bbox 1730 321 1946 355; x_wconf 90' lang='lat' dir='ltr'>iurisdictione</span> <span class='ocrx_word' id='word_1_162' title='bbox 1962 331 2007 354; x_wconf 90' lang='lat' dir='ltr'>se-</span> <span class='ocrx_word' id='word_1_163' title='bbox 2231 314 2244 325; x_wconf 30' lang='lat'>⁸*</span> 
     </span>
    </p>

    <p class='ocr_par' dir='ltr' id='par_1_13' title="bbox 1265 373 2007 419">
     <span class='ocr_line' id='line_1_37' title="bbox 1265 373 2007 419; baseline 0.003 -13"><span class='ocrx_word' id='word_1_164' title='bbox 1265 373 1363 406; x_wconf 88' lang='lat' dir='ltr'>eulari</span> <span class='ocrx_word' id='word_1_165' title='bbox 1388 379 1580 417; x_wconf 78' lang='lat' dir='ltr'>exemptum,</span> <span class='ocrx_word' id='word_1_166' title='bbox 1604 378 1699 417; x_wconf 87' lang='lat' dir='ltr'>atque</span> <span class='ocrx_word' id='word_1_167' title='bbox 1720 378 1756 407; x_wconf 92' lang='lat' dir='ltr'>ut</span> <span class='ocrx_word' id='word_1_168' title='bbox 1779 384 1881 416; x_wconf 85' lang='lat' dir='ltr'>causa,</span> <span class='ocrx_word' id='word_1_169' title='bbox 1899 374 1929 407; x_wconf 91' lang='lat' dir='ltr'>in</span> <span class='ocrx_word' id='word_1_170' title='bbox 1945 385 2007 419; x_wconf 87' lang='lat' dir='ltr'>qua</span> 
     </span>
    </p>

    <p class='ocr_par' dir='ltr' id='par_1_14' title="bbox 1267 426 2009 470">
     <span class='ocr_line' id='line_1_38' title="bbox 1267 426 2009 470; baseline 0.004 -12"><span class='ocrx_word' id='word_1_171' title='bbox 1267 426 1358 460; x_wconf 81' lang='lat' dir='ltr'>iudex</span> <span class='ocrx_word' id='word_1_172' title='bbox 1382 426 1560 470; x_wconf 85' lang='lat' dir='ltr'>deputatur,</span> <span class='ocrx_word' id='word_1_173' title='bbox 1585 427 1680 459; x_wconf 82' lang='lat' dir='ltr'>fuerit</span> <span class='ocrx_word' id='word_1_174' title='bbox 1703 426 1850 470; x_wconf 76' lang='lat' dir='ltr'>protana,</span> <span class='ocrx_word' id='word_1_175' title='bbox 1873 437 1936 460; x_wconf 89' lang='lat' dir='ltr'>non</span> <span class='ocrx_word' id='word_1_176' title='bbox 1957 437 2009 461; x_wconf 88' lang='lat' dir='ltr'>au·</span> 
     </span>
    </p>

    <p class='ocr_par' dir='ltr' id='par_1_15' title="bbox 1266 479 2007 520">
     <span class='ocr_line' id='line_1_39' title="bbox 1266 479 2007 520; baseline 0.001 -8"><span class='ocrx_word' id='word_1_177' title='bbox 1266 485 1329 512; x_wconf 88' lang='lat' dir='ltr'>tem</span> <span class='ocrx_word' id='word_1_178' title='bbox 1353 479 1576 520; x_wconf 85' lang='lat' dir='ltr'>ecclesiastica,</span> <span class='ocrx_word' id='word_1_179' title='bbox 1593 483 1623 513; x_wconf 89' lang='lat' dir='ltr'>et</span> <span class='ocrx_word' id='word_1_180' title='bbox 1640 479 1671 512; x_wconf 89' lang='lat' dir='ltr'>in</span> <span class='ocrx_word' id='word_1_181' title='bbox 1688 482 1725 512; x_wconf 77' lang='lat' dir='ltr'>ea</span> <span class='ocrx_word' id='word_1_182' title='bbox 1743 479 1829 512; x_wconf 90' lang='lat' dir='ltr'>iuxta</span> <span class='ocrx_word' id='word_1_183' title='bbox 1844 489 2007 513; x_wconf 83' lang='lat' dir='ltr'>sacrorum</span> 
     </span>
    </p>

    <p class='ocr_par' dir='ltr' id='par_1_16' title="bbox 1266 532 2008 576">
     <span class='ocr_line' id='line_1_40' title="bbox 1266 532 2008 576; baseline -0.001 -10"><span class='ocrx_word' id='word_1_184' title='bbox 1266 543 1422 568; x_wconf 86' lang='lat' dir='ltr'>canonum</span> <span class='ocrx_word' id='word_1_185' title='bbox 1445 533 1686 576; x_wconf 85' lang='lat' dir='ltr'>dispositionem</span> <span class='ocrx_word' id='word_1_186' title='bbox 1717 532 1832 573; x_wconf 88' lang='lat' dir='ltr'>laicus,</span> <span class='ocrx_word' id='word_1_187' title='bbox 1857 537 1891 565; x_wconf 90' lang='lat' dir='ltr'>ut</span> <span class='ocrx_word' id='word_1_188' title='bbox 1917 543 2008 576; x_wconf 84' lang='lat' dir='ltr'>prae-</span> 
     </span>
    </p>

    <p class='ocr_par' dir='ltr' id='par_1_17' title="bbox 1266 586 2009 684">
     <span class='ocr_line' id='line_1_41' title="bbox 1266 586 2007 630; baseline -0.001 -11"><span class='ocrx_word' id='word_1_189' title='bbox 1266 587 1366 619; x_wconf 78' lang='lat' dir='ltr'>fertur</span> <span class='ocrx_word' id='word_1_190' title='bbox 1388 586 1562 630; x_wconf 83' lang='lat' dir='ltr'>eligendus,</span> <span class='ocrx_word' id='word_1_191' title='bbox 1580 586 1670 620; x_wconf 81' lang='lat' dir='ltr'>iudex</span> <span class='ocrx_word' id='word_1_192' title='bbox 1691 592 1873 630; x_wconf 88' lang='lat' dir='ltr'>competens</span> <span class='ocrx_word' id='word_1_193' title='bbox 1888 586 2007 620; x_wconf 86' lang='lat' dir='ltr'>existat.</span> 
     </span>
     <span class='ocr_line' id='line_1_42' title="bbox 1311 639 2009 684; baseline 0.003 -12"><span class='ocrx_word' id='word_1_194' title='bbox 1311 641 1326 684; x_wconf 69' lang='lat' dir='ltr'>g</span> <span class='ocrx_word' id='word_1_195' title='bbox 1351 639 1402 674; x_wconf 56' lang='lat'>113.</span> <span class='ocrx_word' id='word_1_196' title='bbox 1427 640 1510 680; x_wconf 84' lang='lat' dir='ltr'>Quae</span> <span class='ocrx_word' id='word_1_197' title='bbox 1534 640 1642 673; x_wconf 90' lang='lat' dir='ltr'>omnia</span> <span class='ocrx_word' id='word_1_198' title='bbox 1665 645 1696 674; x_wconf 88' lang='lat' dir='ltr'>et</span> <span class='ocrx_word' id='word_1_199' title='bbox 1719 640 1843 683; x_wconf 86' lang='lat' dir='ltr'>singula</span> <span class='ocrx_word' id='word_1_200' title='bbox 1866 639 1898 672; x_wconf 93' lang='lat' dir='ltr'>in</span> <span class='ocrx_word' id='word_1_201' title='bbox 1921 650 2009 684; x_wconf 84' lang='lat' dir='ltr'>prac-</span> 
     </span>
    </p>

    <p class='ocr_par' dir='ltr' id='par_1_18' title="bbox 1266 692 2212 733">
     <span class='ocr_line' id='line_1_43' title="bbox 1266 692 2212 733; baseline 0.003 -7"><span class='ocrx_word' id='word_1_202' title='bbox 1266 693 1346 726; x_wconf 92' lang='lat' dir='ltr'>senti</span> <span class='ocrx_word' id='word_1_203' title='bbox 1369 693 1592 727; x_wconf 88' lang='lat' dir='ltr'>constitutione</span> <span class='ocrx_word' id='word_1_204' title='bbox 1616 698 1762 727; x_wconf 89' lang='lat' dir='ltr'>contenta</span> <span class='ocrx_word' id='word_1_205' title='bbox 1781 692 1851 726; x_wconf 90' lang='lat' dir='ltr'>San.</span> <span class='ocrx_word' id='word_1_206' title='bbox 1864 693 1936 726; x_wconf 90' lang='lat' dir='ltr'>titas</span> <span class='ocrx_word' id='word_1_207' title='bbox 1951 703 2010 726; x_wconf 85' lang='lat' dir='ltr'>sua</span> <span class='ocrx_word' id='word_1_208' title='bbox 2024 713 2094 729; x_wconf 59' lang='lat' dir='ltr'>mmm</span> <span class='ocrx_word' id='word_1_209' title='bbox 2105 706 2178 733; x_wconf 68' lang='lat' dir='ltr'>„met</span> <span class='ocrx_word' id='word_1_210' title='bbox 2194 708 2212 729; x_wconf 81' lang='grc' dir='ltr'>ιι</span> 
     </span>
    </p>

    <p class='ocr_par' dir='ltr' id='par_1_19' title="bbox 1268 733 2170 788">
     <span class='ocr_line' id='line_1_44' title="bbox 1268 733 2170 788; baseline 0.004 -9"><span class='ocrx_word' id='word_1_211' title='bbox 1268 747 1366 780; x_wconf 91' lang='lat' dir='ltr'>voluit</span> <span class='ocrx_word' id='word_1_212' title='bbox 1392 747 1616 781; x_wconf 85' lang='lat' dir='ltr'>inviolabiliter</span> <span class='ocrx_word' id='word_1_213' title='bbox 1639 747 1812 788; x_wconf 87' lang='lat' dir='ltr'>observari,</span> <span class='ocrx_word' id='word_1_214' title='bbox 1835 746 2009 780; x_wconf 85' lang='lat' dir='ltr'>decernens</span> <span class='ocrx_word' id='word_1_215' title='bbox 2024 733 2170 783; x_wconf 55' lang='grc' dir='ltr'>ῗὶἒῗιῗιῗωω</span> 
     </span>
    </p>

    <p class='ocr_par' dir='ltr' id='par_1_20' title="bbox 1269 799 2010 845">
     <span class='ocr_line' id='line_1_45' title="bbox 1269 799 2010 845; baseline 0 -12"><span class='ocrx_word' id='word_1_216' title='bbox 1269 800 1312 834; x_wconf 90' lang='lat' dir='ltr'>sic</span> <span class='ocrx_word' id='word_1_217' title='bbox 1338 800 1368 833; x_wconf 87' lang='lat' dir='ltr'>in</span> <span class='ocrx_word' id='word_1_218' title='bbox 1395 800 1433 833; x_wconf 91' lang='lat' dir='ltr'>iis</span> <span class='ocrx_word' id='word_1_219' title='bbox 1457 801 1634 845; x_wconf 85' lang='lat' dir='ltr'>ceterisque</span> <span class='ocrx_word' id='word_1_220' title='bbox 1658 801 1805 834; x_wconf 88' lang='lat' dir='ltr'>omnibus</span> <span class='ocrx_word' id='word_1_221' title='bbox 1828 799 2010 844; x_wconf 86' lang='lat' dir='ltr'>praemissis</span> 
     </span>
    </p>

    <p class='ocr_par' dir='ltr' id='par_1_21' title="bbox 1269 853 2010 898">
     <span class='ocr_line' id='line_1_46' title="bbox 1269 853 2010 898; baseline -0.001 -11"><span class='ocrx_word' id='word_1_222' title='bbox 1269 865 1326 898; x_wconf 88' lang='lat' dir='ltr'>per</span> <span class='ocrx_word' id='word_1_223' title='bbox 1350 865 1576 898; x_wconf 83' lang='lat' dir='ltr'>quoscumque,</span> <span class='ocrx_word' id='word_1_224' title='bbox 1602 859 1671 894; x_wconf 63' lang='lat' dir='ltr'>etc„</span> <span class='ocrx_word' id='word_1_225' title='bbox 1690 854 1784 888; x_wconf 89' lang='lat' dir='ltr'>etiam</span> <span class='ocrx_word' id='word_1_226' title='bbox 1806 853 1887 887; x_wconf 88' lang='lat' dir='ltr'>sacri</span> <span class='ocrx_word' id='word_1_227' title='bbox 1905 853 2010 898; x_wconf 84' lang='lat' dir='ltr'>palatii</span> 
     </span>
    </p>

    <p class='ocr_par' dir='ltr' id='par_1_22' title="bbox 1269 907 2012 951">
     <span class='ocr_line' id='line_1_47' title="bbox 1269 907 2012 951; baseline -0.001 -11"><span class='ocrx_word' id='word_1_228' title='bbox 1269 908 1431 951; x_wconf 82' lang='lat' dir='ltr'>apostolici</span> <span class='ocrx_word' id='word_1_229' title='bbox 1456 908 1626 948; x_wconf 83' lang='lat' dir='ltr'>auditores,</span> <span class='ocrx_word' id='word_1_230' title='bbox 1643 918 1701 941; x_wconf 88' lang='lat' dir='ltr'>nec</span> <span class='ocrx_word' id='word_1_231' title='bbox 1717 917 1780 941; x_wconf 91' lang='lat' dir='ltr'>non</span> <span class='ocrx_word' id='word_1_232' title='bbox 1796 907 1826 942; x_wconf 88' lang='lat' dir='ltr'>S.</span> <span class='ocrx_word' id='word_1_233' title='bbox 1844 907 1879 941; x_wconf 79' lang='lat' dir='ltr'>R.</span> <span class='ocrx_word' id='word_1_234' title='bbox 1897 907 1930 940; x_wconf 87' lang='lat' dir='ltr'>E.</span> <span class='ocrx_word' id='word_1_235' title='bbox 1947 916 2012 940; x_wconf 87' lang='lat' dir='ltr'>car-</span> 
     </span>
    </p>

    <p class='ocr_par' dir='ltr' id='par_1_23' title="bbox 1269 961 2013 1005">
     <span class='ocr_line' id='line_1_48' title="bbox 1269 961 2013 1005; baseline 0 -12"><span class='ocrx_word' id='word_1_236' title='bbox 1269 961 1389 994; x_wconf 88' lang='lat' dir='ltr'>dinales</span> <span class='ocrx_word' id='word_1_237' title='bbox 1414 961 1561 1004; x_wconf 63' lang='lat' dir='ltr'>(sublata,</span> <span class='ocrx_word' id='word_1_238' title='bbox 1586 967 1658 1005; x_wconf 80' lang='lat' dir='ltr'>etc.)</span> <span class='ocrx_word' id='word_1_239' title='bbox 1684 961 1831 1001; x_wconf 89' lang='lat' dir='ltr'>iudicari,</span> <span class='ocrx_word' id='word_1_240' title='bbox 1860 966 1930 1001; x_wconf 90' lang='lat' dir='ltr'>etc.,</span> <span class='ocrx_word' id='word_1_241' title='bbox 1953 969 2013 994; x_wconf 88' lang='lat' dir='ltr'>nec</span> 
     </span>
    </p>
   </div>
   <div class='ocr_carea' id='block_1_10' title="bbox 2024 653 2235 707">
    <p class='ocr_par' dir='ltr' id='par_1_24' title="bbox 2024 653 2235 707">
     <span class='ocr_line' id='line_1_49' title="bbox 2090 653 2210 676; baseline 0.008 -1"><span class='ocrx_word' id='word_1_242' title='bbox 2090 653 2210 676; x_wconf 70' lang='lat' dir='ltr'>ommu-</span> 
     </span>
     <span class='ocr_line' id='line_1_50' title="bbox 2024 680 2235 707; baseline 0 -5"><span class='ocrx_word' id='word_1_243' title='bbox 2024 681 2076 702; x_wconf 70' lang='lat' dir='ltr'>tiam</span> <span class='ocrx_word' id='word_1_244' title='bbox 2105 680 2211 707; x_wconf 64' lang='lat' dir='ltr'>pramis-</span> <span class='ocrx_word' id='word_1_245' title='bbox 2231 699 2235 702; x_wconf 85' lang='lat'><strong>.</strong></span> 
     </span>
    </p>
   </div>
   <div class='ocr_carea' id='block_1_11' title="bbox 1261 1015 1746 1055">
    <p class='ocr_par' dir='ltr' id='par_1_25' title="bbox 1261 1015 1746 1055">
     <span class='ocr_line' id='line_1_51' title="bbox 1261 1015 1746 1055; baseline 0 -8"><span class='ocrx_word' id='word_1_246' title='bbox 1261 1025 1332 1048; x_wconf 39' lang='lat' dir='ltr'>*non</span> <span class='ocrx_word' id='word_1_247' title='bbox 1356 1015 1482 1048; x_wconf 90' lang='lat' dir='ltr'>irritum</span> <span class='ocrx_word' id='word_1_248' title='bbox 1507 1021 1537 1048; x_wconf 91' lang='lat' dir='ltr'>et</span> <span class='ocrx_word' id='word_1_249' title='bbox 1562 1015 1664 1055; x_wconf 85' lang='lat' dir='ltr'>inane,</span> <span class='ocrx_word' id='word_1_250' title='bbox 1688 1019 1746 1048; x_wconf 83' lang='lat' dir='ltr'>etc.</span> 
     </span>
    </p>
   </div>
   <div class='ocr_carea' id='block_1_12' title="bbox 1270 1065 2214 1529">
    <p class='ocr_par' dir='ltr' id='par_1_26' title="bbox 1270 1065 2214 1529">
     <span class='ocr_line' id='line_1_52' title="bbox 1315 1065 2214 1111; baseline 0.002 -10"><span class='ocrx_word' id='word_1_251' title='bbox 1315 1068 1330 1111; x_wconf 64' lang='grc' dir='ltr'><strong>ἓ</strong></span> <span class='ocrx_word' id='word_1_252' title='bbox 1354 1067 1404 1100; x_wconf 72' lang='grc'>14.</span> <span class='ocrx_word' id='word_1_253' title='bbox 1431 1068 1499 1101; x_wconf 80' lang='lat' dir='ltr'>Non</span> <span class='ocrx_word' id='word_1_254' title='bbox 1523 1067 1721 1101; x_wconf 82' lang='lat' dir='ltr'>obstantibus</span> <span class='ocrx_word' id='word_1_255' title='bbox 1738 1065 2014 1100; x_wconf 85' lang='lat' dir='ltr'>constitutionibus</span> <span class='ocrx_word' id='word_1_256' title='bbox 2040 1080 2214 1109; x_wconf 64' lang='lat' dir='ltr'>Contrariitqnb</span> 
     </span>
     <span class='ocr_line' id='line_1_53' title="bbox 1270 1107 2214 1165; baseline -0.003 -10"><span class='ocrx_word' id='word_1_257' title='bbox 1270 1125 1300 1155; x_wconf 87' lang='lat' dir='ltr'>et</span> <span class='ocrx_word' id='word_1_258' title='bbox 1323 1121 1576 1155; x_wconf 82' lang='lat' dir='ltr'>ordinationibus</span> <span class='ocrx_word' id='word_1_259' title='bbox 1606 1121 1804 1165; x_wconf 85' lang='lat' dir='ltr'>apostolicis,</span> <span class='ocrx_word' id='word_1_260' title='bbox 1833 1130 1869 1154; x_wconf 86' lang='lat' dir='ltr'>ac</span> <span class='ocrx_word' id='word_1_261' title='bbox 1900 1119 2013 1153; x_wconf 86' lang='lat' dir='ltr'>litteris</span> <span class='ocrx_word' id='word_1_262' title='bbox 2027 1108 2115 1156; x_wconf 54' lang='lat' dir='ltr'>iffi?</span> <span class='ocrx_word' id='word_1_263' title='bbox 2133 1107 2214 1161; x_wconf 61' lang='grc' dir='ltr'>2ῗοῖζῖ</span> 
     </span>
     <span class='ocr_line' id='line_1_54' title="bbox 1271 1173 2013 1218; baseline -0.003 -10"><span class='ocrx_word' id='word_1_264' title='bbox 1271 1175 1533 1215; x_wconf 78' lang='lat' dir='ltr'>conservatoriis,</span> <span class='ocrx_word' id='word_1_265' title='bbox 1558 1185 1635 1218; x_wconf 88' lang='lat' dir='ltr'>quas</span> <span class='ocrx_word' id='word_1_266' title='bbox 1666 1184 1777 1207; x_wconf 88' lang='lat' dir='ltr'>omnes</span> <span class='ocrx_word' id='word_1_267' title='bbox 1808 1173 1847 1206; x_wconf 90' lang='lat' dir='ltr'>ad</span> <span class='ocrx_word' id='word_1_268' title='bbox 1878 1173 2013 1206; x_wconf 84' lang='lat' dir='ltr'>sormam</span> 
     </span>
     <span class='ocr_line' id='line_1_55' title="bbox 1271 1226 2013 1272; baseline -0.001 -11"><span class='ocrx_word' id='word_1_269' title='bbox 1271 1228 1445 1272; x_wconf 87' lang='lat' dir='ltr'>praesentis</span> <span class='ocrx_word' id='word_1_270' title='bbox 1469 1227 1702 1262; x_wconf 86' lang='lat' dir='ltr'>constitutionis</span> <span class='ocrx_word' id='word_1_271' title='bbox 1725 1227 1858 1267; x_wconf 75' lang='lat' dir='ltr'>reduxit,</span> <span class='ocrx_word' id='word_1_272' title='bbox 1877 1227 1908 1260; x_wconf 93' lang='lat' dir='ltr'>in</span> <span class='ocrx_word' id='word_1_273' title='bbox 1927 1226 2013 1260; x_wconf 78' lang='lat' dir='ltr'>savo-</span> 
     </span>
     <span class='ocr_line' id='line_1_56' title="bbox 1272 1279 2013 1325; baseline -0.003 -10"><span class='ocrx_word' id='word_1_274' title='bbox 1272 1293 1339 1315; x_wconf 84' lang='lat' dir='ltr'>rem</span> <span class='ocrx_word' id='word_1_275' title='bbox 1364 1291 1638 1325; x_wconf 84' lang='lat' dir='ltr'>quorumcumque</span> <span class='ocrx_word' id='word_1_276' title='bbox 1662 1280 1825 1321; x_wconf 87' lang='lat' dir='ltr'>Ordinum,</span> <span class='ocrx_word' id='word_1_277' title='bbox 1850 1285 1913 1314; x_wconf 81' lang='lat' dir='ltr'>tarn</span> <span class='ocrx_word' id='word_1_278' title='bbox 1932 1279 2013 1313; x_wconf 88' lang='lat' dir='ltr'>Men-</span> 
     </span>
     <span class='ocr_line' id='line_1_57' title="bbox 1271 1333 2013 1378; baseline -0.001 -11"><span class='ocrx_word' id='word_1_279' title='bbox 1271 1334 1443 1368; x_wconf 87' lang='lat' dir='ltr'>dicantium</span> <span class='ocrx_word' id='word_1_280' title='bbox 1467 1345 1562 1378; x_wconf 84' lang='lat' dir='ltr'>quam</span> <span class='ocrx_word' id='word_1_281' title='bbox 1585 1344 1647 1367; x_wconf 90' lang='lat' dir='ltr'>non</span> <span class='ocrx_word' id='word_1_282' title='bbox 1677 1334 1932 1374; x_wconf 83' lang='lat' dir='ltr'>Mendicantium,</span> <span class='ocrx_word' id='word_1_283' title='bbox 1956 1333 2013 1366; x_wconf 90' lang='lat' dir='ltr'>mi-</span> 
     </span>
     <span class='ocr_line' id='line_1_58' title="bbox 1273 1386 2014 1430; baseline 0 -10"><span class='ocrx_word' id='word_1_284' title='bbox 1273 1388 1432 1430; x_wconf 87' lang='lat' dir='ltr'>litiarum,</span> <span class='ocrx_word' id='word_1_285' title='bbox 1457 1388 1550 1421; x_wconf 87' lang='lat' dir='ltr'>etiam</span> <span class='ocrx_word' id='word_1_286' title='bbox 1576 1387 1673 1421; x_wconf 88' lang='lat' dir='ltr'>sancti</span> <span class='ocrx_word' id='word_1_287' title='bbox 1694 1387 1818 1421; x_wconf 89' lang='lat' dir='ltr'>loannis</span> <span class='ocrx_word' id='word_1_288' title='bbox 1842 1386 2014 1420; x_wconf 87' lang='lat' dir='ltr'>Hierosoli-</span> 
     </span>
     <span class='ocr_line' id='line_1_59' title="bbox 1274 1440 2013 1484; baseline -0.001 -10"><span class='ocrx_word' id='word_1_289' title='bbox 1274 1441 1393 1482; x_wconf 83' lang='lat' dir='ltr'>mitani,</span> <span class='ocrx_word' id='word_1_290' title='bbox 1403 1442 1411 1449; x_wconf 83' lang='lat'><em>&#39;</em></span> <span class='ocrx_word' id='word_1_291' title='bbox 1419 1441 1700 1484; x_wconf 79' lang='lat' dir='ltr'>congregationum</span> <span class='ocrx_word' id='word_1_292' title='bbox 1709 1467 1716 1481; x_wconf 89' lang='lat'>,</span> <span class='ocrx_word' id='word_1_293' title='bbox 1741 1440 1938 1482; x_wconf 87' lang='lat' dir='ltr'>societatum,</span> <span class='ocrx_word' id='word_1_294' title='bbox 1961 1446 2013 1474; x_wconf 81' lang='lat' dir='ltr'>aut</span> 
     </span>
     <span class='ocr_line' id='line_1_60' title="bbox 1273 1494 2014 1529; baseline -0.001 -1"><span class='ocrx_word' id='word_1_295' title='bbox 1273 1495 1410 1529; x_wconf 85' lang='lat' dir='ltr'>cuiusvis</span> <span class='ocrx_word' id='word_1_296' title='bbox 1431 1495 1561 1528; x_wconf 90' lang='lat' dir='ltr'>alterius</span> <span class='ocrx_word' id='word_1_297' title='bbox 1578 1494 1712 1528; x_wconf 87' lang='lat' dir='ltr'>instituti</span> <span class='ocrx_word' id='word_1_298' title='bbox 1727 1494 1819 1527; x_wconf 86' lang='lat' dir='ltr'>etiam</span> <span class='ocrx_word' id='word_1_299' title='bbox 1837 1494 2014 1528; x_wconf 87' lang='lat' dir='ltr'>necessario</span> 
     </span>
    </p>
   </div>
   <div class='ocr_carea' id='block_1_13' title="bbox 297 1561 481 1767">
    <p class='ocr_par' dir='ltr' id='par_1_27' title="bbox 297 1561 481 1767">
     <span class='ocr_line' id='line_1_61' title="bbox 343 1561 480 1582; baseline -0.007 0"><span class='ocrx_word' id='word_1_300' title='bbox 343 1561 480 1582; x_wconf 78' lang='lat' dir='ltr'>Conservato-</span> 
     </span>
     <span class='ocr_line' id='line_1_62' title="bbox 298 1588 480 1611; baseline 0 -3"><span class='ocrx_word' id='word_1_301' title='bbox 298 1593 341 1608; x_wconf 83' lang='lat' dir='ltr'>rum</span> <span class='ocrx_word' id='word_1_302' title='bbox 357 1590 377 1608; x_wconf 81' lang='lat' dir='ltr'>et</span> <span class='ocrx_word' id='word_1_303' title='bbox 399 1588 480 1611; x_wconf 62' lang='lat' dir='ltr'>liugan&lt;</span> 
     </span>
     <span class='ocr_line' id='line_1_63' title="bbox 297 1614 481 1635; baseline -0.005 -1"><span class='ocrx_word' id='word_1_304' title='bbox 297 1615 349 1635; x_wconf 89' lang='lat' dir='ltr'>tium</span> <span class='ocrx_word' id='word_1_305' title='bbox 363 1620 412 1634; x_wconf 69' lang='lat' dir='ltr'>suos</span> <span class='ocrx_word' id='word_1_306' title='bbox 428 1614 481 1634; x_wconf 73' lang='lat' dir='ltr'>timi-</span> 
     </span>
     <span class='ocr_line' id='line_1_64' title="bbox 298 1640 480 1662; baseline -0.005 -1"><span class='ocrx_word' id='word_1_307' title='bbox 298 1640 480 1662; x_wconf 48' lang='lat' dir='ltr'>munt-edentium</span> 
     </span>
     <span class='ocr_line' id='line_1_65' title="bbox 298 1667 480 1688; baseline -0.011 0"><span class='ocrx_word' id='word_1_308' title='bbox 298 1672 354 1688; x_wconf 60' lang='lat' dir='ltr'>iuxta</span> <span class='ocrx_word' id='word_1_309' title='bbox 377 1667 480 1688; x_wconf 71' lang='lat' dir='ltr'>Bouit‘acii</span> 
     </span>
     <span class='ocr_line' id='line_1_66' title="bbox 298 1693 481 1715; baseline -0.011 0"><span class='ocrx_word' id='word_1_310' title='bbox 298 1693 344 1715; x_wconf 77' lang='lat' dir='ltr'>Vttt</span> <span class='ocrx_word' id='word_1_311' title='bbox 377 1693 481 1714; x_wconf 74' lang='lat' dir='ltr'>Constitu·</span> 
     </span>
     <span class='ocr_line' id='line_1_67' title="bbox 298 1723 481 1746; baseline 0.005 -6"><span class='ocrx_word' id='word_1_312' title='bbox 298 1723 376 1741; x_wconf 68' lang='lat' dir='ltr'>tionem</span> <span class='ocrx_word' id='word_1_313' title='bbox 402 1726 481 1746; x_wconf 68' lang='lat' dir='ltr'>poenas</span> 
     </span>
     <span class='ocr_line' id='line_1_68' title="bbox 299 1747 401 1767; baseline 0.01 -1"><span class='ocrx_word' id='word_1_314' title='bbox 299 1747 401 1767; x_wconf 74' lang='lat' dir='ltr'>declarat.</span> 
     </span>
    </p>
   </div>
   <div class='ocr_carea' id='block_1_14' title="bbox 1248 362 1258 1643">
    <p class='ocr_par' dir='ltr' id='par_1_28' title="bbox 1248 362 1258 1643">
     <span class='ocr_line' id='line_1_69' title="bbox 1248 362 1258 1643; baseline 0 0"><span class='ocrx_word' id='word_1_315' title='bbox 1248 362 1258 1643; x_wconf 95' lang='lat' dir='ltr'> </span> 
     </span>
    </p>
   </div>
   <div class='ocr_carea' id='block_1_15' title="bbox 496 1546 2054 2714">
    <p class='ocr_par' dir='ltr' id='par_1_29' title="bbox 496 1546 2054 2129">
     <span class='ocr_line' id='line_1_70' title="bbox 540 1546 2016 1593; baseline 0.001 -14"><span class='ocrx_word' id='word_1_316' title='bbox 540 1547 555 1590; x_wconf 58' lang='grc' dir='ltr'>ὅ</span> <span class='ocrx_word' id='word_1_317' title='bbox 584 1546 630 1579; x_wconf 87' lang='lat' dir='ltr'>ll.</span> <span class='ocrx_word' id='word_1_318' title='bbox 655 1546 744 1586; x_wconf 88' lang='lat' dir='ltr'>Quod</span> <span class='ocrx_word' id='word_1_319' title='bbox 768 1546 793 1579; x_wconf 89' lang='lat' dir='ltr'>si</span> <span class='ocrx_word' id='word_1_320' title='bbox 818 1546 872 1590; x_wconf 86' lang='lat' dir='ltr'>qui</span> <span class='ocrx_word' id='word_1_321' title='bbox 895 1552 1145 1587; x_wconf 83' lang='lat' dir='ltr'>conservatores,</span> <span class='ocrx_word' id='word_1_322' title='bbox 1175 1546 1239 1580; x_wconf 92' lang='lat' dir='ltr'>sive</span> <span class='ocrx_word' id='word_1_323' title='bbox 1273 1549 1481 1593; x_wconf 76' lang='lat' dir='ltr'>exprimendi,</span> <span class='ocrx_word' id='word_1_324' title='bbox 1499 1549 1952 1592; x_wconf 85' lang='lat' dir='ltr'>collegiorum,capitulorum,</span> <span class='ocrx_word' id='word_1_325' title='bbox 1969 1559 2016 1582; x_wconf 91' lang='lat' dir='ltr'>ec-</span> 
     </span>
     <span class='ocr_line' id='line_1_71' title="bbox 496 1599 2016 1646; baseline 0.002 -14"><span class='ocrx_word' id='word_1_326' title='bbox 496 1599 527 1632; x_wconf 92' lang='lat' dir='ltr'>in</span> <span class='ocrx_word' id='word_1_327' title='bbox 544 1600 602 1633; x_wconf 87' lang='lat' dir='ltr'>hac</span> <span class='ocrx_word' id='word_1_328' title='bbox 619 1605 707 1644; x_wconf 83' lang='lat' dir='ltr'>parte</span> <span class='ocrx_word' id='word_1_329' title='bbox 724 1599 789 1633; x_wconf 89' lang='lat' dir='ltr'>sive</span> <span class='ocrx_word' id='word_1_330' title='bbox 804 1600 880 1633; x_wconf 79' lang='lat' dir='ltr'>alias</span> <span class='ocrx_word' id='word_1_331' title='bbox 897 1600 1146 1643; x_wconf 85' lang='lat' dir='ltr'>quomodolibet,</span> <span class='ocrx_word' id='word_1_332' title='bbox 1167 1610 1240 1633; x_wconf 88' lang='lat' dir='ltr'>suos</span> <span class='ocrx_word' id='word_1_333' title='bbox 1274 1603 1453 1644; x_wconf 73' lang='lat' dir='ltr'>etesiarum,</span> <span class='ocrx_word' id='word_1_334' title='bbox 1466 1603 1743 1643; x_wconf 86' lang='lat' dir='ltr'>monasteriorum,</span> <span class='ocrx_word' id='word_1_335' title='bbox 1756 1613 1792 1636; x_wconf 90' lang='lat' dir='ltr'>ac</span> <span class='ocrx_word' id='word_1_336' title='bbox 1804 1602 1928 1646; x_wconf 87' lang='lat' dir='ltr'>piorum</span> <span class='ocrx_word' id='word_1_337' title='bbox 1941 1612 2016 1646; x_wconf 88' lang='lat' dir='ltr'>quo-</span> 
     </span>
     <span class='ocr_line' id='line_1_72' title="bbox 496 1645 2016 1700; baseline 0.001 -13"><span class='ocrx_word' id='word_1_338' title='bbox 496 1655 611 1688; x_wconf 89' lang='lat' dir='ltr'>limites</span> <span class='ocrx_word' id='word_1_339' title='bbox 635 1655 837 1696; x_wconf 75' lang='lat' dir='ltr'>excesserint,</span> <span class='ocrx_word' id='word_1_340' title='bbox 861 1665 919 1698; x_wconf 87' lang='lat' dir='ltr'>per</span> <span class='ocrx_word' id='word_1_341' title='bbox 943 1665 1060 1688; x_wconf 89' lang='lat' dir='ltr'>annum</span> <span class='ocrx_word' id='word_1_342' title='bbox 1077 1655 1116 1688; x_wconf 88' lang='lat' dir='ltr'>ab</span> <span class='ocrx_word' id='word_1_343' title='bbox 1136 1655 1240 1688; x_wconf 83' lang='lat' dir='ltr'>officio</span> <span class='ocrx_word' id='word_1_344' title='bbox 1255 1645 1258 1693; x_wconf 72' lang='lat' dir='ltr'>i</span> <span class='ocrx_word' id='word_1_345' title='bbox 1274 1666 1495 1700; x_wconf 85' lang='lat' dir='ltr'>rumcumque,</span> <span class='ocrx_word' id='word_1_346' title='bbox 1520 1660 1581 1690; x_wconf 87' lang='lat' dir='ltr'>tam</span> <span class='ocrx_word' id='word_1_347' title='bbox 1603 1656 1793 1689; x_wconf 86' lang='lat' dir='ltr'>secularium</span> <span class='ocrx_word' id='word_1_348' title='bbox 1810 1665 1905 1699; x_wconf 89' lang='lat' dir='ltr'>quam</span> <span class='ocrx_word' id='word_1_349' title='bbox 1926 1665 2016 1698; x_wconf 85' lang='lat' dir='ltr'>regu-</span> 
     </span>
     <span class='ocr_line' id='line_1_73' title="bbox 496 1707 2014 1762; baseline 0 -21"><span class='ocrx_word' id='word_1_350' title='bbox 496 1708 726 1749; x_wconf 79' lang='lat' dir='ltr'>conservatoris</span> <span class='ocrx_word' id='word_1_351' title='bbox 751 1708 931 1741; x_wconf 83' lang='lat' dir='ltr'>huiusmodi</span> <span class='ocrx_word' id='word_1_352' title='bbox 949 1708 1092 1752; x_wconf 87' lang='lat' dir='ltr'>suspensi</span> <span class='ocrx_word' id='word_1_353' title='bbox 1117 1709 1194 1748; x_wconf 89' lang='lat' dir='ltr'>sint,</span> <span class='ocrx_word' id='word_1_354' title='bbox 1211 1714 1240 1741; x_wconf 90' lang='lat' dir='ltr'>et</span> <span class='ocrx_word' id='word_1_355' title='bbox 1256 1713 1258 1762; x_wconf 64' lang='grc' dir='ltr'>ξ</span> <span class='ocrx_word' id='word_1_356' title='bbox 1274 1710 1404 1750; x_wconf 89' lang='lat' dir='ltr'>larium,</span> <span class='ocrx_word' id='word_1_357' title='bbox 1429 1710 1584 1750; x_wconf 88' lang='lat' dir='ltr'>locorum,</span> <span class='ocrx_word' id='word_1_358' title='bbox 1609 1718 1732 1742; x_wconf 89' lang='lat' dir='ltr'>necnon</span> <span class='ocrx_word' id='word_1_359' title='bbox 1756 1709 1883 1742; x_wconf 91' lang='lat' dir='ltr'>illorum</span> <span class='ocrx_word' id='word_1_360' title='bbox 1908 1707 2014 1751; x_wconf 85' lang='lat' dir='ltr'>(etiam</span> 
     </span>
     <span class='ocr_line' id='line_1_74' title="bbox 498 1761 2015 1806; baseline 0 -12"><span class='ocrx_word' id='word_1_361' title='bbox 498 1772 579 1806; x_wconf 86' lang='lat' dir='ltr'>pars,</span> <span class='ocrx_word' id='word_1_362' title='bbox 604 1772 684 1806; x_wconf 88' lang='lat' dir='ltr'>quae</span> <span class='ocrx_word' id='word_1_363' title='bbox 704 1762 765 1794; x_wconf 91' lang='lat' dir='ltr'>hoc</span> <span class='ocrx_word' id='word_1_364' title='bbox 785 1761 855 1794; x_wconf 82' lang='lat' dir='ltr'>fieri</span> <span class='ocrx_word' id='word_1_365' title='bbox 872 1762 1102 1805; x_wconf 72' lang='lat' dir='ltr'>procuraverit,</span> <span class='ocrx_word' id='word_1_366' title='bbox 1119 1767 1241 1795; x_wconf 84' lang='lat' dir='ltr'>senten·</span> <span class='ocrx_word' id='word_1_367' title='bbox 1256 1785 1258 1800; x_wconf 66' lang='lat'>‚</span> <span class='ocrx_word' id='word_1_368' title='bbox 1275 1763 1470 1803; x_wconf 83' lang='lat' dir='ltr'>iuramento,</span> <span class='ocrx_word' id='word_1_369' title='bbox 1496 1762 1734 1796; x_wconf 80' lang='lat' dir='ltr'>confirmatione</span> <span class='ocrx_word' id='word_1_370' title='bbox 1757 1761 1944 1806; x_wconf 72' lang='lat' dir='ltr'>apostolica,</span> <span class='ocrx_word' id='word_1_371' title='bbox 1967 1762 2015 1794; x_wconf 86' lang='lat' dir='ltr'>vel</span> 
     </span>
     <span class='ocr_line' id='line_1_75' title="bbox 499 1808 2014 1860; baseline -0.002 -11"><span class='ocrx_word' id='word_1_372' title='bbox 499 1816 573 1849; x_wconf 88' lang='lat' dir='ltr'>tiam</span> <span class='ocrx_word' id='word_1_373' title='bbox 596 1815 930 1849; x_wconf 78' lang='lat' dir='ltr'>excommunicationis</span> <span class='ocrx_word' id='word_1_374' title='bbox 961 1816 1124 1856; x_wconf 84' lang='lat' dir='ltr'>incurrat,</span> <span class='ocrx_word' id='word_1_375' title='bbox 1155 1816 1240 1848; x_wconf 77' lang='lat' dir='ltr'>iuxta</span> <span class='ocrx_word' id='word_1_376' title='bbox 1256 1808 1257 1813; x_wconf 36' lang='lat'>¹</span> <span class='ocrx_word' id='word_1_377' title='bbox 1275 1816 1384 1860; x_wconf 85' lang='lat' dir='ltr'>quavis</span> <span class='ocrx_word' id='word_1_378' title='bbox 1409 1816 1557 1848; x_wconf 82' lang='lat' dir='ltr'>firmitate</span> <span class='ocrx_word' id='word_1_379' title='bbox 1581 1816 1642 1848; x_wconf 77' lang='lat' dir='ltr'>alia</span> <span class='ocrx_word' id='word_1_380' title='bbox 1659 1814 1831 1858; x_wconf 87' lang='lat' dir='ltr'>roboratis)</span> <span class='ocrx_word' id='word_1_381' title='bbox 1848 1813 1970 1848; x_wconf 85' lang='lat' dir='ltr'>statutis</span> <span class='ocrx_word' id='word_1_382' title='bbox 1986 1819 2014 1846; x_wconf 89' lang='lat' dir='ltr'>ct</span> 
     </span>
     <span class='ocr_line' id='line_1_76' title="bbox 499 1867 2016 1910; baseline -0.001 -8"><span class='ocrx_word' id='word_1_383' title='bbox 499 1871 631 1903; x_wconf 81' lang='lat' dir='ltr'>formam</span> <span class='ocrx_word' id='word_1_384' title='bbox 643 1869 774 1902; x_wconf 87' lang='lat' dir='ltr'>alterius</span> <span class='ocrx_word' id='word_1_385' title='bbox 786 1870 1022 1903; x_wconf 86' lang='lat' dir='ltr'>Constitutionis</span> <span class='ocrx_word' id='word_1_386' title='bbox 1033 1869 1174 1903; x_wconf 89' lang='lat' dir='ltr'>eiusdem</span> <span class='ocrx_word' id='word_1_387' title='bbox 1188 1870 1242 1903; x_wconf 89' lang='lat' dir='ltr'>Bo·</span> <span class='ocrx_word' id='word_1_388' title='bbox 1256 1873 1259 1910; x_wconf 68' lang='lat'>}</span> <span class='ocrx_word' id='word_1_389' title='bbox 1275 1869 1575 1909; x_wconf 54' lang='lat' dir='ltr'>consuctudinibus·</span> <span class='ocrx_word' id='word_1_390' title='bbox 1590 1869 1683 1902; x_wconf 88' lang='lat' dir='ltr'>ctiam</span> <span class='ocrx_word' id='word_1_391' title='bbox 1701 1867 2016 1904; x_wconf 83' lang='lat' dir='ltr'>immemorabilibus‚</span> 
     </span>
     <span class='ocr_line' id='line_1_77' title="bbox 497 1914 2014 1968; baseline -0.002 -12"><span class='ocrx_word' id='word_1_392' title='bbox 497 1923 601 1956; x_wconf 81' lang='lat' dir='ltr'>nifacii</span> <span class='ocrx_word' id='word_1_393' title='bbox 633 1923 903 1967; x_wconf 76' lang='lat' dir='ltr'>praedecessoris,</span> <span class='ocrx_word' id='word_1_394' title='bbox 929 1935 1009 1968; x_wconf 86' lang='lat' dir='ltr'>quae</span> <span class='ocrx_word' id='word_1_395' title='bbox 1039 1924 1147 1968; x_wconf 89' lang='lat' dir='ltr'>incipit</span> <span class='ocrx_word' id='word_1_396' title='bbox 1171 1914 1449 1967; x_wconf 69' lang='lat' dir='ltr'>Haciprivitegiis</span> <span class='ocrx_word' id='word_1_397' title='bbox 1473 1933 1608 1966; x_wconf 87' lang='lat' dir='ltr'>quoque,</span> <span class='ocrx_word' id='word_1_398' title='bbox 1635 1921 1728 1955; x_wconf 85' lang='lat' dir='ltr'>etiam</span> <span class='ocrx_word' id='word_1_399' title='bbox 1754 1931 1790 1954; x_wconf 80' lang='lat' dir='ltr'>ex</span> <span class='ocrx_word' id='word_1_400' title='bbox 1816 1924 1908 1955; x_wconf 79' lang='lat' dir='ltr'>causa</span> <span class='ocrx_word' id='word_1_401' title='bbox 1925 1925 1955 1954; x_wconf 86' lang='lat' dir='ltr'>et</span> <span class='ocrx_word' id='word_1_402' title='bbox 1978 1920 2014 1954; x_wconf 83' lang='lat' dir='ltr'>ti-</span> 
     </span>
     <span class='ocr_line' id='line_1_78' title="bbox 499 1972 2018 2021; baseline -0.001 -14"><span class='ocrx_word' id='word_1_403' title='bbox 499 1977 741 2018; x_wconf 67' lang='grc' dir='ltr'>«τοηειίιιιιίοησ,</span> <span class='ocrx_word' id='word_1_404' title='bbox 766 1987 860 2021; x_wconf 85' lang='lat' dir='ltr'>quam</span> <span class='ocrx_word' id='word_1_405' title='bbox 885 1978 1038 2011; x_wconf 82' lang='lat' dir='ltr'>Sanctitas</span> <span class='ocrx_word' id='word_1_406' title='bbox 1058 1978 1162 2010; x_wconf 87' lang='lat' dir='ltr'>suain</span> <span class='ocrx_word' id='word_1_407' title='bbox 1178 1988 1243 2011; x_wconf 91' lang='lat' dir='ltr'>om·</span> <span class='ocrx_word' id='word_1_408' title='bbox 1258 1997 1259 2000; x_wconf 64' lang='lat'><em>=</em></span> <span class='ocrx_word' id='word_1_409' title='bbox 1276 1976 1342 2008; x_wconf 89' lang='lat' dir='ltr'>tulo</span> <span class='ocrx_word' id='word_1_410' title='bbox 1367 1985 1513 2015; x_wconf 88' lang='lat' dir='ltr'>oneroso,</span> <span class='ocrx_word' id='word_1_411' title='bbox 1538 1974 1667 2008; x_wconf 87' lang='lat' dir='ltr'>indultis</span> <span class='ocrx_word' id='word_1_412' title='bbox 1691 1979 1722 2007; x_wconf 88' lang='lat' dir='ltr'>et</span> <span class='ocrx_word' id='word_1_413' title='bbox 1745 1973 1856 2008; x_wconf 87' lang='lat' dir='ltr'>litteris</span> <span class='ocrx_word' id='word_1_414' title='bbox 1872 1972 2018 2017; x_wconf 88' lang='lat' dir='ltr'>apostoli-</span> 
     </span>
     <span class='ocr_line' id='line_1_79' title="bbox 500 2027 2016 2074; baseline -0.002 -11"><span class='ocrx_word' id='word_1_415' title='bbox 500 2030 608 2070; x_wconf 90' lang='lat' dir='ltr'>nihus,</span> <span class='ocrx_word' id='word_1_416' title='bbox 639 2041 720 2074; x_wconf 84' lang='lat' dir='ltr'>quac</span> <span class='ocrx_word' id='word_1_417' title='bbox 751 2031 907 2074; x_wconf 83' lang='lat' dir='ltr'>praesenti</span> <span class='ocrx_word' id='word_1_418' title='bbox 940 2031 1155 2065; x_wconf 88' lang='lat' dir='ltr'>constitutioni</span> <span class='ocrx_word' id='word_1_419' title='bbox 1179 2041 1242 2064; x_wconf 92' lang='lat' dir='ltr'>non</span> <span class='ocrx_word' id='word_1_420' title='bbox 1276 2029 1331 2069; x_wconf 86' lang='lat' dir='ltr'>cis,</span> <span class='ocrx_word' id='word_1_421' title='bbox 1356 2028 1449 2061; x_wconf 78' lang='lat' dir='ltr'>etiarn</span> <span class='ocrx_word' id='word_1_422' title='bbox 1468 2028 1683 2071; x_wconf 79' lang='lat' dir='ltr'>marimagno,</span> <span class='ocrx_word' id='word_1_423' title='bbox 1708 2038 1763 2061; x_wconf 91' lang='lat' dir='ltr'>seu</span> <span class='ocrx_word' id='word_1_424' title='bbox 1790 2027 1877 2060; x_wconf 73' lang='lat' dir='ltr'>bulla</span> <span class='ocrx_word' id='word_1_425' title='bbox 1903 2028 2016 2066; x_wconf 71' lang='lat' dir='ltr'>aurea,</span> 
     </span>
     <span class='ocr_line' id='line_1_80' title="bbox 501 2080 2054 2129; baseline -0.001 -14"><span class='ocrx_word' id='word_1_426' title='bbox 501 2083 733 2125; x_wconf 71' lang='lat' dir='ltr'>adversantur-²,</span> <span class='ocrx_word' id='word_1_427' title='bbox 759 2084 918 2117; x_wconf 75' lang='lat' dir='ltr'>innovavit</span> <span class='ocrx_word' id='word_1_428' title='bbox 941 2090 972 2117; x_wconf 89' lang='lat' dir='ltr'>et</span> <span class='ocrx_word' id='word_1_429' title='bbox 996 2084 1130 2118; x_wconf 88' lang='lat' dir='ltr'>innovat.</span> <span class='ocrx_word' id='word_1_430' title='bbox 1258 2081 1329 2129; x_wconf 66' lang='lat' dir='ltr'>[aut</span> <span class='ocrx_word' id='word_1_431' title='bbox 1353 2082 1428 2115; x_wconf 74' lang='lat' dir='ltr'>alias</span> <span class='ocrx_word' id='word_1_432' title='bbox 1451 2082 1658 2125; x_wconf 86' lang='lat' dir='ltr'>nuncupatis,</span> <span class='ocrx_word' id='word_1_433' title='bbox 1682 2081 1741 2115; x_wconf 85' lang='lat' dir='ltr'>sub</span> <span class='ocrx_word' id='word_1_434' title='bbox 1767 2080 2018 2125; x_wconf 82' lang='lat' dir='ltr'>quibuscumque</span> <span class='ocrx_word' id='word_1_435' title='bbox 2051 2099 2054 2103; x_wconf 93' lang='lat'>·</span> 
     </span>
    </p>

    <p class='ocr_par' dir='ltr' id='par_1_30' title="bbox 502 2133 2020 2608">
     <span class='ocr_line' id='line_1_81' title="bbox 546 2133 2019 2181; baseline -0.003 -11"><span class='ocrx_word' id='word_1_436' title='bbox 546 2137 632 2181; x_wconf 59' lang='lat'>§212</span> <span class='ocrx_word' id='word_1_437' title='bbox 658 2137 716 2170; x_wconf 77' lang='lat' dir='ltr'>Per</span> <span class='ocrx_word' id='word_1_438' title='bbox 733 2137 793 2170; x_wconf 86' lang='lat' dir='ltr'>hoc</span> <span class='ocrx_word' id='word_1_439' title='bbox 816 2142 919 2170; x_wconf 89' lang='lat' dir='ltr'>tamen</span> <span class='ocrx_word' id='word_1_440' title='bbox 937 2148 1000 2171; x_wconf 90' lang='lat' dir='ltr'>non</span> <span class='ocrx_word' id='word_1_441' title='bbox 1020 2137 1153 2170; x_wconf 87' lang='lat' dir='ltr'>intendit</span> <span class='ocrx_word' id='word_1_442' title='bbox 1169 2138 1243 2171; x_wconf 85' lang='lat' dir='ltr'>San·</span> <span class='ocrx_word' id='word_1_443' title='bbox 1258 2140 1261 2174; x_wconf 68' lang='lat' dir='ltr'>l</span> <span class='ocrx_word' id='word_1_444' title='bbox 1277 2136 1439 2169; x_wconf 87' lang='lat' dir='ltr'>tenoribus</span> <span class='ocrx_word' id='word_1_445' title='bbox 1470 2141 1501 2169; x_wconf 90' lang='lat' dir='ltr'>et</span> <span class='ocrx_word' id='word_1_446' title='bbox 1531 2135 1661 2176; x_wconf 80' lang='lat' dir='ltr'>formis,</span> <span class='ocrx_word' id='word_1_447' title='bbox 1691 2145 1727 2168; x_wconf 86' lang='lat' dir='ltr'>ac</span> <span class='ocrx_word' id='word_1_448' title='bbox 1755 2145 1827 2168; x_wconf 89' lang='lat' dir='ltr'>cum</span> <span class='ocrx_word' id='word_1_449' title='bbox 1858 2133 2019 2178; x_wconf 84' lang='lat' dir='ltr'>quibusvis</span> 
     </span>
     <span class='ocr_line' id='line_1_82' title="bbox 502 2178 2020 2235; baseline -0.003 -12"><span class='ocrx_word' id='word_1_450' title='bbox 502 2191 592 2224; x_wconf 90' lang='lat' dir='ltr'>ctitas</span> <span class='ocrx_word' id='word_1_451' title='bbox 616 2201 672 2223; x_wconf 85' lang='lat' dir='ltr'>sua</span> <span class='ocrx_word' id='word_1_452' title='bbox 689 2190 873 2234; x_wconf 81' lang='lat' dir='ltr'>prohibere,</span> <span class='ocrx_word' id='word_1_453' title='bbox 891 2191 1061 2233; x_wconf 84' lang='lat' dir='ltr'>quominus</span> <span class='ocrx_word' id='word_1_454' title='bbox 1082 2191 1244 2233; x_wconf 78' lang='lat' dir='ltr'>regulares</span> <span class='ocrx_word' id='word_1_455' title='bbox 1258 2178 1261 2235; x_wconf 92' lang='grc' dir='ltr'>Ξ</span> <span class='ocrx_word' id='word_1_456' title='bbox 1277 2189 1369 2222; x_wconf 84' lang='lat' dir='ltr'>etiam</span> <span class='ocrx_word' id='word_1_457' title='bbox 1394 2189 1668 2232; x_wconf 80' lang='lat' dir='ltr'>derogatoriarum</span> <span class='ocrx_word' id='word_1_458' title='bbox 1694 2187 1914 2231; x_wconf 83' lang='lat' dir='ltr'>derogatoriis,</span> <span class='ocrx_word' id='word_1_459' title='bbox 1939 2186 2020 2220; x_wconf 85' lang='lat' dir='ltr'>aliis-</span> 
     </span>
     <span class='ocr_line' id='line_1_83' title="bbox 502 2239 2018 2288; baseline -0.003 -10"><span class='ocrx_word' id='word_1_460' title='bbox 502 2248 533 2278; x_wconf 85' lang='lat' dir='ltr'>et</span> <span class='ocrx_word' id='word_1_461' title='bbox 555 2244 607 2277; x_wconf 88' lang='lat' dir='ltr'>alii</span> <span class='ocrx_word' id='word_1_462' title='bbox 632 2243 803 2288; x_wconf 85' lang='lat' dir='ltr'>supradicti</span> <span class='ocrx_word' id='word_1_463' title='bbox 830 2244 860 2277; x_wconf 93' lang='lat' dir='ltr'>in</span> <span class='ocrx_word' id='word_1_464' title='bbox 885 2244 1011 2277; x_wconf 85' lang='lat' dir='ltr'>casibus</span> <span class='ocrx_word' id='word_1_465' title='bbox 1036 2254 1052 2276; x_wconf 88' lang='lat' dir='ltr'>a</span> <span class='ocrx_word' id='word_1_466' title='bbox 1078 2244 1145 2277; x_wconf 90' lang='lat' dir='ltr'>iure</span> <span class='ocrx_word' id='word_1_467' title='bbox 1170 2255 1244 2288; x_wconf 83' lang='lat' dir='ltr'>per·</span> <span class='ocrx_word' id='word_1_468' title='bbox 1277 2253 1338 2286; x_wconf 82' lang='lat' dir='ltr'>que</span> <span class='ocrx_word' id='word_1_469' title='bbox 1371 2242 1600 2276; x_wconf 85' lang='lat' dir='ltr'>efficacioribus</span> <span class='ocrx_word' id='word_1_470' title='bbox 1630 2247 1661 2275; x_wconf 87' lang='lat' dir='ltr'>et</span> <span class='ocrx_word' id='word_1_471' title='bbox 1690 2241 1823 2275; x_wconf 87' lang='lat' dir='ltr'>insolitis</span> <span class='ocrx_word' id='word_1_472' title='bbox 1854 2239 2018 2277; x_wconf 77' lang='lat' dir='ltr'>clausulis,</span> 
     </span>
     <span class='ocr_line' id='line_1_84' title="bbox 502 2292 2018 2341; baseline -0.003 -12"><span class='ocrx_word' id='word_1_473' title='bbox 502 2297 606 2331; x_wconf 85' lang='lat' dir='ltr'>missis</span> <span class='ocrx_word' id='word_1_474' title='bbox 636 2302 743 2341; x_wconf 86' lang='lat' dir='ltr'>petant</span> <span class='ocrx_word' id='word_1_475' title='bbox 774 2296 909 2330; x_wconf 86' lang='lat' dir='ltr'>iudicem</span> <span class='ocrx_word' id='word_1_476' title='bbox 934 2307 997 2330; x_wconf 92' lang='lat' dir='ltr'>non</span> <span class='ocrx_word' id='word_1_477' title='bbox 1021 2303 1201 2340; x_wconf 84' lang='lat' dir='ltr'>suspectum</span> <span class='ocrx_word' id='word_1_478' title='bbox 1227 2308 1244 2329; x_wconf 88' lang='lat' dir='ltr'>a</span> <span class='ocrx_word' id='word_1_479' title='bbox 1278 2306 1399 2329; x_wconf 84' lang='lat' dir='ltr'>necnon</span> <span class='ocrx_word' id='word_1_480' title='bbox 1424 2295 1632 2339; x_wconf 83' lang='lat' dir='ltr'>irritantibus,</span> <span class='ocrx_word' id='word_1_481' title='bbox 1656 2295 1749 2329; x_wconf 85' lang='lat' dir='ltr'>etiam</span> <span class='ocrx_word' id='word_1_482' title='bbox 1774 2299 1861 2327; x_wconf 88' lang='lat' dir='ltr'>motu</span> <span class='ocrx_word' id='word_1_483' title='bbox 1876 2292 2018 2337; x_wconf 87' lang='lat' dir='ltr'>proprio,</span> 
     </span>
     <span class='ocr_line' id='line_1_85' title="bbox 503 2346 2018 2395; baseline -0.003 -12"><span class='ocrx_word' id='word_1_484' title='bbox 503 2350 697 2395; x_wconf 89' lang='lat' dir='ltr'>principibus</span> <span class='ocrx_word' id='word_1_485' title='bbox 714 2360 768 2383; x_wconf 83' lang='lat' dir='ltr'>seu</span> <span class='ocrx_word' id='word_1_486' title='bbox 786 2350 1020 2393; x_wconf 80' lang='lat' dir='ltr'>magistratibus</span> <span class='ocrx_word' id='word_1_487' title='bbox 1039 2350 1243 2387; x_wconf 83' lang='lat' dir='ltr'>secularibus;</span> <span class='ocrx_word' id='word_1_488' title='bbox 1278 2353 1308 2383; x_wconf 91' lang='lat' dir='ltr'>et</span> <span class='ocrx_word' id='word_1_489' title='bbox 1331 2360 1367 2382; x_wconf 83' lang='lat' dir='ltr'>ex</span> <span class='ocrx_word' id='word_1_490' title='bbox 1397 2351 1483 2383; x_wconf 73' lang='lat' dir='ltr'>certa</span> <span class='ocrx_word' id='word_1_491' title='bbox 1515 2349 1664 2389; x_wconf 78' lang='lat' dir='ltr'>scientia,</span> <span class='ocrx_word' id='word_1_492' title='bbox 1693 2358 1728 2382; x_wconf 88' lang='lat' dir='ltr'>ac</span> <span class='ocrx_word' id='word_1_493' title='bbox 1760 2347 1798 2380; x_wconf 91' lang='lat' dir='ltr'>de</span> <span class='ocrx_word' id='word_1_494' title='bbox 1829 2346 2018 2390; x_wconf 84' lang='lat' dir='ltr'>apostolicae</span> 
     </span>
     <span class='ocr_line' id='line_1_86' title="bbox 504 2397 2019 2447; baseline -0.004 -10"><span class='ocrx_word' id='word_1_495' title='bbox 504 2404 578 2437; x_wconf 85' lang='lat' dir='ltr'>dum</span> <span class='ocrx_word' id='word_1_496' title='bbox 604 2408 707 2438; x_wconf 88' lang='lat' dir='ltr'>tamen</span> <span class='ocrx_word' id='word_1_497' title='bbox 731 2404 809 2437; x_wconf 83' lang='lat' dir='ltr'>haec</span> <span class='ocrx_word' id='word_1_498' title='bbox 832 2403 893 2436; x_wconf 85' lang='lat' dir='ltr'>tria</span> <span class='ocrx_word' id='word_1_499' title='bbox 917 2403 1093 2447; x_wconf 89' lang='lat' dir='ltr'>copulative</span> <span class='ocrx_word' id='word_1_500' title='bbox 1114 2414 1245 2438; x_wconf 89' lang='lat' dir='ltr'>concur·</span> <span class='ocrx_word' id='word_1_501' title='bbox 1278 2402 1440 2446; x_wconf 89' lang='lat' dir='ltr'>potestatis</span> <span class='ocrx_word' id='word_1_502' title='bbox 1464 2401 1667 2445; x_wconf 85' lang='lat' dir='ltr'>plenitudine,</span> <span class='ocrx_word' id='word_1_503' title='bbox 1683 2406 1737 2433; x_wconf 90' lang='lat' dir='ltr'>aut</span> <span class='ocrx_word' id='word_1_504' title='bbox 1752 2400 1827 2433; x_wconf 74' lang='lat' dir='ltr'>alias</span> <span class='ocrx_word' id='word_1_505' title='bbox 1843 2397 2019 2443; x_wconf 87' lang='lat' dir='ltr'>quomodo-</span> 
     </span>
     <span class='ocr_line' id='line_1_87' title="bbox 505 2451 2020 2501; baseline -0.004 -11"><span class='ocrx_word' id='word_1_506' title='bbox 505 2463 583 2498; x_wconf 89' lang='lat' dir='ltr'>rant‚</span> <span class='ocrx_word' id='word_1_507' title='bbox 608 2457 760 2497; x_wconf 83' lang='lat' dir='ltr'>videlicet,</span> <span class='ocrx_word' id='word_1_508' title='bbox 785 2463 816 2490; x_wconf 91' lang='lat' dir='ltr'>ut</span> <span class='ocrx_word' id='word_1_509' title='bbox 842 2457 1006 2500; x_wconf 78' lang='lat' dir='ltr'>regulares</span> <span class='ocrx_word' id='word_1_510' title='bbox 1031 2462 1061 2490; x_wconf 90' lang='lat' dir='ltr'>et</span> <span class='ocrx_word' id='word_1_511' title='bbox 1084 2457 1135 2490; x_wconf 84' lang='lat' dir='ltr'>alii</span> <span class='ocrx_word' id='word_1_512' title='bbox 1156 2467 1245 2501; x_wconf 85' lang='lat' dir='ltr'>prae·</span> <span class='ocrx_word' id='word_1_513' title='bbox 1279 2455 1374 2496; x_wconf 87' lang='lat' dir='ltr'>libet,</span> <span class='ocrx_word' id='word_1_514' title='bbox 1399 2455 1494 2488; x_wconf 89' lang='lat' dir='ltr'>etiam</span> <span class='ocrx_word' id='word_1_515' title='bbox 1525 2454 1697 2498; x_wconf 81' lang='lat' dir='ltr'>per.viam</span> <span class='ocrx_word' id='word_1_516' title='bbox 1727 2451 2020 2487; x_wconf 82' lang='lat' dir='ltr'>communicationis</span> 
     </span>
     <span class='ocr_line' id='line_1_88' title="bbox 503 2504 2020 2555; baseline -0.005 -10"><span class='ocrx_word' id='word_1_517' title='bbox 503 2511 577 2545; x_wconf 88' lang='lat' dir='ltr'>dicti</span> <span class='ocrx_word' id='word_1_518' title='bbox 602 2511 663 2545; x_wconf 87' lang='lat' dir='ltr'>sint</span> <span class='ocrx_word' id='word_1_519' title='bbox 687 2517 825 2552; x_wconf 84' lang='lat' dir='ltr'>actores,</span> <span class='ocrx_word' id='word_1_520' title='bbox 850 2521 912 2544; x_wconf 91' lang='lat' dir='ltr'>non</span> <span class='ocrx_word' id='word_1_521' title='bbox 936 2516 1040 2544; x_wconf 83' lang='lat' dir='ltr'>autom</span> <span class='ocrx_word' id='word_1_522' title='bbox 1067 2511 1124 2552; x_wconf 89' lang='lat' dir='ltr'>rei,</span> <span class='ocrx_word' id='word_1_523' title='bbox 1148 2516 1245 2555; x_wconf 88' lang='lat' dir='ltr'>utque</span> <span class='ocrx_word' id='word_1_524' title='bbox 1279 2519 1334 2542; x_wconf 85' lang='lat' dir='ltr'>scu</span> <span class='ocrx_word' id='word_1_525' title='bbox 1359 2508 1550 2542; x_wconf 87' lang='lat' dir='ltr'>extensionis</span> <span class='ocrx_word' id='word_1_526' title='bbox 1574 2506 1741 2546; x_wconf 85' lang='lat' dir='ltr'>concessis,</span> <span class='ocrx_word' id='word_1_527' title='bbox 1765 2511 1795 2539; x_wconf 91' lang='lat' dir='ltr'>et</span> <span class='ocrx_word' id='word_1_528' title='bbox 1810 2505 1929 2539; x_wconf 87' lang='lat' dir='ltr'>iteratis</span> <span class='ocrx_word' id='word_1_529' title='bbox 1945 2504 2020 2538; x_wconf 85' lang='lat' dir='ltr'>vici-</span> 
     </span>
     <span class='ocr_line' id='line_1_89' title="bbox 504 2558 2020 2608; baseline -0.005 -10"><span class='ocrx_word' id='word_1_530' title='bbox 504 2570 597 2608; x_wconf 80' lang='lat' dir='ltr'>agant</span> <span class='ocrx_word' id='word_1_531' title='bbox 620 2570 729 2599; x_wconf 89' lang='lat' dir='ltr'>contra</span> <span class='ocrx_word' id='word_1_532' title='bbox 759 2565 894 2603; x_wconf 86' lang='lat' dir='ltr'>laicum,</span> <span class='ocrx_word' id='word_1_533' title='bbox 920 2575 982 2597; x_wconf 88' lang='lat' dir='ltr'>non</span> <span class='ocrx_word' id='word_1_534' title='bbox 1006 2569 1112 2597; x_wconf 84' lang='lat' dir='ltr'>autem</span> <span class='ocrx_word' id='word_1_535' title='bbox 1136 2570 1246 2598; x_wconf 87' lang='lat' dir='ltr'>contra</span> <span class='ocrx_word' id='word_1_536' title='bbox 1279 2562 1337 2596; x_wconf 87' lang='lat' dir='ltr'>bus</span> <span class='ocrx_word' id='word_1_537' title='bbox 1361 2561 1545 2607; x_wconf 88' lang='lat' dir='ltr'>approbatis</span> <span class='ocrx_word' id='word_1_538' title='bbox 1570 2565 1601 2594; x_wconf 77' lang='lat' dir='ltr'>et.</span> <span class='ocrx_word' id='word_1_539' title='bbox 1623 2559 1777 2593; x_wconf 89' lang='lat' dir='ltr'>innovatis</span> <span class='ocrx_word' id='word_1_540' title='bbox 1802 2558 1938 2603; x_wconf 87' lang='lat' dir='ltr'>(etiamsi</span> <span class='ocrx_word' id='word_1_541' title='bbox 1961 2568 2020 2602; x_wconf 90' lang='lat' dir='ltr'>pro</span> 
     </span>
    </p>

    <p class='ocr_par' dir='ltr' id='par_1_31' title="bbox 1261 2611 2019 2714">
     <span class='ocr_line' id='line_1_90' title="bbox 1280 2611 2019 2655; baseline -0.008 -5"><span class='ocrx_word' id='word_1_542' title='bbox 1280 2617 1406 2650; x_wconf 89' lang='lat' dir='ltr'>illorum</span> <span class='ocrx_word' id='word_1_543' title='bbox 1440 2614 1604 2648; x_wconf 85' lang='lat' dir='ltr'>sufficienti</span> <span class='ocrx_word' id='word_1_544' title='bbox 1636 2613 1842 2655; x_wconf 85' lang='lat' dir='ltr'>derogatione</span> <span class='ocrx_word' id='word_1_545' title='bbox 1869 2611 1908 2645; x_wconf 91' lang='lat' dir='ltr'>de</span> <span class='ocrx_word' id='word_1_546' title='bbox 1938 2611 2019 2650; x_wconf 87' lang='lat' dir='ltr'>illis,</span> 
     </span>
     <span class='ocr_line' id='line_1_91' title="bbox 1261 2655 2018 2714; baseline -0.009 -11"><span class='ocrx_word' id='word_1_547' title='bbox 1261 2655 1263 2712; x_wconf 70' lang='lat' dir='ltr'>l</span> <span class='ocrx_word' id='word_1_548' title='bbox 1280 2679 1454 2714; x_wconf 85' lang='lat' dir='ltr'>eorumque</span> <span class='ocrx_word' id='word_1_549' title='bbox 1478 2667 1641 2701; x_wconf 87' lang='lat' dir='ltr'>tenoribus</span> <span class='ocrx_word' id='word_1_550' title='bbox 1658 2670 1686 2700; x_wconf 86' lang='lat' dir='ltr'>et</span> <span class='ocrx_word' id='word_1_551' title='bbox 1703 2666 1813 2699; x_wconf 71' lang='lat' dir='ltr'>formis</span> <span class='ocrx_word' id='word_1_552' title='bbox 1832 2664 1975 2708; x_wconf 85' lang='lat' dir='ltr'>specialis</span> <span class='ocrx_word' id='word_1_553' title='bbox 1991 2670 2018 2696; x_wconf 90' lang='lat' dir='ltr'>et</span> 
     </span>
    </p>
   </div>
   <div class='ocr_carea' id='block_1_16' title="bbox 1257 2002 1260 2072">
    <p class='ocr_par' dir='ltr' id='par_1_32' title="bbox 1257 2002 1260 2072">
     <span class='ocr_line' id='line_1_92' title="bbox 1257 2002 1260 2072; baseline 0 1159"><span class='ocrx_word' id='word_1_554' title='bbox 1257 2002 1260 2072; x_wconf 95' lang='lat' dir='ltr'> </span> 
     </span>
    </p>
   </div>
   <div class='ocr_carea' id='block_1_17' title="bbox 302 2148 487 2278">
    <p class='ocr_par' dir='ltr' id='par_1_33' title="bbox 311 2148 486 2169">
     <span class='ocr_line' id='line_1_93' title="bbox 311 2148 486 2169; baseline -0.011 0"><span class='ocrx_word' id='word_1_555' title='bbox 311 2148 394 2169; x_wconf 75' lang='lat' dir='ltr'>ludices</span> <span class='ocrx_word' id='word_1_556' title='bbox 401 2152 443 2168; x_wconf 83' lang='lat' dir='ltr'>non</span> <span class='ocrx_word' id='word_1_557' title='bbox 453 2151 486 2167; x_wconf 74' lang='lat' dir='ltr'>su·</span> 
     </span>
    </p>

    <p class='ocr_par' dir='ltr' id='par_1_34' title="bbox 302 2172 487 2278">
     <span class='ocr_line' id='line_1_94' title="bbox 302 2172 486 2201; baseline -0.005 -6"><span class='ocrx_word' id='word_1_558' title='bbox 302 2174 380 2201; x_wconf 66' lang='lat' dir='ltr'>spotti,</span> <span class='ocrx_word' id='word_1_559' title='bbox 401 2172 486 2200; x_wconf 80' lang='lat' dir='ltr'>quando</span> 
     </span>
     <span class='ocr_line' id='line_1_95' title="bbox 303 2200 487 2227; baseline -0.011 -6"><span class='ocrx_word' id='word_1_560' title='bbox 303 2206 316 2221; x_wconf 74' lang='lat' dir='ltr'>a</span> <span class='ocrx_word' id='word_1_561' title='bbox 355 2200 487 2227; x_wconf 74' lang='lat' dir='ltr'>principibus</span> 
     </span>
     <span class='ocr_line' id='line_1_96' title="bbox 303 2226 487 2254; baseline -0.005 -7"><span class='ocrx_word' id='word_1_562' title='bbox 303 2227 346 2254; x_wconf 80' lang='lat' dir='ltr'>peti</span> <span class='ocrx_word' id='word_1_563' title='bbox 361 2226 441 2253; x_wconf 77' lang='lat' dir='ltr'>posstnt</span> <span class='ocrx_word' id='word_1_564' title='bbox 454 2232 487 2247; x_wconf 78' lang='lat' dir='ltr'>ox-</span> 
     </span>
     <span class='ocr_line' id='line_1_97' title="bbox 304 2253 374 2278; baseline 0 -5"><span class='ocrx_word' id='word_1_565' title='bbox 304 2253 374 2278; x_wconf 62' lang='lat' dir='ltr'>plicat</span> 
     </span>
    </p>
   </div>
   <div class='ocr_carea' id='block_1_18' title="bbox 540 2635 1119 2717">
    <p class='ocr_par' dir='ltr' id='par_1_35' title="bbox 540 2635 1119 2717">
     <span class='ocr_line' id='line_1_98' title="bbox 541 2635 1067 2671; baseline 0 -8"><span class='ocrx_word' id='word_1_566' title='bbox 541 2638 552 2663; x_wconf 84' lang='grc'>1</span> <span class='ocrx_word' id='word_1_567' title='bbox 571 2635 643 2663; x_wconf 85' lang='lat' dir='ltr'>Edit.</span> <span class='ocrx_word' id='word_1_568' title='bbox 659 2635 738 2662; x_wconf 80' lang='lat' dir='ltr'>lllain.</span> <span class='ocrx_word' id='word_1_569' title='bbox 755 2635 821 2671; x_wconf 81' lang='lat' dir='ltr'>legit</span> <span class='ocrx_word' id='word_1_570' title='bbox 838 2636 864 2663; x_wconf 84' lang='lat' dir='ltr'>si</span> <span class='ocrx_word' id='word_1_571' title='bbox 879 2643 952 2670; x_wconf 80' lang='lat' dir='ltr'>quae</span> <span class='ocrx_word' id='word_1_572' title='bbox 967 2638 1003 2666; x_wconf 82' lang='lat' dir='ltr'>(n.</span> <span class='ocrx_word' id='word_1_573' title='bbox 1021 2635 1067 2668; x_wconf 83' lang='grc' dir='ltr'>Τ.).</span> 
     </span>
     <span class='ocr_line' id='line_1_99' title="bbox 540 2680 1119 2717; baseline -0.002 -10"><span class='ocrx_word' id='word_1_574' title='bbox 540 2680 558 2707; x_wconf 85' lang='lat'>2</span> <span class='ocrx_word' id='word_1_575' title='bbox 572 2680 641 2708; x_wconf 84' lang='lat' dir='ltr'>Edit.</span> <span class='ocrx_word' id='word_1_576' title='bbox 657 2680 734 2709; x_wconf 79' lang='lat' dir='ltr'>Main.</span> <span class='ocrx_word' id='word_1_577' title='bbox 753 2680 818 2716; x_wconf 80' lang='lat' dir='ltr'>legit</span> <span class='ocrx_word' id='word_1_578' title='bbox 831 2681 1003 2710; x_wconf 76' lang='lat' dir='ltr'>adversatur</span> <span class='ocrx_word' id='word_1_579' title='bbox 1017 2686 1057 2717; x_wconf 58' lang='grc' dir='ltr'>ιιι.</span> <span class='ocrx_word' id='word_1_580' title='bbox 1074 2681 1119 2714; x_wconf 58' lang='grc' dir='ltr'>ιη).</span> 
     </span>
    </p>
   </div>
   <div class='ocr_carea' id='block_1_19' title="bbox 2220 0 2293 3231">
    <p class='ocr_par' dir='ltr' id='par_1_36' title="bbox 2220 0 2293 3231">
     <span class='ocr_line' id='line_1_100' title="bbox 2220 0 2293 3231; baseline 0 0"><span class='ocrx_word' id='word_1_581' title='bbox 2220 0 2293 3231; x_wconf 95' lang='lat' dir='ltr'> </span> 
     </span>
    </p>
   </div>
  </div>
 </body>
</html>
