2293 3231
85 275 174 303 Amo.
198 274 263 303 1612

917 278 1035 302 rArLrs

283 325 520 369 approbatione,
545 325 801 363 confirmatione,
827 325 951 358 lieentia
977 325 1022 357 x-el

284 386 582 419 consensu‚curain‚
609 379 750 421 regimen
779 384 806 411 et
828 379 1024 412 administra-

285 432 401 466 tionem
425 432 605 476 provinciae
631 444 684 465 seu
711 433 872 466 districtus
905 433 1024 465 insulae

285 486 323 519 de
350 486 584 530 Mozambique,
609 498 643 519 ae
669 487 743 519 eleri
769 492 799 519 et
822 487 928 530 populi
961 491 1023 518 tam

285 539 446 572 christiani
464 550 558 583 quam
584 540 719 583 gentilis,
741 551 795 572 nee
817 550 879 573 non
899 539 1026 583 oppido-

286 603 366 633 rum,
384 597 542 625 terrarum
561 598 591 626 et
611 594 753 626 locorum
775 593 805 625 in
823 593 905 625 illius
926 592 1027 625 distri-

285 651 348 686 ctu,
374 646 534 687 limitibus,
554 647 696 680 terminis
717 652 744 679 et
763 647 840 680 loeis
857 646 1026 690 praedictis

286 699 535 741 consistentium,
553 701 680 737 hahere,
698 706 725 733 et
743 700 817 733 inibi
832 699 1025 743 praedicare,

286 757 316 785 et
329 753 504 797 praedicari
518 754 631 793 faeere,
645 754 840 797 gentilesque
854 753 1027 797 praeserip-

287 806 344 840 tos¹
358 807 397 839 ad
410 807 603 840 orthodoxae
617 807 688 839 fidei
706 807 824 839 eultuin
842 811 1026 839 convertere

287 869 470 904 procurare.
490 865 518 893 et
533 871 702 894 conversos
723 861 752 892 in
774 860 882 893 eadem
904 860 964 891 tide
985 860 1027 892 in-

287 918 411 947 struere
437 919 466 946 et
501 913 711 953 confirmare,
740 913 846 956 eisque
881 912 1026 956 baptismi

288 966 420 1010 gratiam
455 971 482 999 et
515 965 763 999 confirn‘iationis
794 971 1026 998 sacramentum

289 1019 480 1063 impendere,
494 1023 521 1051 et
544 1024 606 1051 tam
623 1019 683 1051 illis
701 1019 744 1051 sie
759 1019 918 1051 conversis
933 1029 1027 1062 quam

289 1072 436 1106 omnibus
465 1072 533 1104 aliis
562 1072 707 1105 fidelibus
733 1073 761 1104 in
787 1072 948 1116 provincia
973 1083 1028 1105 seu

288 1125 432 1158 districtu
456 1125 575 1158 insulae
595 1125 632 1158 de
650 1125 876 1168 Mozambique,
889 1136 924 1157 ae
946 1124 1028 1157 illius

289 1179 421 1224 oppidis,
446 1179 549 1219 terris,
573 1179 664 1219 iillis,
689 1179 776 1214 loeis.
802 1179 979 1219 territoriis,
997 1179 1030 1211 li-

289 1233 418 1267 mitibus
443 1238 470 1265 et
497 1232 580 1265 tain‘z
610 1233 779 1276 praedietis
804 1244 862 1276 pro
888 1238 1028 1276 tempore

289 1286 475 1329 degentibus
505 1291 532 1318 et
554 1286 592 1318 ad
617 1297 652 1319 ea
676 1286 905 1319 declinantibus
931 1297 1031 1319 saera-

290 1345 394 1373 menta
411 1340 630 1377 ecclesiastiea,
648 1345 675 1372 et
694 1340 753 1372 alia
770 1340 945 1383 spiritualia
966 1350 1031 1372 inu—

290 1403 386 1434 nera,
410 1403 473 1426 non
499 1398 602 1426 tamen
627 1402 662 1426 ea
687 1403 766 1437 quae
792 1397 864 1425 sunt
888 1393 1030 1433 Ordinis,

291 1452 326 1480 ut
348 1447 535 1490 praefertur,
553 1446 744 1486 ministrare,
762 1451 790 1479 et
817 1446 1030 1480 administrari

292 1500 385 1534 etiam
401 1500 503 1533 facere
520 1506 549 1533 et
565 1511 748 1544 procurare,
762 1512 796 1533 ae
815 1511 1032 1544 quaecumque

292 1553 444 1587 beneficia
468 1553 677 1587 ecclesiastica
701 1554 759 1587 sub
784 1554 980 1597 separatione
1003 1559 1030 1586 et

291 1605 570 1640 dismembratione
587 1607 768 1640 huiusmodi
793 1607 1031 1650 eonqireliensa,

292 1664 323 1692 et
337 1668 417 1703 quae
434 1664 524 1692 antea
541 1659 580 1692 ad
598 1660 696 1703 ipsius
710 1660 938 1703 areliiepisi‘opi
957 1660 1033 1693 Goa-

290 1712 396 1746 nensis
410 1713 620 1754 collationem,
634 1713 857 1757 provisionem,
868 1714 1034 1747 institutio—

292 1776 385 1806 nem,
416 1777 472 1799 seu
499 1767 642 1810 quamvis
670 1767 762 1799 atiani
795 1767 1031 1811 dispositionem

291 1819 499 1864 pertinebant,
512 1820 667 1860 conferre,
681 1825 712 1852 et
724 1820 762 1852 de
777 1820 837 1852 illis
855 1820 1032 1864 disponere,

291 1883 326 1906 ac
348 1873 379 1906 in
399 1874 444 1906 eis
470 1874 655 1911 instituere,
681 1874 814 1913 calices,
841 1885 1032 1919 campanas,

292 1927 493 1965 vestimenta,
511 1928 688 1971 corporalia
712 1933 739 1960 et
765 1929 824 1960 alia
850 1935 1033 1972 paramenta

292 1985 319 2013 et
352 1986 537 2014 ornamenta
561 1992 747 2014 consecrare
772 1987 800 2014 et
826 1982 1032 2024 benedicere,

293 2035 450 2075 ecclesias,
471 2036 670 2075 coemeteria,
689 2042 716 2069 et
738 2037 804 2069 toea
823 2037 1033 2070 eeclesiastiea

294 2087 456 2130 sanguinis
481 2093 510 2120 et
535 2088 664 2121 seminis
692 2090 854 2130 effusione,
880 2101 934 2123 seu
959 2078 1052 2123 alias}

294 2140 541 2184 quomodolibet,
565 2142 684 2185 polluta
701 2154 755 2175 seu
774 2144 936 2186 profanata
954 2146 1034 2187 aqua

293 2204 351 2238 per
363 2194 466 2238 ipsum
480 2194 642 2227 benedicta
655 2196 870 2233 reconciliare,
889 2197 1034 2240 ipsasque

294 2247 442 2280 ecclesias
460 2253 490 2280 et
509 2247 578 2280 loca
597 2247 655 2280 sub
675 2248 836 2291 provincia
854 2260 909 2281 seu
934 2249 1035 2282 distri-

294 2305 347 2333 ctu
356 2300 476 2333 insulae
486 2301 523 2333 de
534 2301 748 2344 Mozanibique
758 2301 938 2335 huiusmodi
953 2313 1035 2335 com-
1050 2326 1053 2339 ,

295 2354 450 2397 prehensa
484 2359 514 2386 et
549 2354 676 2387 illorum
709 2365 860 2398 personas
891 2355 1033 2396 visitare,

294 2416 331 2439 ae
354 2406 386 2439 in
410 2406 537 2440 illorum
564 2412 694 2447 statum,
719 2407 877 2450 regimen,
902 2407 1052 2448 statuta,l

295 2461 548 2501 consuetudines,
562 2461 666 2501 vitam,
680 2472 795 2500 mores,
810 2461 898 2499 ritus,
912 2461 1033 2502 delicta,

295 2565 305 2572 ·
332 2553 342 2578 1
365 2550 458 2585 Aptius
471 2559 550 2586 supra
568 2559 628 2587 pag.
649 2552 675 2578 tt
695 2551 709 2577 b
726 2551 752 2577 in
769 2551 827 2578 loeo
845 2551 972 2587 parallelo
993 2552 1032 2578 le—

293 2596 367 2632 gitur
381 2596 543 2631 praedictos
562 2598 601 2628 (ιι.
618 2595 667 2630 τ.).

329 2642 347 2668 2
364 2641 413 2668 Vel
432 2641 576 2677 legendum
596 2643 686 2670 eliam
707 2641 747 2668 vel
769 2649 847 2669 voees
866 2645 891 2670 el
912 2645 970 2670 lam
991 2650 1034 2670 re-

295 2685 426 2721 «tundant,
447 2690 475 2713 ut
491 2694 584 2722 supra,
605 2694 665 2723 pag.
686 2687 720 2714 12
735 2695 753 2714 a
772 2687 810 2721 (n.
827 2685 874 2721 τ.).
1050 2700 1053 2717 ι

1062 278 1079 300 v
1105 278 1152 301 rr.

1058 325 1306 369 etdiseiplinam,
1317 331 1378 358 tani
1394 326 1423 358 in
1439 326 1537 369 eapite
1552 335 1645 368 quam
1657 325 1686 357 iu
1702 336 1797 357 mern-

1058 379 1144 415 bris,
1170 379 1352 422 inquirere,
1379 389 1498 411 net-non
1525 379 1742 421 (evangelicae
1769 384 1794 409 et

1059 433 1247 475 apostolieae
1270 433 1431 465 doetrinae
1463 442 1689 475 sacrorumque
1709 441 1799 463 eano-

1059 496 1133 517 nuni
1156 491 1182 517 et
1210 486 1404 525 generalium
1433 485 1639 518 rom-iliorum
1665 484 1798 517 decretis

1059 543 1089 569 et
1110 537 1257 570 institutis
1277 539 1481 581 inlnierendo)
1499 548 1715 582 quaecumque
1734 549 1799 570 tnu-

1061 590 1186 630 tatione,
1205 592 1410 631 correetione,
1426 592 1653 627 emendatione„
1668 590 1800 634 punitio-

1060 654 1108 683 ne,
1128 644 1344 684 revocatione,
1363 657 1396 677 ae
1423 645 1515 678 etiam
1534 656 1570 677 ex
1593 645 1716 687 integro
1739 643 1800 676 edi-

1061 697 1144 730 tione
1163 697 1304 739 indigere
1322 699 1515 739 cognoverity
1534 699 1717 737 reformare,
1735 708 1800 730 mu-

1060 755 1136 788 tare,
1162 751 1333 793 corrigere,
1355 752 1478 794 punire,
1499 757 1526 783 et
1549 752 1642 784 etiam
1661 751 1698 783 de
1719 761 1799 784 novo

1060 803 1206 840 condere,
1225 814 1345 837 necnon
1364 805 1572 845 benetie-tates,
1591 804 1801 837 matrimonia-

1061 857 1177 900 lesque,
1192 862 1219 888 et
1241 868 1453 900 quasiiunique
1474 858 1549 889 alias
1574 868 1682 890 ‹faiisas
1707 858 1801 889 eecle-

1061 910 1200 943 stasne-ii<
1226 916 1253 942 et
1281 911 1396 949 eiviles,
1413 922 1447 944 ae
1469 912 1504 943 ad
1533 912 1633 944 torum
1659 911 1801 944 ecelesia-

1061 964 1174 997 stieum
1203 965 1438 1008 quomodolibet
1465 966 1674 1009 pertinentes,
1703 970 1801 997 motas

1061 1023 1088 1050 et
1115 1018 1290 1058 inchoatas,
1315 1030 1349 1051 ae
1375 1019 1499 1052 interim
1527 1018 1705 1054 mox-endas„
1730 1028 1800 1050 euni

1062 1082 1171 1105 earum
1192 1072 1412 1111 incidentibus,
1430 1072 1688 1116 dependentibus,
1706 1082 1803 1104 einer-

1062 1124 1218 1167 gentibus‚
1236 1125 1363 1157 annexis
1388 1131 1414 1157 et
1443 1125 1600 1164 connexis,
1618 1124 1737 1163 audire,
1755 1124 1804 1157 de-

1063 1178 1178 1218 cidere,
1196 1177 1254 1216 (¹1¹,
1281 1184 1371 1222 prout
1399 1178 1475 1211 iuris
1501 1179 1604 1217 suerit,
1623 1178 1802 1212 terminare.

1064 1242 1117 1263 seu
1134 1241 1243 1263 causas
1258 1231 1340 1274 ipsas
1354 1231 1404 1263 alii
1421 1232 1466 1263 wt
1482 1232 1550 1264 aliis
1566 1231 1694 1270 idoneis,
1710 1230 1803 1264 modo

1064 1289 1092 1316 et
1109 1284 1208 1317 forma
1227 1284 1404 1328 praedietis,
1423 1295 1494 1316 euin
1513 1285 1569 1316 sibi
1589 1284 1736 1316 liniitata‘*
1753 1294 1805 1327 po-

1064 1341 1173 1369 testate
1202 1337 1320 1381 pariter
1349 1337 1530 1374 audiendas,
1559 1337 1747 1370 deeidendas
1775 1342 1801 1370 et

1065 1390 1276 1423 terminandas
1293 1390 1449 1433 delegare,
1464 1402 1498 1424 ae
1513 1391 1646 1435 denique
1670 1391 1803 1435 plenam„

1065 1454 1186 1477 ineram
1212 1450 1238 1477 et
1266 1445 1481 1479 omnimodam
1500 1445 1694 1490 spiritualem
1714 1451 1741 1478 et
1760 1456 1806 1479 ee-

1065 1498 1270 1531 clesiasticam
1290 1504 1317 1531 et
1333 1499 1524 1532 ordinariam
1545 1499 1804 1539 iurisdietionem,

1066 1556 1127 1583 tam
1144 1551 1175 1583 in
1193 1551 1261 1585 soro
1280 1552 1421 1585 interiori
1447 1563 1540 1596 quam
1567 1552 1726 1592 exteriori,
1743 1562 1804 1586 non

1066 1609 1169 1637 tamen
1195 1604 1225 1636 in
1250 1605 1298 1637 his
1315 1616 1394 1648 quae
1420 1611 1487 1638 sunt
1516 1605 1806 1649 Oi·dinis„utp1·ae-

1066 1658 1174 1697 fertur,
1188 1658 1316 1695 habere,
1331 1664 1357 1691 et
1373 1669 1452 1699 eain,
1467 1670 1501 1691 ae
1519 1659 1624 1691 omnia
1638 1664 1667 1691 et
1683 1658 1805 1701 singula

1065 1711 1135 1751 alia,
1153 1722 1232 1756 quae
1250 1723 1307 1755 pro
1325 1718 1464 1756 tempore
1488 1713 1622 1746 existens
1641 1712 1806 1757 archiepis>

1066 1776 1164 1809 copus
1188 1766 1360 1800 Goanensis
1383 1767 1438 1799 ae³
1456 1767 1485 1798 in
1514 1767 1573 1799 illis·
1591 1767 1732 1810 partibus
1756 1767 1806 1799 lia-

1067 1825 1176 1852 ctenus
1189 1820 1315 1857 habere,
1329 1831 1450 1863 gerere,
1465 1820 1512 1853 ae⁴
1526 1831 1673 1853 exercere
1687 1820 1804 1855 debuit,

1066 1874 1166 1917 potuit
1185 1878 1215 1906 et
1230 1875 1408 1914 consuevit,
1426 1874 1571 1907 similiter
1587 1879 1614 1905 et
1634 1874 1807 1917 parilbrmi—

1068 1932 1124 1967 ter,
1141 1928 1290 1971 nullaque
1307 1938 1439 1972 prorsus
1457 1927 1650 1966 differentia,
1668 1928 1805 1971 exeeptis

1067 1986 1171 2013 tamen
1188 1981 1226 2014 iis
1241 1992 1331 2026 quae,
1348 1987 1382 2014 ut
1399 1981 1517 2015 dietum
1544 1987 1599 2021 est,
1627 1986 1698 2013 sunt
1721 1980 1807 2015 Ordi-

1067 2035 1125 2073 nis,
1139 2040 1230 2079 prout
1247 2035 1342 2067 dix-ini
1357 2036 1459 2068 vultus
1477 2040 1657 2077 augmento,
1675 2046 1709 2067 ae
1728 2035 1807 2079 ipso-

1067 2098 1139 2121 rum
1156 2089 1231 2121 cleri
1256 2094 1283 2121 et
1308 2089 1415 2133 populi
1441 2089 1616 2122 animarum
1641 2089 1730 2122 saluti
1760 2100 1807 2122 ex-

1067 2142 1174 2185 pedire
1203 2143 1403 2185 cognoverit,
1429 2153 1550 2185 gerere,
1576 2153 1739 2179 exercere,
1769 2143 1807 2175 fa—

1068 2205 1139 2228 cere
1161 2201 1190 2228 et
1214 2196 1337 2239 exequi,
1363 2207 1434 2228 cum
1452 2195 1598 2229 omnibus
1622 2200 1649 2228 et
1676 2195 1806 2237 singulis

1067 2248 1136 2281 aliis
1159 2249 1344 2292 privilegiis,
1371 2249 1578 2287 facultatibus,
1604 2248 1807 2292 exemptioni-

1067 2301 1136 2342 bus,
1153 2302 1364 2339 libertatibus,
1384 2302 1671 2341 iurisdietionibus,
1698 2312 1807 2345 praee-

1068 2355 1237 2396 minentiis,
1250 2356 1418 2396 sax-oribus,
1428 2356 1537 2398 gratiis
1552 2361 1579 2388 et
1595 2355 1733 2395 indultis
1743 2355 1808 2399 qui-

1104 2463 1112 2488 1
1137 2461 1223 2497 Supra
1239 2470 1298 2497 pag.
1320 2462 1349 2488 12
1363 2471 1380 2488 ιι
1397 2461 1421 2488 in
1439 2461 1496 2488 loco
1514 2461 1639 2497 parallelo
1660 2461 1757 2498 legitur
1782 2466 1808 2490 cl
1829 2479 1833 2483 -

1066 2506 1122 2541 fine
1137 2506 1231 2533 debito
1246 2509 1284 2539 (n.
1300 2514 1324 2533 T.
1343 2527 1347 2532 .

1101 2552 1117 2577 ξ).
1138 2550 1174 2577 Ex
1201 2551 1258 2578 loco
1280 2551 1406 2586 parallelo
1423 2560 1506 2586 supra
1529 2551 1562 2579 ad
1584 2561 1642 2588 pag.
1667 2553 1701 2580 12
1716 2553 1730 2580 b
1751 2553 1809 2588 tege

1068 2595 1157 2631 potius
1173 2604 1237 2623 cum
1252 2596 1346 2623 simili
1360 2596 1404 2623 vel
1419 2597 1542 2624 tonitam
1562 2597 1599 2632 (a,
1616 2597 1666 2631 ’τ.).

1103 2639 1118 2667 3
1138 2639 1210 2667 Part.
1231 2648 1264 2667 ac
1283 2640 1416 2667 redundat
1436 2642 1471 2676 (n.
1487 2641 1536 2675 τ.).

1104 2686 1116 2712 4
1139 2684 1202 2712 licie
1219 2685 1310 2720 potius
1325 2688 1393 2722 part.
1411 2693 1443 2713 ac
1458 2685 1583 2713 adlimus
1599 2686 1637 2720 (a.
1655 2686 1701 2719 τ.).

1727 267 1768 300 23
1815 273 1996 302 An.c.1612
