2293 3231
210 303 256 326 An.
275 299 304 325 c.
325 300 390 326 ¹6¹7
437 290 501 324 410

409 399 571 439 eeclesiae,
596 398 713 433 clerici.
738 408 793 430 seu
821 408 1029 441 personarum
1054 398 1152 431 eccle-

410 453 605 486 siasticarum
632 452 674 484 uti
697 451 816 486 talium.
833 451 871 484 de
888 451 1002 495 quibas
1020 452 1050 484 in
1067 451 1151 485 dicto

410 507 510 550 capito=
529 516 562 539 v:
581 511 607 537 at
629 505 703 537 illud
722 504 852 537 omnino
866 505 1028 538 invocetur
1049 515 1169 566 respe-1

409 565 460 591 ctu
485 558 664 591 debitorum
691 569 726 590 cx
753 558 846 590 cansa
871 557 1169 601 pati·imonialium,=

409 613 447 645 ‹lc-
471 612 586 656 quibus
608 611 637 644 in
653 611 737 644 dicto
762 611 863 656 capite
889 622 928 644 vi.
955 612 989 644 Et
1014 611 1169 656 amplius*

410 665 619 708 restringatur
651 664 820 708 exequutio
845 664 883 697 ad
908 664 1026 698 iudices
1057 665 1152 698 eccle-

411 718 552 751 siasticos
576 717 751 758 Mediolani,
777 728 848 751 cum
873 717 1094 758 declaratione,
1120 718 1150 750 in

410 771 556 805 omnibus
581 775 608 805 cl
635 782 690 815 per
707 771 822 810 omnia,
839 776 931 815 prout
951 771 980 804 in
1002 771 1103 815 capite
1121 782 1150 804 x.

687 844 790 876 Carur
816 843 877 876 Xll.

457 916 488 948 ln
506 915 608 948 causis
629 914 846 947 criminalibus
865 914 951 946 mixti
970 914 1027 947 t'ori
1056 914 1150 958 possit
1168 926 1171 963 j

413 969 503 1002 iudex
529 969 759 1002 ecclesiasticus
788 968 960 1012 procedere
976 972 1084 1001 contra
1103 966 1171 1000 lai-‘

411 1033 474 1060 eos,
499 1033 553 1056 eos
577 1022 766 1065 distringere
799 1028 825 1053 et
859 1021 1087 1061 condemnare,
1118 1032 1153 1054 ae

412 1080 520 1109 eontra
538 1086 648 1109 eorum
669 1085 821 1119 personas
845 1075 955 1118 exequi
974 1074 1091 1119 absque
1108 1075 1154 1108 in-

413 1129 575 1162 vocatione
594 1129 715 1162 brachii
734 1128 894 1163 secularis,
908 1138 965 1161 nec
983 1137 1046 1161 non
1060 1128 1153 1160 etiam
1169 1131 1172 1148 ¹

413 1182 524 1226 exequi
549 1182 646 1226 possit
674 1182 703 1214 in
728 1192 838 1214 eorum
870 1181 961 1214 bonis
985 1181 1155 1214 mobilibus

414 1246 511 1279 usque
529 1236 566 1268 ad
580 1245 736 1268 sumniam
751 1245 920 1268 aureorum
935 1235 1155 1274 ducentorum,

414 1294 441 1321 et
468 1299 529 1322 non
550 1289 642 1329 ultra,
658 1289 776 1332 alisque
797 1288 906 1321 eadem
926 1288 1046 1321 brachii
1072 1287 1156 1321 invo-

414 1343 554 1381 catione3
572 1347 600 1375 at
618 1342 648 1374 in
667 1342 882 1375 immobilibus
898 1351 960 1374 non
978 1341 1067 1374 liceat
1089 1341 1155 1374 sine

415 1397 546 1430 brachio
570 1397 714 1436 seculari,
732 1396 815 1428 salva
832 1395 1055 1439 praeventione
1073 1395 1155 1428 iuxta

416 1449 493 1482 iuris
525 1449 703 1482 communis
739 1449 976 1492 dispositionem
992 1459 998 1483 :
1027 1454 1055 1481 et
1096 1449 1155 1481 boc

415 1503 517 1547 quoad
532 1502 651 1536 iudices
665 1502 857 1545 intelligatur
873 1513 944 1535 cum
958 1502 1156 1535 restrictione

416 1562 446 1588 et
469 1556 690 1595 declaratione,
706 1556 744 1588 (le
760 1566 821 1599 qua
840 1555 868 1587 in
888 1566 916 1595 x,
935 1560 961 1587 et
981 1555 1112 1598 repetita
1126 1555 1156 1587 in

416 1609 613 1654 praecedenti
638 1610 748 1653 capite.

687 1680 791 1714 Cum
815 1679 891 1713 Xlll.

975 298 1153 322 actutum
1179 298 1333 322 nomast!
1357 301 1365 311 ·

410 348 551 381 seculare
577 357 639 380 non
665 348 826 380 invocetur
858 350 967 378 eontra
992 345 1170 393 debitores}

460 1755 548 1788 Circa
574 1753 724 1796 xhgines,
750 1752 844 1785 variis
868 1752 971 1794 dignis
995 1752 1032 1784 de
1058 1752 1160 1785 causis

417 1814 448 1841 et
471 1807 676 1852 respectibus,
700 1806 902 1850 permittatur
928 1817 1037 1838 carum
1064 1806 1159 1838 colle-

417 1862 515 1905 gium,
535 1865 629 1904 prout
652 1864 753 1898 autea,
777 1859 871 1892 etiam
896 1859 954 1892 sul)
979 1859 1108 1892 nomine
1131 1864 1158 1891 et

418 1926 490 1948 cuin
515 1913 711 1947 invocatione
735 1913 851 1953 Sancti,
878 1913 923 1945 iel
949 1914 1090 1953 Sanctae,
1116 1923 1162 1945 re-

418 1969 540 2000 sei-vata
558 1966 799 2010 archiepiscopo
812 1966 1008 2000 correctione
1025 1972 1053 1999 et
1073 1966 1161 1999 inris-

417 2021 554 2054 dictionc
575 2020 659 2053 circa
682 2019 944 2063 approbationem
970 2020 1110 2062 regulae,
1131 2025 1157 2052 ct

419 2075 449 2107 in
467 2073 706 2117 respicientibus
722 2073 842 2106 cultum
859 2073 1010 2112 divinum,
1028 2073 1158 2106 salutem

418 2127 606 2167 animarum,
631 2133 658 2160 ct
685 2128 860 2169 legana-um
888 2126 1013 2170 piorum
1031 2126 1160 2170 disposi—

420 2181 536 2214 tionem
561 2186 591 2213 et
615 2180 869 2224 exequutionenu
886 2179 969 2212 cirea
995 2191 1089 2223 quam
1115 2185 1159 2212 ta-

420 2245 490 2267 men
509 2233 750 2277 exequutionem
764 2233 942 2275 legatorum
957 2233 1082 2277 piorum
1099 2244 1161 2266 res-

420 2292 511 2332 pectu
535 2287 594 2321 sori
619 2287 780 2326 secularis,
798 2293 940 2320 servetur
968 2287 1045 2319 iuris
1073 2297 1160 2320 eom-

421 2342 525 2375 munis
548 2341 734 2385 dispositio,
762 2341 804 2373 ita
829 2346 953 2380 tamen,
982 2346 1013 2373 ut
1039 2353 1075 2373 cx
1100 2341 1159 2374 hoc

421 2395 521 2439 capite
547 2395 666 2427 nullum
691 2394 876 2426 ‹lesmnatur
896 2394 1087 2437 exemplum,
1104 2404 1160 2427 nec

421 2449 538 2492 aliquid
564 2447 670 2481 inferri
696 2457 845 2491 umquam
870 2447 978 2490 possit,
1002 2447 1040 2479 ad
1065 2447 1160 2480 aliurn

421 2502 599 2545 quempiam
613 2512 720 2535 casum
734 2512 794 2544 pro
806 2502 868 2533 nna
887 2501 932 2533 vel
950 2501 1047 2533 altera
1062 2506 1159 2544 parte.

691 2572 796 2605 Citrtir
821 2572 894 2605 xw.

466 2641 552 2674 Circa
578 2642 714 2675 officium
741 2648 986 2679 oet-onomatus,
1012 2643 1162 2676 tollantur

1939 297 1986 324 An.
2004 297 2035 324 C.
2055 297 2122 326 1617

1416 345 1519 379 enci
1545 355 1695 380 cumen.

1231 451 1310 484 llaec
1325 456 1430 483 autem
1444 450 1614 484 concordia
1631 450 1823 494 intelligatur
1837 451 1926 491 sacta,

1185 504 1209 536 si
1235 510 1262 536 et
1289 509 1442 548 quatenus
1466 503 1660 547 approbetur
1680 513 1696 534 a
1723 503 1785 536 Sua
1811 502 1927 537 Sancti—

1187 564 1257 597 tate,
1271 563 1298 589 et
1318 559 1374 590 sua
1393 557 1481 600 regia
1499 556 1670 596 maiestate,
1688 559 1717 590 et
1733 566 1796 589 non
1821 556 1924 591 aliter:

1187 611 1226 644 ita
1252 617 1366 650 tamen,
1384 615 1414 642 ut
1439 610 1468 642 in
1493 609 1605 654 primis
1630 609 1681 642 siat
1707 609 1855 653 utrinque
1880 621 1925 643 re-

1187 664 1307 698 vocatio
1331 663 1472 697 omnium
1505 662 1734 707 proclamatum
1759 667 1786 695 et
1812 662 1926 697 edicto-

1186 729 1257 751 rum
1276 717 1477 751 conditorum
1496 727 1549 750 seu
1567 715 1724 750 editorum
1740 727 1758 749 a
1774 715 1927 750 ministris

1187 770 1413 804 iurisdictionis
1437 769 1664 804 ecclesiasticae
1695 770 1742 802 vel
1768 769 1928 809 secularis,

1186 825 1300 869 quibus
1325 824 1438 857 notarii
1463 828 1697 868 procuratores,
1718 828 1747 855 et
1772 823 1928 866 litigantes¹

1187 878 1304 911 directe
1324 878 1369 910 rel
1389 889 1446 922 per
1464 876 1651 911 indirectum
1667 881 1792 921 possent
1811 875 1928 909 retrahi

1186 932 1225 964 ab
1249 931 1403 975 agitandis
1429 931 1532 964 causis
1549 931 1580 964 in
1601 940 1663 963 uno
1681 930 1727 963 vel
1744 930 1844 963 altero
1860 929 1929 963 soro

1187 985 1361 1030 respective
1393 986 1431 1018 ad
1465 985 1515 1018 illa
1553 983 1792 1029 pertinentibus.
1817 983 1928 1016 Datum

1187 1040 1305 1073 Romae
1330 1039 1379 1072 die
1412 1039 1517 1072 Martis
1549 1037 1685 1071 secunda
1710 1036 1786 1070 iunii
1811 1046 1927 1071 stncxv.

1233 1093 1248 1135 ἓ
1271 1091 1300 1125 3.
1325 1092 1402 1125 Cum
1427 1098 1542 1133 autem,
1564 1091 1642 1124 sicut
1665 1090 1773 1124 eadem
1805 1090 1929 1135 exposi-

1189 1146 1232 1179 tio
1249 1146 1470 1189 subiungebat.
1487 1144 1667 1190 praedictus
1691 1144 1855 1188 Philippus
1875 1154 1928 1177 rex

1189 1199 1388 1243 postmodum
1413 1198 1526 1232 dictam
1551 1197 1753 1231 concordiam
1777 1197 1931 1241 approba-

1191 1252 1279 1293 verit,
1296 1252 1454 1296 praefatus
1472 1262 1547 1285 vero
1565 1252 1684 1291 Penus,
1701 1250 1795 1284 etiam
1814 1261 1849 1283 ex
1865 1262 1931 1294 spe-

1189 1306 1259 1340 ciali
1285 1306 1424 1339 eiusdem
1451 1305 1584 1350 Philippi
1611 1305 1696 1348 regis
1720 1304 1879 1341 mandato,
1897 1316 1931 1338 ac

1191 1365 1222 1392 tu
1235 1370 1360 1403 quoque
1379 1359 1462 1392 iuxta
1479 1359 1577 1403 ipsius
1598 1358 1785 1392 concordiae
1799 1360 1932 1392 sormam

1190 1414 1382 1457 proclamata
1399 1418 1429 1445 et
1446 1412 1547 1445 edicta
1563 1411 1794 1453 remeaveritis,
1811 1423 1848 1445 ae
1864 1411 1934 1446 idco

1190 1466 1391 1500 concordiam
1418 1465 1515 1509 ipsam
1529 1465 1660 1506 anobis,
1675 1471 1706 1498 et
1729 1467 1836 1499 sancta
1855 1465 1934 1498 Sede

1191 1520 1371 1564 Apostolica
1396 1519 1590 1560 confirmari,
1614 1529 1649 1552 ac
1674 1519 1760 1559 alias,
1784 1524 1818 1551 nt
1841 1518 1933 1559 infra,

1191 1579 1369 1618 opportune
1393 1572 1553 1617 provideri
1576 1572 1778 1606 desideretis:

1237 1628 1251 1671 ξ
1269 1627 1297 1660 si.
1316 1628 1377 1661 Nos
1394 1626 1432 1659 de
1450 1626 1632 1671 praemissis
1653 1626 1743 1671 plene
1763 1626 1932 1667 informati,
1957 1635 2132 1658 confirm-tran-

1194 1681 1251 1720 iis‚
1279 1690 1359 1724 qnae
1392 1679 1429 1712 ad
1465 1679 1618 1712 sedandas
1641 1679 1826 1723 praesertim
1852 1679 1934 1713 inter
1946 1663 1986 1684 '⁰⁸'

1194 1733 1341 1768 ecclesias
1371 1737 1398 1766 et
1433 1732 1589 1765 seculares
1623 1732 1781 1777 principes
1811 1737 1936 1767 contro-

1194 1787 1312 1820 versias
1327 1787 1496 1831 pertinent,
1512 1785 1648 1819 libenter
1667 1790 1851 1827 annuentes,
1865 1795 1936 1831 sup-

1194 1840 1434 1885 plicationibus,
1460 1844 1524 1872 tam
1550 1843 1604 1871 tuo
1633 1849 1727 1883 quam
1753 1839 1827 1873 dicti
1852 1838 1937 1873 Petri

1194 1893 1385 1935 nominibus,
1399 1893 1489 1927 nobis
1505 1902 1602 1937 super
1615 1892 1674 1925 lioc
1688 1891 1850 1926 humiliter
1867 1903 1937 1937 por-

1195 1947 1288 1980 rectis
1313 1946 1468 1981 inelinati,
1493 1945 1694 1979 concordiam
1719 1946 1890 1990 praefatam
1920 1957 1936 1978 a

1195 2000 1362 2034 Benedicto
1393 1999 1568 2044 episeopo,
1593 2009 1627 2031 ac
1659 1999 1773 2033 loanne
1805 1999 1937 2040 Garzia,

1195 2055 1350 2095 Marcello,
1369 2053 1512 2087 Fabricio
1533 2058 1559 2086 et
1580 2053 1708 2087 lloratio
1725 2053 1936 2088 cardinalibus

1195 2107 1374 2152 praedietis,
1399 2112 1520 2140 mature
1537 2117 1572 2139 ae
1590 2106 1758 2151 diligenter
1782 2107 1937 2141 examina-

1194 2167 1267 2203 tam,
1293 2161 1394 2206 deque
1419 2161 1603 2195 eorumdem
1628 2160 1834 2195 cardinalium
1859 2171 1932 2196 con-

1194 2216 1275 2253 silio,
1292 2226 1327 2249 ex
1354 2217 1439 2249 certa
1465 2215 1605 2255 scicntia,
1622 2225 1658 2248 ac
1682 2213 1720 2248 de
1745 2216 1934 2260 apostolicae

1195 2269 1356 2314 potestatis
1371 2268 1573 2313 plenitudine,
1590 2274 1698 2302 tenore
1712 2269 1934 2313 piaesentium,

1194 2323 1430 2363 confirmamus,
1447 2321 1554 2366 illique
1573 2327 1743 2366 perpetuae
1764 2326 1792 2354 ct
1810 2321 1936 2355 inviola-

1195 2376 1265 2409 bilis
1296 2375 1486 2420 apostolicae
1516 2374 1673 2408 firmitatis
1701 2373 1800 2407 robur
1827 2373 1935 2407 adiici-

1197 2441 1275 2467 mns,
1292 2441 1327 2462 ac
1341 2439 1452 2461 omnes
1465 2434 1491 2461 et
1507 2428 1657 2471 singulos,
1672 2431 1732 2461 lam
1747 2426 1825 2460 iuris
1841 2438 1934 2472 quani

1196 2483 1277 2519 sacti.
1298 2488 1327 2515 et
1351 2481 1478 2526 quosvis
1501 2481 1590 2521 alios,
1615 2480 1708 2513 etiam
1733 2481 1935 2524 quantumvis

1196 2535 1426 2575 substantiales,
1439 2534 1588 2574 desectus,
1602 2533 1626 2567 si
1643 2533 1696 2578 qui
1709 2533 1844 2578 desuper
1859 2545 1936 2579 quo-

1196 2587 1365 2622 modolibet
1393 2587 1628 2627 intervenerint,
1645 2587 1837 2632 supplemus.

1240 2642 1307 2686 §5-
1333 2642 1540 2675 Decernentes
1572 2640 1772 2674 concordiam
1810 2640 1933 2685 praedi·
1975 2646 2095 2668 thsnlte·

1998 1103 2128 1124 Auctoritas

1943 1130 2062 1156 apostolici
2077 1130 2130 1156 peti-

1945 1159 1977 1178 tur
1991 1156 2120 1178 confirmari.

423 2695 537 2728 abusus
553 2696 728 2736 oeconomi,
747 2701 838 2740 prout
856 2696 893 2728 ‹le
914 2697 959 2728 eis
976 2697 1160 2730 eonstiterit.
1177 2689 1181 2739 Ι
1196 2702 1288 2737 ctam,
1306 2707 1340 2728 ac
1362 2700 1542 2739 praesentes
1559 2694 1689 2736 litteras,
1707 2699 1735 2729 el
1754 2694 1783 2728 in
1801 2695 1846 2728 eis
1862 2705 1933 2729 con-
