2293 3231
74 249 126 280 ΔΙ.
141 249 172 279 C.
191 223 266 278 1621Α

866 246 1043 273 damnatus
1067 247 1111 272 XV
1134 244 1184 273 1⁸1³.

1695 235 1753 271 561

271 295 431 341 gotiorurn
455 296 607 340 exegerit)
637 295 772 330 iustitiae
802 296 1015 340 complemen-
1030 298 1033 337 ζ
1048 306 1156 329 sorum
1181 295 1213 328 in
1236 293 1417 339 praemissis
1434 293 1580 328 omnibus
1597 297 1628 329 et
1645 293 1789 337 singulis,

271 354 355 389 tum;
380 354 605 393 occupatoreS‚
629 348 823 391 detentores,
848 359 1010 393 praesum-

269 406 387 446 ptores,
415 402 634 435 molestatores
659 407 688 435 et
717 402 928 443 initu-iatores,
956 399 1032 445 nee}

270 464 334 488 non
359 454 606 489 contradictores
630 455 785 499 quoslibet
809 460 839 487 et
863 455 1031 496 rebelles„

272 507 497 551 cuiuscumque
529 508 705 551 dignitatis,
738 512 855 548 status,
880 507 1012 550 gradus,

270 560 390 593 ordinis
416 561 464 594 vel
489 560 694 601 conditionis,
719 560 895 600 extiterint,
920 570 1014 604 quan-

271 612 451 656 documque
475 618 506 646 et
529 613 790 656 quotiescumque
806 611 956 656 expedire
973 612 1014 644 vi-

271 665 393 706 derint,
418 666 604 700 auctoritate
633 667 741 699 nostra
765 676 822 710 per
847 675 1012 699 censuram

271 719 537 761 eeclesiasticam,
571 719 780 764 appellatione
816 718 1012 763 postposita,

271 772 511 816 compescendo,
536 772 681 806 invocato
705 772 744 804 ad
768 772 849 812 hoc,
874 771 898 804 si
933 782 1030 815 opust

269 825 375 866 suerit,
400 825 518 859 auxilio
543 825 664 858 brachii
689 824 849 858 secularis.
874 825 944 858 Non
960 824 1013 857 ob-

270 878 423 913 stantibus
436 878 534 912 felicis
547 877 776 912 recordationis
789 877 939 910 Bonifaeii
955 877 1012 910 Pa—

269 941 327 976 pae
353 931 419 964 VIII
442 931 696 975 praedecessoris
720 931 838 971 nostri,
856 930 908 963 illa
924 939 1030 979 prae-3

269 984 390 1026 sertim,
411 995 492 1028 quae
508 984 617 1028 incipit
629 984 809 1024 Stalutum,
827 983 912 1028 quod
929 983 1011 1017 eirca
1028 982 1030 987 ’

269 1037 407 1078 iudices,
431 1047 467 1070 ae
491 1038 529 1070 de
553 1036 675 1069 duabus
706 1036 797 1069 dictis
822 1036 854 1069 in
878 1036 1012 1069 concilio

269 1090 420 1134 generali,
444 1090 591 1134 quodque
608 1095 846 1123 conservatores
871 1089 909 1122 de
932 1089 1029 1129 aliis„

268 1154 364 1188 quarn
388 1144 427 1177 de
451 1143 624 1176 manifestis
644 1143 767 1176 iniuriis
792 1148 822 1175 et
845 1143 1030 1183 violentiisffi

268 1200 299 1231 et
319 1196 388 1230 aliis
404 1206 484 1240 quae
505 1196 687 1230 iudicialem
706 1196 873 1239 requirunt
896 1196 1030 1239 indagi-;

267 1260 340 1284 nem
364 1250 474 1295 poenis
498 1250 530 1283 in
553 1260 624 1291 eos,
649 1249 676 1282 si
700 1260 790 1282 secus
814 1249 957 1292 egerint,
982 1255 1029 1282 et*

268 1304 301 1337 in
325 1304 356 1337 id
381 1309 604 1348 procuratores
627 1303 756 1336 adiectis
777 1313 809 1335 se
833 1303 1012 1336 nullatenus

269 1358 480 1391 intromittant
493 1356 514 1398 ¹,
538 1368 574 1390 ae
597 1357 714 1390 nostris
739 1361 769 1389 et
797 1356 866 1389 aliis
889 1361 1013 1400 aposto-

270 1410 339 1444 licis
375 1410 652 1443 constitutionibus
683 1409 850 1443 contrariis
882 1410 1011 1453 quibus-

271 1474 423 1508 cumque3
439 1470 493 1497 aut
512 1464 537 1496 si
554 1464 722 1507 aliquibus,
740 1463 1010 1497 communiterve]

269 1514 413 1555 divisim,
437 1514 476 1547 ab
512 1515 623 1548 eadem
659 1515 699 1547 sit
727 1514 805 1547 Sede
836 1514 1010 1555 indultum,

269 1568 354 1613 quod
377 1568 542 1610 interdici,
568 1568 734 1612 suspendi,
759 1569 808 1601 rel
833 1579 1012 1601 exeommu-

267 1621 367 1656 nicari
391 1632 456 1655 non
476 1622 597 1666 possint
614 1632 670 1666 per
687 1622 807 1655 litteras
823 1622 1010 1666 apostolicas
1027 1647 1029 1664 ι

267 1686 332 1709 non
355 1675 504 1709 facientes
526 1675 652 1719 plenam
667 1680 698 1708 et
715 1685 895 1719 expressam
920 1686 955 1708 ac
973 1675 1011 1708 de

267 1728 365 1762 verbo
389 1729 428 1761 ad
451 1728 582 1762 verbum
615 1728 653 1761 de
685 1728 806 1761 indulto
830 1728 1010 1761 huiusmodi

268 1782 477 1822 mentionem;
495 1787 525 1815 et
537 1781 729 1826 quibuslibet
745 1781 813 1814 aliis
826 1782 1010 1826 privilegiis,
1027 1794 1028 1800 ¹

269 1839 300 1869 et
323 1834 536 1878 indulgentiis,
561 1840 592 1868 et
611 1834 729 1872 litteris
753 1835 944 1878 apostolicis,
961 1845 1028 1879 gen,

268 1887 430 1922 neralibus
453 1889 502 1921 vel
519 1888 718 1932 specialilius,
736 1899 1011 1932 quorumcumque

268 1946 415 1975 tenorum
440 1941 582 1982 existant,
606 1951 664 1985 per
687 1952 767 1984 quae
790 1941 1028 1985 praesentibus

269 2004 333 2027 non
361 2004 510 2038 expressa
544 1994 593 2038 vel
625 1994 763 2028 totaliter
798 2004 862 2027 non
894 1994 1029 2033 inserta?

269 2046 398 2081 effeetus
430 2058 539 2081 earum
569 2047 717 2091 impediri
748 2048 847 2082 valeat
877 2051 1029 2092 quomo-³

269 2100 388 2136 dolibet
418 2101 467 2133 vel
490 2100 631 2140 differri,
655 2105 685 2134 et
710 2101 748 2134 de
772 2100 907 2145 quilius,
932 2113 1029 2145 quo-.r

268 2164 405 2198 rumque
427 2153 502 2187 totis
525 2154 688 2195 tenoribus
708 2154 746 2187 de
770 2154 867 2187 verbo
888 2155 926 2187 ad
944 2152 1029 2201 ver-j

268 2208 345 2242 bum
369 2206 513 2240 habenda
525 2206 564 2239 sit
582 2207 741 2240 inlitteris
761 2208 876 2240 nostris
893 2208 1011 2241 mentio

269 2261 423 2307 specialis.
449 2261 594 2295 Ceterum
616 2261 770 2301 volumus,
787 2266 817 2293 et
839 2261 1009 2304 apostolica

269 2315 454 2349 auctoritate
467 2315 678 2355 decernimus,
693 2315 777 2359 quod
787 2315 916 2358 quilibet
933 2315 1012 2359 ipso-

269 2379 340 2403 rum
357 2379 414 2413 per
429 2378 487 2402 nos
507 2368 731 2412 deputatorum
753 2373 1011 2401 conservatorum

269 2422 421 2467 prosequi
437 2422 537 2455 valeat
552 2417 721 2455 articulum
738 2421 831 2454 etiam
845 2432 902 2465 per
915 2422 1010 2454 alium

270 2475 462 2517 inchoatum,
486 2475 629 2519 quamvis
653 2475 736 2507 idem
759 2475 908 2508 inchoans
924 2475 1011 2508 nullo

271 2527 366 2562 suerit
388 2528 616 2573 impedimento
633 2528 845 2573 praepeditus
861 2528 1011 2573 quodque

271 2591 291 2615 a
311 2581 383 2615 data
405 2581 619 2626 praesentium
643 2581 682 2615 sit
702 2582 747 2615 cis
770 2587 800 2614 et
824 2581 953 2616 cuilibet
969 2582 1012 2626 ip—

307 2646 320 2672 t
340 2644 438 2673 Menda
451 2646 568 2682 corrigat
581 2646 666 2674 lector
682 2646 754 2673 scius
768 2648 805 2682 (a.
821 2646 870 2682 12).

354 2698 435 2729 Butz.
454 2699 539 2730 Rom.
558 2713 593 2723 -
610 2700 669 2730 Vol.
685 2699 753 2730 XII.
932 2699 964 2728 71

1030 348 1166 392 =c00ptis
1197 353 1227 380 et
1255 358 1318 382 non
1348 347 1484 392 coeptis,
1516 346 1735 391 praesentibus
1759 351 1790 380 et

1047 402 1171 443 suturis,
1196 406 1381 446 perpetuata
1405 405 1544 445 potestas
1559 405 1591 434 et
1615 400 1789 435 iurisdictio

1047 455 1206 495 attributa,
1221 460 1255 488 ut
1274 465 1311 488 eo
1329 455 1447 497 vigore,
1465 455 1564 497 eaque
1581 454 1740 495 firmitate,
1758 454 1789 487 in

1046 508 1229 552 praemissis
1244 507 1401 548 omnibus,
1412 507 1532 552 coeptis
1541 511 1571 541 et
1583 517 1651 541 norr
1659 507 1789 551 coeptis,

1046 561 1266 604 praesentibus
1291 566 1321 593 et
1345 561 1469 601 suturis,
1491 566 1522 594 et
1544 570 1604 604 pro
1629 560 1691 593 illis
1714 570 1789 604 pro-

1047 613 1169 654 cedere,
1194 623 1230 646 ac
1254 613 1279 646 si
1303 613 1463 657 praedicta
1487 612 1593 646 omnia
1617 617 1648 647 et
1666 612 1790 655 singula

1046 677 1154 700 coram
1179 666 1223 699 eis
1248 671 1359 710 coepta
1382 666 1508 706 suerint,
1532 670 1623 708 stent,
1648 669 1678 700 et
1700 665 1790 699 iuris-

1046 719 1141 753 dictio
1174 730 1285 753 eorum
1318 725 1348 753 et
1382 718 1551 754 cuiuslibet
1584 720 1727 764 ipsorum
1758 719 1790 752 in

1045 772 1214 816 praedietis
1245 772 1393 806 omnibus
1416 778 1447 805 et
1470 772 1601 816 singulis
1630 782 1688 815 per
1717 772 1792 805 cita-

1047 825 1164 858 tionem
1189 826 1237 858 vel
1262 826 1391 858 modum
1416 825 1512 858 alium
1529 829 1727 869 perpetuata,
1748 825 1791 858 le-

1046 878 1155 920 gitime
1175 879 1318 920 existere,
1333 877 1555 912 constitutione
1568 877 1729 922 praedicta
1742 888 1791 911 su-

1046 941 1104 975 per
1129 931 1420 971 conservatoribus,
1453 935 1483 963 et
1510 931 1571 964 alia
1595 930 1736 974 qualibet
1757 930 1791 963 in

1046 985 1240 1018 contrarium
1256 984 1340 1017 edita
1359 994 1421 1018 non
1438 983 1590 1017 obstante.
1609 984 1646 1017 Et
1661 983 1790 1028 insuper

1046 1047 1082 1069 ex
1106 1047 1190 1070 nunc
1214 1028 1341 1070 irritum
1365 1036 1566 1069 decernimus
1583 1041 1614 1070 et
1637 1036 1746 1077 inane,
1763 1036 1789 1070 si

1047 1099 1137 1122 secus
1161 1100 1257 1132 super
1274 1090 1322 1123 his
1338 1100 1355 1121 a
1372 1099 1542 1133 quoquam,
1560 1089 1669 1132 quavis
1684 1093 1791 1123 aucto-

1046 1142 1148 1181 ritate,
1173 1141 1307 1175 scienter
1332 1141 1380 1174 vel
1402 1141 1600 1184 ignoranter,
1621 1141 1790 1185 contigerit

1046 1195 1208 1228 attentari:
1238 1194 1458 1238 praesentibus
1487 1194 1648 1238 perpetuis
1675 1195 1789 1229 suturis

1046 1248 1243 1292 temporibus
1268 1247 1418 1280 valituris.
1449 1247 1533 1281 Nulli
1558 1257 1635 1290 ergo
1660 1248 1789 1282 omnino

1045 1301 1209 1334 hominum
1223 1301 1315 1334 liceat
1330 1301 1411 1334 hanc
1423 1300 1571 1344 paginam
1584 1304 1711 1335 nostrae
1725 1311 1790 1334 ere-

1045 1354 1168 1395 ctionis,
1193 1354 1310 1395 statuti,
1336 1353 1554 1395 ordinationis,
1572 1353 1721 1397 mandati,
1738 1365 1790 1388 vo-

1044 1407 1173 1440 luntatis
1189 1412 1220 1441 et
1236 1407 1468 1442 constitutionis
1485 1407 1669 1450 infringere,
1694 1408 1743 1441 vel
1760 1408 1788 1441 ei

1045 1472 1123 1494 ausu
1147 1461 1317 1495 temerario
1339 1461 1515 1501 contraire;
1540 1461 1567 1494 si
1590 1461 1660 1505 quis
1683 1466 1788 1496 autem

1044 1515 1105 1547 hoo
1130 1519 1283 1548 attentare
1306 1515 1571 1558 praesumpserit,
1595 1515 1785 1558 indignatio-

1044 1577 1117 1601 nem
1141 1568 1368 1612 omnipotentis
1391 1568 1446 1601 Dei
1463 1572 1493 1602 et
1519 1569 1686 1602 beatorum
1702 1569 1787 1603 Petri

1045 1626 1075 1654 et
1098 1621 1184 1654 Pauli
1208 1621 1428 1664 apostolorum
1452 1621 1519 1654 eius
1543 1632 1577 1654 se
1600 1621 1725 1655 noverit
1742 1622 1788 1655 in·

1045 1685 1222 1707 cursurum.
1236 1674 1349 1707 Datum
1366 1675 1494 1716 Romae,
1511 1674 1594 1718 apud
1611 1675 1641 1708 S.
1659 1675 1788 1708 Petrum

1044 1738 1126 1761 anno
1163 1727 1391 1761 incarnationis
1430 1728 1611 1761 Dominicae
1647 1738 1786 1770 MCDLlV,

1044 1787 1157 1825 quarto
1180 1792 1280 1815 nonas
1306 1781 1480 1823 februarii,
1507 1781 1707 1826 pontificatus
1732 1792 1788 1817 no-

1044 1835 1101 1868 stri
1125 1845 1207 1868 anno
1232 1845 1298 1868 vm.

1088 1888 1156 1932 ἓῧ.
1182 1887 1338 1922 ,Nicotaus
1369 1888 1552 1932 episcopus,
1584 1898 1694 1922 servus
1725 1899 1789 1922 ser-

1043 1952 1154 1975 vorum
1183 1941 1265 1982 Dei,
1300 1941 1344 1974 acl
1373 1945 1561 1985 perpetuam
1590 1942 1639 1975 rei
1662 1952 1784 1975 memo-

1043 1995 1141 2028 riam.
1159 1995 1336 2028 Romanum
1350 1994 1438 2028 decet
1451 1994 1636 2028 Pontificem
1649 1995 1694 2028 sic
1709 1995 1787 2028 salu-

1044 2049 1143 2081 briter
1167 2048 1351 2092 providere,
1375 2048 1461 2091 quod
1483 2048 1661 2083 litterarum
1685 2049 1788 2082 studia

1045 2102 1120 2135 viris
1144 2101 1288 2135 litteratis
1312 2101 1512 2143 decorentur,
1537 2107 1572 2135 ut
1594 2113 1652 2146 per
1675 2112 1787 2135 eorum

1045 2154 1221 2188 doctrinam
1245 2155 1342 2199 optati
1369 2155 1490 2188 fructus
1513 2154 1546 2188 in
1570 2155 1709 2189 Ecclesia
1732 2154 1788 2188 Dei

1044 2209 1167 2252 possint
1204 2220 1261 2242 suo
1298 2214 1440 2252 tempore
1472 2209 1650 2253 provenire.
1681 2210 1789 2253 Nuper

1046 2263 1211 2306 siquidem,
1232 2273 1290 2306 per
1307 2273 1364 2296 nos
1388 2267 1527 2306 accepto,
1549 2262 1634 2305 quod
1658 2273 1788 2295 venera-

1045 2315 1116 2348 bilis
1143 2316 1241 2349 frater
1263 2321 1371 2348 noster
1391 2315 1523 2348 Iacobus
1551 2315 1590 2347 de
1609 2315 1719 2349 Serich
1742 2326 1790 2348 ar-

1046 2369 1266 2412 chiepiscopus
1288 2368 1502 2409 Trerircnsis,
1533 2377 1597 2401 non
1622 2368 1724 2401 solum
1749 2369 1788 2402 ad

1045 2422 1237 2465 reipublicae
1269 2432 1304 2454 ac
1335 2422 1511 2455 incolarum
1545 2425 1705 2454 terrarum
1729 2421 1788 2455 sibi

1046 2475 1270 2515 subiectarum,
1287 2474 1341 2507 sed
1362 2475 1455 2508 etiam
1473 2474 1512 2507 ad
1529 2474 1661 2508 aliarum
1677 2475 1788 2509 mundi

1044 2529 1182 2574 partium
1196 2528 1362 2561 utilitatem
1380 2533 1411 2561 et
1427 2527 1669 2572 prosperitatem
1686 2528 1788 2562 inten-

1044 2582 1131 2623 dens,
1147 2582 1179 2615 in
1196 2582 1263 2615 eius
1283 2581 1406 2615 civitate
1422 2581 1611 2624 Trevirensi,
1625 2585 1787 2626 tamquam

1806 247 1856 274 An.
1867 245 1897 274 C.
1920 245 1984 274 ¹⁶21

1810 1899 1881 1920 Altera
1892 1899 1987 1920 eiusdem

1801 1925 1883 1947 Nicolai
1906 1925 1988 1946 Consti-

1802 1953 1862 1976 tutio,
1874 1957 1916 1979 qua
1926 1958 1988 1978 prae-

1802 1979 1872 2000 dictae
1883 1979 1987 2000 universi-

1801 2006 1840 2026 tati
1854 2011 1890 2026 sex
1901 2006 1987 2026 canoni-

1801 2034 1861 2053 catus
1871 2034 1892 2052 ει
1900 2034 1942 2053 tres
1950 2038 1988 2058 pa-

1801 2059 1907 2080 rochiales
1922 2059 1990 2079 ecele-

1802 2086 1847 2107 siae
1853 2086 1987 2107 addicuntur.

1043 2638 1114 2672 loeo
1139 2635 1304 2680 insigniori
1332 2640 1363 2669 et
1385 2634 1487 2679 magis
1518 2634 1557 2669 ad
1580 2635 1643 2670 hoc
1665 2646 1788 2672 accom-
1818 2672 1823 2675 ,
