2293 3231
85 263 137 292 An.
154 262 182 291 C.
202 261 267 291 162¹

136 1118 269 1140 summorum

83 1145 208 1167 Pontificum
214 1145 269 1166 litte-

83 1171 150 1193 rade
158 1171 209 1193 'rtet
214 1171 270 1192 iren·

85 1199 103 1219 ti
131 1199 268 1219 universitate

84 1227 190 1246 recenset.

126 1384 220 1405 Litterae
235 1384 269 1404 Ni-

87 1411 142 1432 colai
170 1411 199 1432 Pa
216 1416 228 1431 u
253 1410 268 1430 V

87 1437 164 1463 quibus

88 1464 156 1484 remi·
169 1463 272 1484 universi-

88 1491 120 1510 us
133 1490 227 1516 origitur.
242 1490 271 1510 ei-

88 1521 130 1543 quo
172 1517 272 1538 nonnulla

87 1542 199 1569 privilegia
221 1548 271 1564 con·

88 1568 198 1591 ceduntur.

217 1437 271 1458 revi-

866 256 1050 284 onncomvs
1075 257 1117 283 XV
1142 259 1189 284 1²1³,

280 306 462 354 praepositi,
486 307 567 342 inter
591 312 730 342 caeteras
746 307 912 352 pastoralis
937 307 1022 341 solli-

281 360 428 396 citudinis
452 365 578 395 nostrae
603 372 693 395 curas
718 361 802 394 illam
828 361 936 394 sedulo
962 371 1024 394 am-

280 413 466 458 plectimur,
499 425 556 458 per
587 425 680 458 quam
713 415 889 447 litterarum
922 413 1024 447 studia

282 472 520 512 propagantur,
552 467 792 511 studiorumque
828 467 1023 510 generalium

282 520 416 563 collegia
432 526 461 553 et
476 521 704 563 universitates,
723 520 760 553 ad
779 520 873 553 divini
888 519 1023 553 nominis

284 573 409 607 laudem
423 579 453 607 et
469 574 614 617 gloriam,
632 574 871 618 animarumque
892 574 1024 606 salutem

284 627 435 667 instituta,
449 627 623 660 maioribus
648 627 679 660 in
704 627 770 660 dies
792 626 958 670 proficiant
982 626 1025 658 in—

283 679 461 720 crementis,
486 690 521 713 ac
544 685 713 724 propterea
737 680 792 720 iis,
818 690 897 724 quae
921 690 938 712 a
966 679 1024 712 Ro-

283 732 386 766 manis
411 733 624 774 Pontificibus,
649 733 944 777 praedecessoribus
967 743 1023 766 no-

283 786 366 828 stris,
377 787 517 831 collegiis
532 791 562 821 et
574 787 830 822 universitatibus
842 786 1023 820 huiusmodi

284 849 432 873 concessa
455 844 486 873 et
510 840 630 873 indulta
655 844 736 881 sunt,
759 844 794 873 ut
818 840 910 872 firma
934 844 963 872 et
980 839 1020 872 il-

283 892 378 926 libata
390 897 542 937 perpetuo
559 893 739 933 subsistant,
756 893 901 933 libenter,
918 903 988 926 cum
1007 903 1023 925 a

282 946 373 980 nobis
397 947 523 991 petitur,
556 947 745 990 apostolicae
775 946 1024 980 confirmationis

283 999 382 1034 robur
406 1000 582 1041 amicimus,
607 1004 703 1043 prout
718 999 928 1044 conspicimus
946 999 1024 1032 salu·
1041 1018 1042 1021 =

282 1052 382 1087 briter
405 1053 438 1086 in
461 1053 594 1087 Domino
611 1053 768 1097 expedire.

328 1107 343 1150 g
367 1107 396 1139 1.
421 1107 504 1140 Alias
534 1106 690 1150 siquidem
714 1117 732 1139 a
757 1106 855 1139 felicis
879 1106 1024 1140 recorda-

283 1159 376 1193 tionis
399 1159 528 1194 Nicolao
544 1160 578 1201 V,
595 1159 681 1193 Sixto
694 1159 731 1192 IV
755 1164 785 1192 et
801 1160 959 1193 Clemente
972 1160 1024 1192 Vll

284 1213 433 1248 Romanis
447 1213 651 1247 Pontificibus
662 1212 960 1257 praedecessoribus
973 1223 1025 1246 no-

284 1267 357 1301 stris
388 1272 574 1301 emanarunt
610 1267 732 1300 litterae
764 1267 884 1300 tenoris
915 1267 1024 1300 subse-

285 1321 420 1364 quentis,
436 1320 594 1355 videlicet:

329 1374 344 1417 ἓ
367 1374 396 1407 2.
421 1373 576 1407 Nicotaus
595 1373 782 1418 Episcopus,
795 1384 904 1407 servus
924 1384 1026 1408 servo-

286 1437 362 1461 rum
383 1427 454 1467 Dei,
482 1427 525 1460 ad
546 1431 737 1471 perpetuam
756 1428 804 1460 rei
820 1429 1022 1462 memoriam.

287 1481 371 1514 Inter
388 1485 507 1514 ceteras
531 1481 704 1521 felicitates,
719 1491 795 1524 quas
814 1481 957 1514 mortalis
974 1482 1028 1515 ho-

285 1544 338 1568 mo
355 1534 387 1567 in
404 1534 463 1567 hac
483 1534 568 1566 labili
596 1534 658 1567 vita
681 1545 718 1567 ex
741 1534 836 1568 domo
853 1535 906 1568 Dei
926 1535 1028 1567 nanci-
1044 1550 1045 1555 =

286 1587 330 1620 sci
349 1592 469 1631 potest,
493 1597 530 1621 ea
553 1597 617 1620 non
645 1588 676 1620 in
703 1587 823 1620 ultimis
852 1588 1045 1631 computari

285 1644 436 1681 meretur,
461 1640 545 1684 quod
569 1651 626 1684 per
649 1640 812 1673 assiduum
835 1640 973 1673 studium
995 1651 1027 1673 a-

285 1693 397 1737 dipisci
421 1693 503 1726 valet
527 1693 674 1727 scientiae
702 1693 922 1736 margaritam,
947 1705 1027 1738 quae

284 1746 375 1787 hene,
397 1747 550 1791 beateque
573 1747 697 1780 vivendi
722 1747 804 1779 viam
828 1747 967 1791 praebet,
992 1758 1027 1781 ac

284 1799 423 1844 peritum
455 1801 495 1833 ab
527 1800 703 1841 immerito,
728 1800 776 1833 sui
808 1800 1026 1844 preciositate,

287 1959 506 2002 cognoscenda
534 1959 669 1993 dilucide
699 1959 888 2000 introducit,
915 1960 1027 1993 suffra-

287 2017 380 2055 gatur
413 2012 563 2053 indoctis,
589 2018 619 2046 et
643 2013 676 2046 in
699 2013 808 2047 infimo
839 2014 909 2047 loco
937 2019 1045 2048 natos³

288 2066 391 2100 evehit
420 2066 452 2099 in
480 2066 642 2099 sublimes.
675 2067 712 2100 Et
738 2073 908 2111 propterea
933 2068 1046 2113 Sedes,>

287 2119 466 2163 Apostolica
481 2145 488 2159 ,
513 2129 620 2152 rerum
645 2119 858 2164 spiritualitun
878 2126 909 2153 et
933 2114 1045 2154 etiam⁴

289 2171 512 2216 temporalium
536 2171 667 2216 provida
698 2172 904 2206 ministratrix
919 2200 927 2214 ‚
950 2172 1046 2207 libe-⁴

288 2225 420 2258 ralitatis
444 2225 594 2258 honestae
625 2225 854 2270 circumspecta
878 2226 1013 2260 distribu
1044 2220 1046 2226 ⁸

287 2278 358 2319 trix,
382 2283 413 2311 et
436 2278 573 2312 cuiusvis
601 2278 863 2311 commendabilis
887 2280 1045 2313 exercitii

287 2336 438 2376 perpetua
463 2336 494 2365 ct
517 2336 661 2366 constans
685 2332 836 2371 adiutrix,
860 2337 894 2365 ut
918 2343 955 2365 eo
984 2333 1028 2366 sa-

289 2385 378 2418 cilius
397 2385 541 2419 homines
557 2386 596 2418 ad
613 2391 678 2418 tam
695 2387 850 2419 excelsum
872 2386 1028 2420 humanae

289 2439 475 2473 conditionis
499 2439 657 2483 fastigium
686 2439 911 2483 acquirendum
933 2446 963 2473 et
982 2451 1030 2474 ac-

290 2492 440 2537 quisitum
457 2493 488 2526 in
505 2493 582 2527 alios
607 2493 889 2526 transfundendum
903 2504 1029 2538 semper

291 2555 362 2578 cum
376 2552 545 2590 augmento
563 2547 696 2591 quaesiti
715 2546 919 2580 inducantur¹
941 2547 1027 2589 (cum

291 2597 421 2631 aliarum
433 2609 541 2633 rerum
555 2600 735 2634 distributio
748 2610 884 2634 massam
899 2600 1027 2642 minuat,

327 2659 338 2685 ¹
351 2658 498 2696 Pei-peram
508 2660 572 2690 edit.
584 2661 663 2690 Maii-i.
675 2662 741 2698 legit
752 2662 920 2692 indicamur
932 2663 1027 2698 (u.r.).

1056 307 1203 340 scientiae
1236 316 1310 340 vcro
1343 307 1586 341 communicatio
1619 312 1736 350 quanto
1767 307 1796 339 iu

1057 361 1164 404 plures
1184 360 1379 403 diffunditur,
1399 365 1483 393 tanto
1504 370 1629 404 semper
1645 363 1798 402 augeatur

1057 417 1087 448 et
1111 414 1254 457 creseat),
1275 413 1381 453 Sedes,
1407 413 1544 457 inquam,
1568 413 1748 457 Apostolica
1765 413 1798 445 il-

1057 467 1104 499 los
1128 466 1283 506 hortatur,
1307 466 1351 500 eis
1375 466 1443 500 loca
1466 471 1644 510 praeparat,
1666 465 1735 499 illos
1755 466 1798 499 iu-

1058 524 1108 551 vat
1138 524 1168 552 et
1203 520 1307 560 soret,
1339 530 1374 552 ac
1407 519 1565 553 favoribus
1595 519 1798 563 prosequitur

1058 573 1213 615 gratiosis.
1238 573 1314 606 Cum
1339 573 1463 616 itaque,
1487 573 1568 606 sicut
1596 573 1797 616 accepimus,

1057 626 1245 659 venerabilis
1259 626 1357 659 srater
1372 632 1480 660 noster
1501 625 1631 659 lacobus
1648 626 1686 659 de
1703 625 1797 659 Sinch

1058 678 1313 724 archiepiscopus
1327 680 1532 719 Trevirensis,
1550 684 1579 712 et
1592 683 1688 722 prout
1703 679 1797 712 etiam

1058 733 1190 766 dilectus
1214 733 1297 765 silius
1316 737 1423 765 noster
1447 732 1604 765 Arnoldus
1621 731 1797 776 Heymerici

1058 785 1095 819 de
1120 786 1214 819 Clinis
1239 786 1413 819 litterarum
1431 786 1676 830 apostolicarum
1689 785 1799 818 abbre-

1058 839 1158 872 viator
1183 844 1212 872 ct
1238 839 1335 883 ipsius
1360 838 1588 882 archiepiscopi
1611 838 1799 872 secretarius

1057 902 1093 925 ac
1118 892 1149 924 in
1175 893 1316 925 Romana
1336 892 1423 925 curia
1441 896 1630 936 procurator
1646 891 1737 925 nobis
1753 903 1800 925 re-

1058 944 1137 983 tulit,
1162 944 1244 977 idem
1270 945 1536 989 archiepiscopus,
1554 955 1617 978 non
1642 945 1744 978 solum
1761 946 1799 979 ad

1057 998 1269 1042 reipublicae,
1294 1009 1329 1031 ac
1353 999 1530 1032 incolarum
1559 1003 1715 1032 terrarum
1740 998 1799 1032 sibi

1059 1051 1288 1091 subiectarum,
1322 1052 1376 1085 sed
1409 1053 1503 1085 etiam
1528 1052 1661 1085 aliarum
1690 1052 1798 1085 mundi

1058 1106 1195 1149 partium
1220 1106 1386 1139 utilitatem
1417 1112 1447 1139 et
1477 1106 1719 1151 prosperitatem
1745 1107 1796 1139 in-

1058 1159 1199 1200 tendens,
1224 1159 1255 1191 in
1281 1160 1347 1193 eius
1373 1159 1498 1193 civitate
1523 1160 1699 1193 Trevirensi
1724 1165 1801 1193 tam—

1059 1223 1153 1256 quam
1184 1213 1253 1247 loco
1287 1213 1454 1257 insigniori
1487 1218 1517 1247 et
1545 1214 1646 1256 magis
1677 1214 1716 1246 ad
1740 1215 1799 1248 hoc

1059 1266 1263 1300 accommodo
1288 1271 1317 1299 et
1342 1267 1465 1307 idoneo,
1482 1267 1514 1299 iu
1534 1277 1596 1311 quo
1620 1267 1702 1300 a'eris
1718 1268 1802 1311 viget

1060 1321 1239 1364 temperies,
1254 1322 1436 1354 victualium
1454 1322 1591 1363 ubertas,
1612 1327 1803 1354 ceterarum-

1060 1384 1119 1417 que
1145 1385 1253 1407 rcrum
1278 1375 1315 1407 ad
1341 1385 1432 1407 usum
1454 1375 1627 1408 humanum
1645 1375 1802 1418 pertinen-

1060 1427 1136 1460 tium
1158 1428 1248 1472 copia
1273 1429 1439 1472 reperitur,
1455 1428 1612 1462 desideret
1627 1428 1801 1472 plurimum

1060 1481 1128 1513 sieri
1154 1486 1184 1514 et
1209 1481 1350 1514 ordinari
1375 1492 1432 1525 per
1457 1482 1569 1515 Sedem
1589 1482 1801 1526 Apostolicani

1060 1534 1199 1566 studium
1225 1535 1370 1576 generale
1396 1535 1427 1567 in
1452 1535 1592 1578 qualibet
1607 1535 1693 1568 licita
1710 1536 1804 1569 facul-

1062 1591 1133 1624 tate,
1156 1592 1190 1619 ut
1215 1586 1331 1619 ibidem
1361 1587 1439 1620 sides
1469 1588 1621 1621 catholiea
1645 1588 1801 1629 dilatetur,

1061 1639 1246 1672 erudiantur
1277 1640 1454 1684 simplices,
1488 1641 1629 1684 aequitas
1659 1646 1803 1675 servetur

1062 1692 1179 1733 iudicii,
1204 1693 1307 1736 vigeat
1326 1694 1416 1732 ratio,
1438 1694 1654 1727 illuminentur
1671 1701 1801 1735 mentes,

1044 1749 1090 1796 ,et
1115 1746 1288 1780 intellectus
1306 1747 1472 1780 hominum
1496 1748 1709 1788 illustrentur;
1734 1759 1801 1790 nos,

1044 1830 1045 1840 2
1062 1800 1236 1843 praemissa
1266 1811 1301 1833 ac
1331 1801 1423 1833 etiam
1457 1801 1605 1834 eximiam
1628 1802 1803 1836 devotionis

285 1854 380 1896 longe
403 1854 476 1886 facit
497 1854 651 1886 excellere
671 1858 701 1887 et
725 1853 860 1886 similem
880 1854 943 1886 Deo
962 1842 1046 1895 red-⁴}

287 1905 340 1938 dit.
358 1906 424 1939 Hoc
440 1911 605 1950 praeterea
621 1907 708 1939 illum
727 1906 765 1939 ad
790 1906 899 1939 mundi
915 1917 1027 1940 arcana
1043 1902 1046 1912 ¹

1061 1853 1284 1892 sinceritatem,
1310 1865 1405 1897 quam
1423 1854 1524 1887 dictus
1544 1854 1802 1900 archiepiscopus

1061 1907 1100 1939 ad
1124 1917 1182 1939 nos
1206 1914 1235 1939 et
1259 1908 1432 1940 Romanam
1450 1907 1532 1950 gerit
1551 1908 1739 1950 Ecclesiam,
1757 1916 1803 1942 at-

1062 1965 1145 1992 tente
1170 1959 1431 2001 considerantes¹,
1464 1971 1618 2004 suumque
1649 1962 1804 1995 laudabile

1060 2014 1257 2058 propositum
1290 2013 1321 2046 in
1354 2014 1485 2047 Domino
1518 2014 1692 2058 plurimum
1717 2027 1804 2049 com-

1061 2067 1254 2106 mendantes,
1274 2067 1404 2100 ferventi
1422 2067 1524 2100 studio
1544 2068 1702 2109 ducimur,
1719 2069 1803 2113 quod

1062 2121 1168 2155 civitas
1193 2121 1260 2165 ipsa
1287 2121 1491 2154 scientiarum
1516 2123 1678 2155 muniatur
1701 2123 1805 2157 hono-

1060 2174 1158 2213 ribus,
1183 2174 1225 2206 ita
1240 2180 1276 2207 ut
1292 2175 1376 2207 viros
1392 2175 1545 2218 producat
1566 2175 1688 2208 consilii
1706 2181 1806 2209 matu-

1061 2227 1151 2260 ritate
1175 2227 1371 2271 conspicuos,
1397 2228 1548 2260 virtutum
1573 2229 1728 2272 pollentes
1752 2240 1804 2262 or-

1061 2280 1195 2321 natibus,
1214 2285 1243 2313 et
1263 2281 1457 2314 diversarum
1473 2282 1655 2314 facultatum
1673 2282 1805 2325 dignita-

1062 2333 1146 2366 tibus
1177 2334 1338 2375 eruditos‚
1369 2335 1468 2378 sitque
1497 2335 1574 2367 inibi
1602 2335 1805 2369 scientiarum

1062 2387 1131 2420 sons
1148 2387 1297 2430 irriguus,
1335 2387 1373 2420 dc
1398 2388 1486 2421 cuius
1513 2388 1707 2432 plenitudine
1727 2389 1806 2422 hau—

1061 2440 1144 2473 riant
1167 2441 1305 2473 universi
1330 2441 1506 2474 litterarum
1528 2441 1688 2485 cupientes
1705 2442 1804 2476 imbui

1062 2493 1269 2527 documentis.
1295 2494 1349 2526 llis
1374 2494 1470 2537 igitur
1494 2495 1651 2534 omnibus,
1668 2501 1696 2528 et
1714 2505 1805 2539 prae-

1063 2547 1170 2580 sertim
1204 2547 1370 2581 idoneitate
1410 2547 1509 2581 dictae
1542 2547 1695 2589 civitatis,
1725 2560 1805 2593 quae

1061 2601 1177 2641 etiam,
1207 2605 1243 2633 ut
1272 2601 1472 2645 accepimus,
1497 2599 1535 2634 ad
1567 2601 1804 2646 multiplicanda

1099 2664 1111 2691 1
1127 2662 1246 2691 Errouce
1262 2662 1328 2690 ibid.
1344 2663 1444 2699 legitur
1458 2663 1688 2693 considerantem
1701 2664 1741 2700 (R.
1755 2665 1804 2701 T.).
1832 2665 1836 2668 ⁴

1703 246 1767 282 559
1814 258 1863 286 An.
1879 256 1906 285 c.
1926 257 1992 286 4621
