2293 3231
545 255 586 289 42
1081 257 1260 284 arctatura
1287 257 1441 282 aonaxt'n

518 311 647 346 modum
665 310 810 353 eligendi,
825 310 922 342 donec
937 306 1142 345 consentiant,
1155 305 1259 338 decies
1292 305 1478 338 necessaria.
1506 306 1541 337 At
1568 315 1642 338 vero
1667 305 1870 349 pauperibus,
1889 310 1942 338 aut
1965 303 2034 337 aliis

518 370 661 409 repetere
677 367 816 407 possuntz
836 367 901 405 post
914 360 1070 391 decinmm
1089 368 1260 390 vei-escrit·
1276 373 1277 400 j
1293 358 1345 402 qui
1370 368 1433 390 non
1464 363 1533 390 sunt
1564 369 1601 390 ex
1630 359 1738 391 nostra
1767 357 2035 401 Congregatione‚

518 418 647 457 tinium,
673 417 697 449 >i
724 416 857 448 necdum
883 414 913 446 in
939 422 1035 444 unum
1061 422 1134 455 pars
1159 411 1260 443 maior
1276 409 1278 436 ’-
1293 410 1431 454 quolibet
1447 421 1554 443 mense
1572 411 1693 443 nummi
1709 411 1796 443 aurei
1810 420 1968 443 summam
1985 421 2037 454 po—

519 470 620 504 media
647 467 884 512 conspiraverit,
909 464 1175 508 compromissum
1196 463 1260 503 siat,
1277 464 1279 513 l
1295 465 1364 498 terit
1392 464 1537 507 elargiri:
1564 464 1594 496 in
1620 464 1731 497 maiori
1757 464 1884 508 quidem
1901 465 2036 503 summa,

318 269 364 292 An.
383 266 412 291 c.
432 264 500 292 1620
2049 257 2098 284 An.
2116 257 2146 284 c.
2167 255 2234 284 1620
2264 240 2266 242 ’

519 530 550 556 ut
576 523 692 556 scilieet
719 521 857 565 quinque
883 518 984 551 solum
1009 528 1047 550 ex
1071 516 1279 564 electoribus]

520 576 734 622 praepositum
759 587 775 605 e
800 573 924 605 duobus
949 570 1169 604 tantummodo
1189 570 1281 620 deli-¹

520 635 607 673 gant,
626 629 656 662 in
673 638 752 672 quos
777 627 868 670 plura
886 624 1037 667 suffragia
1054 634 1090 656 ex
1115 634 1263 667 quaeum-

519 693 580 727 que
593 681 810 725 disquisitione
825 680 976 711 haetenus
990 678 1121 710 collecta
1134 687 1264 710 concur·
1280 724 1282 728 ‚

521 736 636 773 rerint;
663 733 746 778 quod
764 732 908 776 exemplo
925 731 1113 764 declaratur.
1131 730 1162 763 Si
1180 730 1263 763 enim
1281 735 1282 742 ¹

520 790 582 822 duo
608 789 654 821 vel
680 788 786 832 plures
803 791 949 820 octavum
967 785 1025 817 sibi
1040 794 1210 817 numerum
1233 784 1264 816 in
1281 783 1283 791 '

522 841 681 884 suffragiis
698 839 901 879 obtinuerint,
919 838 967 871 vel
987 848 1069 870 unus
1088 842 1138 870 aut
1158 838 1266 881 plures
1282 850 1283 868 t

523 901 686 935 octavum,
712 894 763 926 alii
789 903 863 926 xero
887 891 1074 936 septimum3
1100 895 1173 923 tunc
1188 917 1195 931 ,
1220 900 1266 923 ce-

523 949 598 983 teris
623 947 769 982 omnibus
794 945 930 985 reiectis,
947 945 1062 978 borum
1078 949 1200 977 tantum
1217 944 1268 977 de·
1282 952 1285 967 ¹

523 1005 622 1037 lectus
634 1002 823 1036 electoribus
838 999 999 1033 habendus
1012 1004 1068 1032 est.
1083 999 1145 1042 Ipsi
1162 1003 1266 1031 autem

524 1057 676 1090 electores
694 1056 832 1099 quinque
857 1052 1138 1096 compromissarii,
1152 1052 1267 1096 quibus
1284 1055 1285 1060 ’

523 1110 640 1144 scilieet
655 1109 763 1142 (latum
775 1113 819 1140 est
834 1107 1001 1139 arbitrium
1011 1106 1168 1149 deligendi
1181 1116 1269 1149 prae·
1284 1097 1286 1113 ³

523 1164 672 1209 positum,
690 1163 720 1195 in
739 1162 806 1205 ipsa
823 1166 896 1193 tunc
913 1160 1007 1193 simul
1022 1160 1268 1203 congregatione
1286 1186 1287 1189 ,

525 1218 566 1250 ita
592 1221 664 1249 sunt
681 1214 863 1259 deputandi,
881 1218 915 1246 ut
932 1213 1047 1255 singuli
1064 1213 1102 1245 ad
1120 1223 1189 1246 eam
1211 1213 1271 1245 ele-

525 1271 637 1305 ctionis
661 1274 847 1314 potestatem
864 1268 971 1312 plures
984 1267 1043 1300 sibi
1060 1266 1270 1310 suffragantes

526 1324 661 1358 habeant
679 1326 755 1366 (non
773 1322 856 1356 enim
875 1322 966 1366 plura
983 1321 1150 1354 medietate
1163 1321 1272 1354 suffra·

527 1378 578 1422 gia
602 1378 633 1411 in
658 1377 733 1421 ipsis
757 1375 932 1419 deligendis
949 1375 1169 1419 requiruntur)
1187 1380 1270 1408 etex

527 1432 588 1465 illis
613 1431 858 1469 constituantur,
883 1429 937 1473 qui
962 1439 1025 1462 non
1048 1429 1166 1462 suerint
1189 1429 1271 1462 inter

529 1485 649 1530 primos
663 1484 826 1527 eligendos
840 1483 1014 1524 numerati3
1031 1483 1081 1516 bis
1096 1483 1180 1516 enim
1198 1483 1273 1517 duo-

528 1540 586 1572 bus
611 1550 648 1573 eo
674 1545 817 1583 tempore
842 1538 928 1571 nulla
952 1537 990 1570 ad
1014 1537 1196 1570 huiusmodi
1213 1537 1273 1570 ele-

529 1593 665 1626 ctionem
682 1592 872 1635 relinquitur
888 1591 1030 1631 facultas,
1047 1590 1101 1623 sed
1118 1590 1219 1623 activa
1236 1591 1273 1623 si·
1288 1601 1290 1627 ρ

529 1645 606 1686 mul,
619 1650 653 1678 ut
669 1645 794 1686 dicitur,
812 1649 842 1678 et
857 1644 982 1688 passiva
999 1654 1074 1677 voce
1090 1643 1270 1687 privantur:

530 1700 554 1733 si
580 1699 704 1744 quando
723 1697 863 1731 tandem¹
881 1698 1040 1730 schedulis
1055 1698 1176 1730 eductis
1191 1709 1274 1731 com-

529 1753 725 1798 promissarii
742 1764 834 1797 pares
851 1752 1020 1792 extiterint,
1034 1751 1152 1785 electus
1164 1751 1275 1785 habea-

530 1813 592 1848 tur,
610 1807 663 1851 qui
680 1806 785 1840 debito
804 1807 834 1839 in
852 1805 1102 1849 Congregatione
1128 1805 1186 1838 sibi
1204 1806 1274 1839 loco

531 1861 600 1894 aliis
625 1860 742 1904 pariter
759 1860 1020 1893 concurrentibus
1037 1864 1184 1903 praestat.

576 1915 652 1948 Tres
677 1924 774 1947 annos
792 1914 883 1946 duret
903 1913 1076 1958 praepositi
1103 1923 1227 1953 munuS,
1246 1918 1274 1946 et

533 1968 714 2002 confirmari
733 1968 829 2011 possit
847 1968 940 2000 tertio
954 1978 1081 2011 quoque
1094 1977 1186 2007 anno,
1201 1967 1276 2001 Con-

534 2022 726 2065 gregationis
743 2021 883 2054 arbitrio.
903 2022 948 2054 Ad
966 2021 1109 2054 eamdem
1134 2031 1275 2054 mensam

535 2079 596 2109 una
614 2086 685 2108 cum
703 2075 816 2108 ceteris
844 2075 969 2108 accedet
990 2080 1018 2108 et
1039 2075 1198 2115 assidebit,
1216 2075 1276 2108 nisi

535 2128 682 2173 impediat
710 2128 896 2161 invaletudo.

571 2181 652 2215 b'iliil
666 2181 825 2223 singulare.
839 2181 949 2214 babeat
962 2181 991 2213 in
1003 2182 1145 2223 ecelesia,
1158 2184 1277 2223 mensa,

537 2234 692 2275 cubiculo,
709 2234 805 2274 domi,
819 2235 943 2275 lorisve,
962 2240 1087 2278 praeter
1100 2236 1203 2269 locun]
1217 2236 1278 2280 pri-

537 2289 683 2328 marium,
708 2293 737 2321 et
763 2289 875 2321 laicum
901 2289 1072 2321 exnostris
1089 2300 1106 2321 a
1123 2289 1278 2333 deputatis

537 2341 779 2385 assignandum,
805 2341 857 2385 qui
889 2352 1014 2375 omnem
1039 2342 1069 2375 in
1096 2342 1163 2376 eius
1192 2343 1279 2376 obse-

538 2396 645 2439 quium
670 2398 808 2429 conl'erat
833 2407 972 2440 operam.

580 2449 667 2483 Circa
692 2461 758 2482 rem
784 2450 969 2482 laniiliarem
988 2456 1016 2482 et
1042 2450 1123 2483 bona
1147 2451 1281 2493 Congre-

539 2503 672 2545 gationis
701 2503 970 2537 administratione
994 2509 1100 2537 utatur
1123 2508 1279 2545 accurata,

540 2562 739 2601 praestetque
763 2558 879 2590 nostris
897 2558 934 2590 ad
952 2558 1068 2591 victum
1087 2564 1115 2591 et
1133 2559 1279 2592 vestitum

578 2630 587 2655 1
609 2627 678 2655 Edit.
700 2628 796 2657 Veron.
818 2629 884 2658 1852
901 2629 965 2664 legit
986 2632 1079 2658 tamen
1095 2637 1142 2665 pro
1163 2630 1281 2658 tandem

541 2674 579 2703 (n.
595 2679 642 2707 τ.).

1295 517 1556 561 quotiescumque
1581 516 1737 550 eiusmodi
1769 517 1972 560 largitionum
2005 527 2037 549 se

1295 570 1417 604 dederit
1442 570 1576 607 occasio,
1601 575 1736 614 quatuor
1753 570 1975 614 deputatorum
1992 580 2039 602 re-

1296 624 1398 667 quiret
1416 634 1621 662 consensuum
1640 633 1712 655 cum
1735 633 1809 656 vero
1826 622 1936 656 decem
1951 632 2039 655 num-

1298 688 1367 711 mos
1379 689 1492 710 aureos
1505 677 1657 710 excedere
1671 676 1848 720 contigerit,
1858 676 1954 710 totius
1965 675 2040 710 Con-

1298 730 1500 774 gregationis.
1528 730 1611 763 ldem
1638 729 1668 762 in
1689 729 1757 762 aliis
1775 729 1941 762 cuiuslibet
1958 739 2041 762 com·

1299 784 1373 827 pleti
1398 783 1503 827 operis
1527 788 1579 816 aut
1604 782 1727 825 negocii
1759 787 1860 815 servet
1891 781 2041 826 impensis

1300 836 1568 877 extraordinariis,
1587 841 1615 869 et
1632 836 1670 868 ad
1687 835 1805 868 victum
1822 839 1875 867 aut
1891 834 2043 879 quotidia-

1282 923 1284 928 ,
1300 900 1376 922 num
1401 889 1538 923 familiae
1562 894 1688 922 nostrae
1710 899 1803 921 usum
1819 887 1897 921 nibil
1914 887 2043 920 attinen-

1301 943 1392 976 tibus.

1345 997 1452 1030 Totius
1464 997 1722 1041 Congregationis
1735 996 1968 1040 gubernandae,
1981 1006 2044 1030 om-

1301 1051 1452 1095 niumque
1477 1050 1691 1084 curandorum
1718 1060 1798 1095 quae
1822 1050 1860 1083 ad
1885 1060 1954 1083 eam
1978 1060 2044 1094 spe-

1303 1110 1396 1142 ctant,
1404 1104 1506 1149 prima
1519 1109 1658 1148 potestas
1667 1104 1704 1137 sit
1715 1114 1810 1148 penes
1818 1103 2043 1148 praepositum:

1302 1159 1340 1191 ad
1359 1159 1462 1203 ipsum
1476 1158 1559 1191 enim
1574 1159 1676 1191 solum
1689 1157 1859 1202 pertinebit
1870 1157 2045 1201 Congrega-

1303 1213 1432 1253 tionem,
1446 1212 1470 1245 si
1481 1223 1561 1256 opus
1574 1211 1678 1252 suerit,
1688 1222 1874 1252 convocare,
1887 1211 2047 1244 tractanda

1286 1276 1492 1310 :proponet-e,
1518 1265 1577 1298 rite
1599 1265 1768 1299 constituta
1784 1263 1978 1309 perficienda
1997 1274 2047 1297 cu—

1304 1329 1396 1360 rare,
1421 1319 1548 1362 exigere
1573 1329 1698 1363 quoque
1723 1318 1878 1351 rationem
1902 1322 2046 1351 actorum

1305 1373 1352 1406 vel
1370 1373 1566 1415 agendorum
1583 1384 1600 1405 a
1621 1372 1753 1415 singulis
1781 1377 1965 1405 nostrorum
1982 1372 2048 1417 qui—

1305 1427 1364 1460 bus
1389 1432 1435 1459 est
1459 1426 1587 1471 aliquod
1613 1436 1727 1459 munus
1752 1426 1801 1458 vet
1815 1436 1895 1459 onus
1919 1436 2049 1470 quomo-

1305 1481 1423 1514 dolibet
1462 1480 1578 1524 ubique
1617 1481 1760 1513 locorum
1793 1479 1994 1521 mandatum,
2019 1485 2049 1513 et

1306 1535 1412 1568 ridere
1430 1539 1463 1567 ut
1483 1534 1607 1577 singula
1628 1539 1714 1567 recte.
1739 1533 1956 1578 expediantur.
1974 1533 2050 1567 Con-

1307 1589 1429 1621 roeabit.
1455 1588 1493 1621 ad
1518 1588 1577 1621 lioe
1606 1587 1887 1631 congregationem
1914 1592 2050 1631 quatuor

1306 1642 1528 1686 deputatorum
1545 1642 1655 1675 saltem
1680 1641 1818 1685 qualibet
1841 1640 2050 1682 hebdomada,

1307 1696 1373 1729 sine
1397 1706 1533 1739 quorum
1559 1705 1715 1728 consensu
1739 1694 1817 1727 nibil
1841 1693 1944 1737 agat¹‚
1965 1694 2050 1739 quod

1307 1755 1423 1795 spectet
1461 1750 1498 1783 ad
1536 1749 1746 1782 universatem
1786 1748 2050 1791 gubernationem

1308 1805 1421 1838 domus
1445 1809 1472 1837 et
1499 1803 1660 1847 eligendos
1685 1808 1738 1836 aut
1768 1802 1960 1836 amovendos
1987 1802 2052 1837 offi-

1308 1859 1411 1892 ciales.
1426 1860 1448 1892 A
1463 1858 1642 1902 praeposito
1664 1857 1748 1890 enim
1763 1863 1788 1890 et
1805 1861 1942 1901 quatuor
1959 1856 2053 1901 depu-

1309 1913 1379 1946 tatis
1396 1913 1492 1946 ceteri
1513 1911 1663 1946 officiales
1676 1916 1706 1943 et
1726 1910 1862 1943 ministri
1880 1910 2051 1944 triennium

1309 1966 1451 1999 duraturi
1467 1966 1634 2009 eligentur,
1651 1969 1781 2009 excepto
1799 1964 2000 2005 confessario,
2014 1964 2052 1998 ad

1309 2030 1404 2064 quem
1434 2019 1613 2062 eligendum
1650 2019 1758 2062 plures
1793 2029 1830 2051 ex
1863 2017 2053 2051 electoribus

1310 2073 1478 2106 convenire.
1506 2073 1620 2105 debent,
1653 2072 1685 2105 in
1713 2071 1780 2116 ipsa
1802 2070 2053 2114 Congregatione.

1310 2127 1453 2172 proxime
1487 2131 1557 2170 post
1592 2125 1808 2170 praepositum
1834 2130 1864 2158 et
1888 2124 2053 2169 deputatos

1311 2182 1447 2221 eleetos,
1473 2181 1588 2213 borum
1620 2180 1703 2213 enim
1735 2179 1840 2212 nullus
1870 2179 1897 2212 ei
1929 2178 2051 2212 muneri

1311 2234 1542 2279 praeficiendus
1559 2238 1615 2267 est.

1355 2288 1541 2322 Domesticis
1554 2293 1659 2320 autent
1673 2286 1785 2320 osliciis
1798 2285 1956 2330 praefecti,
1973 2295 2053 2330 quos

1312 2343 1461 2376 officiales
1494 2342 1649 2381 dicimus,
1678 2341 1742 2374 suis
1770 2339 1950 2374 nominibus
1978 2340 2053 2374 satis

1313 2397 1377 2430 noti
1402 2402 1484 2437 sunt,
1508 2396 1561 2440 qui
1586 2400 1776 2439 sequuntur:

1357 2449 1510 2483 Sacerdos
1533 2460 1550 2481 a
1575 2447 1822 2482 confessionibus
1830 2458 1837 2487 ;

1357 2503 1524 2537 Corrector
1555 2512 1591 2534 ex
1621 2499 1815 2541 senioribus,
1845 2501 1898 2545 qui
1931 2506 2052 2535 secreto

1314 2556 1463 2600 corripiat
1489 2559 1647 2593 errantes;

1352 2674 1362 2700 1
1386 2672 1515 2708 Reliquae
1530 2670 1594 2700 edit.
1612 2669 1711 2699 liabent
1731 2673 1794 2706 aye!
1809 2673 1845 2706 (n.
1863 2671 1911 2705 τ.).

2282 1097 2293 1167 l

2283 1174 2293 1220 ἐ

2285 1231 2293 1254 t

2284 1258 2293 1295 1

2285 1303 2293 1325 ⁴,

2287 1331 2293 1361 l
