2293 3231
156 2157 307 2184 Superioribus

125 2183 208 2206 tavei-os
234 2185 306 2206 huius-

123 2211 181 2232 modi
197 2211 307 2232 attenden-

125 2237 182 2267 gibus
216 2243 307 2264 poenam

90 2273 92 2276 v
124 2263 280 2286 inobedientiae

85 2295 87 2298 ’
124 2291 146 2310 ot
167 2291 308 2312 excommuni-

124 2316 214 2338 cationis
251 2317 307 2339 tatae

123 2343 243 2372 sententiae
277 2344 307 2365 in-

123 2369 203 2395 iunxit,
226 2371 248 2391 ut

955 299 1073 324 murus
1098 300 1117 323 V
1142 299 1189 323 PP.

312 357 364 380 eos
381 356 490 380 omnes
515 351 544 379 et
562 346 703 389 singulos
720 347 891 380 monachos
908 348 980 380 dieti
998 350 1050 380 Or-

311 400 392 432 dinis
416 405 446 432 et
465 400 733 442 Congregationisv
750 400 975 444 ruiusruinspw
993 406 1051 432 sta-

312 457 373 492 tus,
390 452 517 495 gradus,
530 446 667 492 ordinis,
685 453 883 493 conditionis,
901 453 1051 496 praeemi-

311 506 444 546 nentiae,
462 506 620 549 qualitatis
641 512 670 538 et
695 506 855 549 dignitatis
874 507 1050 542 existentes,

311 559 364 602 qui
390 570 426 591 ex
452 565 525 592 tune
549 560 587 592 de
612 565 738 597 cetero,
767 560 804 592 ad
835 560 1049 603 praelaturas,

312 613 438 655 gradus,
456 613 602 650 honores,
620 613 797 655 dignitates,
811 613 1052 645 administratio-

313 675 377 705 nes,
396 665 581 705 functiones,
598 671 627 698 et
644 667 703 698 alia
719 667 820 699 officia
837 666 911 699 dieti
927 666 1052 699 Ordinis

313 723 343 750 et
365 718 624 761 Congregationis
652 719 845 764 assequenda
871 719 989 757 intenti,
1015 718 1052 751 ad

314 771 492 815 principum
507 777 535 804 et
549 773 774 816 praelatorum,
784 783 819 805 ae.
833 773 965 805 aliarum
979 783 1054 815 qua-

314 834 525 868 rumcumque
548 835 756 868 personarum
774 830 834 857 tam
853 825 1052 863 secularium,

268 888 270 890 ·
314 887 409 920 quam
434 878 728 915 ecclesiasticarum,
745 878 783 910 de
807 878 929 920 gremio
953 877 1053 910 dietae

314 930 573 973 Congregationis
608 941 670 964 non
706 932 931 971 existentium,
960 932 1052 963 etiam

316 983 526 1016 cardinalatus
550 984 681 1023 honore,
699 988 727 1016 et
745 994 944 1027 quacumque
970 995 1055 1016 seeu-

316 1035 374 1068 lari
398 1035 549 1078 dignitate
566 1042 595 1069 et
612 1036 817 1076 excellentia,
842 1037 933 1069 etiam
960 1037 1055 1079 impe-

315 1088 395 1129 riali,
413 1089 513 1131 regali
538 1094 568 1122 et
591 1089 694 1122 ducali
710 1090 919 1133 fungentium,
934 1091 1055 1123 favores

315 1142 545 1183 recurrissent,
570 1143 617 1175 vel
642 1143 735 1175 etiam
760 1143 877 1186 pactis,
902 1143 1055 1186 pollicita-

317 1195 474 1236 tionibus,
498 1196 631 1241 aliisque
659 1197 716 1229 viis
731 1223 738 1237 ‚
763 1197 880 1229 directe
905 1198 951 1229 vel
977 1196 1056 1228 indi-

315 1253 410 1289 recte,
434 1249 536 1292 palam
560 1250 608 1282 vel
633 1251 764 1287 occulte,
789 1250 827 1282 ad
852 1251 1055 1293 praelaturas,

316 1302 443 1344 gradus,
468 1303 622 1343 honores,
647 1303 835 1345 dignitates,
861 1303 1057 1335 administra-

317 1355 428 1395 tiones,
444 1356 618 1389 functiones
635 1361 664 1389 et
688 1357 746 1389 alia
771 1357 872 1389 officia
896 1357 1055 1400 praedicta

317 1409 484 1441 obtinenda
498 1409 700 1453 aspirassent‚
713 1410 760 1442 vel
778 1410 846 1442 aliis
864 1411 967 1442 minus
985 1410 1057 1452 legi-

317 1461 400 1494 timis
424 1466 454 1494 et
478 1462 618 1495 honestis
647 1463 822 1496 rationibus
852 1474 887 1496 ea
912 1463 1055 1496 obtinere

317 1514 538 1558 quaesiissent,
563 1521 615 1548 aut
640 1516 732 1549 etiam
757 1522 867 1560 sponte
891 1516 1003 1549 oblatis
1027 1521 1054 1549 et

318 1568 449 1601 minime
465 1569 650 1612 conquisitis
674 1570 722 1601 usi
746 1570 893 1609 fuissent,
918 1570 1058 1603 illorum-

318 1630 379 1664 que
404 1621 573 1664 complices
597 1626 627 1654 et
652 1622 806 1659 fautores,
832 1623 870 1655 ad
894 1633 1058 1666 quascum-

318 1683 381 1717 que
403 1674 610 1717 praelaturas,
627 1674 793 1718 dignitates
814 1681 843 1708 et
860 1676 972 1715 officia,
989 1686 1059 1719 gra-

318 1726 386 1767 dus,
400 1727 548 1768 honores,
565 1727 862 1765 administrationes,
880 1734 910 1761 et
927 1739 1058 1761 munera

318 1779 351 1812 in
374 1779 441 1823 ipsa
458 1780 706 1824 Congregatione
724 1782 892 1815 obtinenda
905 1787 1057 1826 perpetuo

319 1832 473 1866 inhabiles
486 1833 724 1873 declaravimus,
739 1840 769 1867 et
785 1835 920 1869 obtentis
934 1846 992 1879 per
1005 1846 1058 1869 eos

318 1886 516 1930 praelattu¹is,
532 1887 691 1930 gradibus,
715 1888 900 1929 honoribus,
924 1889 1059 1932 dignita-

319 1941 413 1981 tibus,
429 1941 768 1983 administrationibus,
788 1944 1011 1984 functionibus,
1029 1950 1057 1977 et

293 2036 296 2039 ἢ
319 1994 431 2028 officiis
454 1995 636 2029 huiusmodi
660 2006 698 2030 eo
718 1996 785 2040 ipso
805 1997 1006 2040 privavimus,
1023 2008 1057 2031 ac

321 2047 460 2091 privatos
474 2074 481 2087 ‚
505 2058 582 2081 voce
599 2053 661 2081 tam
694 2050 794 2083 activa
818 2060 913 2093 quam
935 2050 1058 2094 passiva

321 2110 429 2133 carere
453 2100 651 2134 decrevimus
674 2106 703 2134 et
727 2102 970 2143 deelaravimus,

366 2154 382 2196 g
405 2153 435 2186 2.
460 2154 561 2198 Atque
578 2154 609 2186 in
628 2154 744 2188 virtute
767 2160 891 2188 sanctae
915 2155 1060 2188 ohedien-

322 2205 403 2246 tiae,
428 2216 463 2239 ac
493 2206 551 2239 sub
584 2206 747 2240 censuris¹
780 2208 858 2240 latae
888 2209 1059 2241 sententiae

301 2261 432 2303 vpoena,
459 2259 604 2292 omnibus
628 2259 702 2292 dicti
726 2260 850 2294 Ordinis
874 2266 903 2293 et
927 2261 1061 2304 Congre-

322 2312 456 2355 gationis
470 2312 686 2356 superioribus
700 2317 729 2346 et
740 2313 898 2357 praelatis,
909 2324 1061 2356 quocum-

321 2376 384 2409 que
406 2366 497 2400 titulo
521 2366 727 2410 nuncupatis,
751 2366 845 2399 etiam
869 2367 1060 2410 praesidenti

323 2423 353 2452 et
375 2419 519 2463 patribus
543 2419 771 2459 definitoribus,
793 2425 866 2452 tunc
891 2420 1062 2462 praesenti·

321 2471 381 2505 bus
405 2477 435 2505 et
458 2472 572 2505 futuris
603 2472 831 2517 praecepimus,
857 2472 1060 2515 districteque

322 2525 550 2567 mandavimus,
575 2536 614 2559 ne
637 2526 818 2570 quempiam
839 2526 904 2559 ullo
919 2531 1063 2569 tempore

323 2578 484 2622 precibus,
511 2578 635 2619 litteris,
663 2589 719 2612 nec
744 2579 903 2612 favoribus
927 2579 1062 2619 adducti,

324 2631 373 2664 vel
397 2631 472 2664 alias
488 2631 527 2664 ad
543 2632 732 2672 instantiam,
747 2642 803 2665 seu
815 2632 1063 2676 requisitionem,

364 2693 372 2720 l
398 2692 552 2729 tegendum
572 2694 640 2722 foret
656 2694 959 2722 excommunicationis
974 2695 1063 2729 (arn).

1730 287 1791 320 *203

1084 349 1128 379 vel
1149 347 1444 390 contemplationem
1465 346 1656 389 principum,
1675 346 1720 377 vel
1740 356 1825 388 prae-

1085 402 1230 439 latorum,
1245 406 1294 432 aut
1309 400 1442 432 aliorum
1460 410 1744 444 quortuueiunque,
1762 405 1824 431 tam

1085 454 1273 485 secularium
1302 464 1395 496 quam
1421 452 1717 491 ecclesiasticorum,
1738 457 1825 485 extra

1084 506 1201 538 dietum
1227 506 1383 547 gremium
1409 506 1619 545 existentium,
1644 506 1737 538 etiam
1763 515 1826 538 car-

1085 559 1246 597 dinalium,
1264 559 1473 602 imperatoris,
1491 570 1614 600 regum,
1636 559 1762 598 dueum,
1788 558 1826 590 ad

1086 612 1223 645 cuiusvis
1247 612 1372 654 «generis
1396 613 1601 655 praelaturas,
1624 613 1751 655 graduS,
1769 612 1826 645 ho-

1086 675 1189 701 nores,
1214 665 1403 707 dignitates,
1428 665 1735 705 administrationes,
1759 666 1828 697 sun-

1087 718 1205 750 ctiones
1229 723 1259 750 et
1283 718 1384 750 otliria
1410 718 1586 761 praedictae
1607 718 1828 760 {longi-‹gatio-

1086 771 1135 802 nis
1159 770 1368 813 promovere.¹
1388 772 1433 803 vel
1452 781 1568 813 poenas
1584 771 1704 813 aliquas
1721 770 1826 803 remit-

1088 829 1153 856 tere
1170 824 1318 856 auderent
1346 824 1393 856 vel
1418 829 1665 866 praesumerent,
1686 829 1713 855 et
1740 824 1826 864 alias,

1088 883 1179 920 prout
1206 877 1237 909 in
1260 877 1376 909 nostris
1401 877 1536 920 desuper
1562 877 1591 908 in
1615 877 1708 909 simili
1726 877 1827 909 formai

1089 931 1194 963 Brevis
1219 931 1276 963 sub
1301 931 1351 963 die.
1375 941 1463 963 xxvii
1483 931 1547 963 iulii
1573 941 1655 963 hinov
1677 931 1828 974 expeditis

1089 983 1211 1021 litteris,
1226 994 1360 1026 quarum
1380 990 1520 1016 tenorem
1535 984 1752 1027 praesentibus
1769 995 1827 1027 pro

1089 1038 1260 1079 expresso'2
1285 1037 1393 1069 haberi
1420 1038 1573 1075 volumus,
1590 1038 1712 1080 plenius
1734 1038 1829 1070 eonti-

1088 1095 1181 1122 netur
1193 1090 1213 1122 ³.

1134 1142 1190 1185 ξ3.
1210 1144 1281 1182 Nos,
1299 1143 1352 1186 qui
1371 1154 1428 1186 pro
1451 1144 1590 1176 muneris
1607 1144 1704 1176 nostri
1723 1144 1828 1176 debito

1091 1195 1120 1226 in
1146 1195 1204 1228 hoc
1229 1196 1428 1238 potissimum
1458 1196 1601 1229 laborare
1623 1207 1686 1229 non
1710 1197 1830 1229 desisti-

1090 1258 1181 1287 mus,
1206 1254 1239 1281 ut,
1264 1249 1475 1282 ecelesiastica
1500 1250 1716 1292 regularisque
1742 1250 1830 1282 disei—

1090 1301 1174 1344 plina
1198 1302 1333 1345 pristino
1360 1303 1488 1335 candori
1514 1303 1707 1339 restituatur,
1724 1314 1758 1335 ae
1776 1304 1831 1335 hu-

1090 1355 1225 1388 iusmodi
1257 1356 1436 1388 ambitionis
1473 1356 1612 1393 malum,
1637 1366 1674 1388 ne
1699 1357 1831 1389 ulterius

1090 1414 1205 1452 serpat,
1237 1419 1293 1452 per
1325 1409 1652 1453 ainplius‘providere
1682 1410 1830 1446 volentes,

1091 1466 1188 1501 motu,
1206 1462 1336 1494 scientia
1353 1467 1381 1495 et
1399 1463 1560 1505 potestatis
1584 1462 1777 1506 plenitudine
1795 1463 1832 1494 si-

1090 1514 1227 1553 milibus,
1248 1515 1394 1548 omnibus
1411 1522 1440 1548 et
1462 1515 1593 1558 singulis
1611 1516 1774 1548 monachis
1790 1516 1832 1548 di-

1090 1568 1130 1599 eti
1144 1567 1270 1600 Ordinis
1287 1574 1316 1601 et
1329 1569 1589 1611 Congregationis
1605 1570 1831 1612 cuiuscumque

1091 1625 1198 1661 status,
1212 1621 1338 1663 gradus,
1348 1622 1546 1659 conditionis,
1556 1622 1831 1665 praeeminentiae,

1091 1675 1249 1717 qualitatis
1274 1681 1301 1708 et
1328 1676 1488 1718 dignitatis
1506 1676 1722 1715 existentibus,
1740 1686 1778 1708 ne
1794 1676 1832 1708 de

1091 1732 1196 1766 cetero
1220 1728 1258 1760 ad
1283 1729 1487 1771 praelaturas,
1512 1728 1644 1771 gradus,
1673 1729 1831 1767 honores,

1091 1780 1268 1823 dignitates,
1286 1777 1581 1821 administrationes,
1604 1782 1779 1815 functiones
1803 1788 1829 1815 ct

1091 1833 1152 1866 alia
1175 1834 1278 1867 officia
1295 1835 1369 1867 dicti
1387 1835 1512 1868 Ordinis
1529 1840 1557 1867 et
1573 1835 1832 1877 Congregationis

1092 1888 1296 1930 assequenda,
1314 1888 1351 1920 ad
1368 1888 1548 1932 principum
1563 1893 1590 1921 et
1607 1889 1832 1932 praelatorum,

1092 1950 1126 1972 ae
1155 1940 1288 1973 aliarum
1318 1952 1591 1985 quarumcumque
1615 1952 1832 1985 personarum,

1092 1998 1154 2025 tam
1189 1994 1378 2026 secularium
1409 2005 1503 2037 quam
1528 1995 1833 2031 ecclesiasticarum,

1092 2046 1130 2078 de
1155 2046 1276 2089 gremio
1301 2047 1401 2080 dietae
1418 2048 1677 2090 Congregationis
1693 2059 1757 2081 uon
1774 2048 1835 2080 exi-

1093 2099 1251 2139 stentium,
1275 2101 1369 2132 etiarn
1395 2100 1605 2133 cardinalatus
1631 2101 1772 2141 honore,
1805 2106 1832 2134 et

1092 2162 1291 2196 quacumque
1312 2153 1444 2186 seculari
1463 2153 1613 2196 dignitate
1627 2154 1834 2197 fungentium,

1093 2204 1216 2238 favores
1240 2211 1416 2246 recurrant,
1434 2207 1481 2239 vel
1503 2207 1597 2240 etiam
1622 2208 1730 2250 pactis,
1748 2207 1835 2250 polli-

1093 2258 1302 2299 citationibus,
1327 2259 1457 2303 aliisque
1482 2260 1549 2299 viis,
1574 2260 1691 2293 directe
1716 2260 1764 2292 vel
1793 2259 1836 2292 in-

1093 2310 1222 2352 directe,
1238 2313 1340 2355 palam
1357 2313 1405 2346 vel
1422 2314 1554 2353 occulte,
1572 2313 1611 2346 ad
1627 2313 1833 2357 praelaturas,

1094 2365 1220 2407 gradus,
1245 2366 1397 2405 honores,
1426 2367 1614 2409 dignitates,
1639 2366 1836 2399 administra-

1094 2418 1205 2458 tiones,
1223 2419 1398 2452 sunetiones
1423 2425 1453 2452 ct
1476 2420 1535 2452 alia
1556 2420 1658 2453 offieia
1673 2419 1835 2463 praedicta

1095 2470 1263 2504 obtinenda
1288 2473 1444 2515 aspirent,
1469 2473 1517 2505 vel
1541 2473 1610 2505 aliis
1635 2473 1738 2505 minus
1762 2473 1836 2516 legi-

1096 2523 1181 2556 timis
1213 2530 1242 2557 et
1267 2525 1405 2558 honestis
1435 2526 1610 2559 rationibus
1634 2537 1669 2559 ea
1693 2527 1835 2560 obtinere

1134 2604 1145 2629 1
1164 2604 1282 2632 Erronee
1293 2604 1358 2632 edit.
1374 2604 1454 2632 Μαίη.
1476 2606 1539 2642 legit
1551 2609 1717 2641 promoveri
1731 2609 1770 2643 (n.
1786 2609 1833 2643 iu).

1839 298 1886 324 An.
1904 297 1932 324 C.
1954 298 2020 324 1613

1914 1153 2029 1174 Ambienti-

1844 1179 1883 1199 bus
1901 1180 2030 1205 supradietis

1844 1205 1939 1226 eamdem
1980 1212 2031 1231 poa-

1845 1238 1892 1253 nam
1908 1238 2028 1253 excommu-

1844 1258 2029 1280 nicationisaddit.

1133 2648 1149 2674 Ξ
1163 2649 1282 2676 Erronee
1302 2649 1366 2678 edit.
1379 2650 1462 2677 Maiu.
1484 2651 1545 2685 legit
1564 2653 1705 2686 expressis
1719 2655 1757 2687 (R.
1773 2653 1821 2687 τ.).
1864 2676 1868 2678 .

1134 2693 1150 2720 3
1165 2694 1234 2725 Quas
1249 2702 1301 2722 non
1316 2699 1379 2730 puto
1395 2703 1455 2723 esse
1470 2696 1495 2722 in
1509 2696 1642 2724 Bullario
1657 2699 1697 2732 (R.
1713 2696 1762 2731 T.).
