2293 3231
90 277 139 305 An.
155 275 183 304 C.
202 274 271 303 1622

117 337 227 360 clausulae
235 337 272 358 de-

90 364 218 392 rogatorlae.

158 1348 270 1369 Clausulae

87 1375 195 1402 poenales.

890 272 1065 298 GREGORIUS
1090 273 1133 297 XV
1156 273 1203 297 PP.

330 322 345 366 ἓ
370 322 398 356 7.
423 322 492 356 Non
509 320 704 355 obstantibus
724 320 886 365 quibusvis
910 322 1026 355 consti-

287 375 458 409 tutionibus
486 380 516 408 et
548 375 798 409 ordinationibus
830 374 1025 419 apostolicis,

285 429 458 474 privilegiis
475 440 611 473 quoque,
630 428 757 462 indultis
773 433 804 461 et
818 428 931 462 litteris
948 438 1025 472 apo-

285 483 413 523 stolicis,
434 482 596 526 quibusvis
613 481 792 523 Ordinibus,
810 481 1027 524 congregatio-

284 536 386 576 nibus,
411 535 612 568 societatibus
635 540 665 568 et
690 534 856 574 institutis,
878 534 936 567 sub
962 534 1027 577 qui-

284 590 481 633 buscumque
505 589 666 622 tenoribus
690 593 720 623 ct
745 588 862 630 formis,
889 598 925 621 ac
950 598 1020 620 cum

285 643 457 686 quibusvis,
483 642 575 676 etiam
601 642 873 686 derogatoriarum
898 641 1027 684 deroga-

285 697 392 738 toriis,
420 697 549 741 aliisque
582 696 811 730 efficacioribus
835 700 865 728 et
891 695 1025 728 insolitis

287 750 435 784 clausulis
458 761 494 783 ac
517 750 723 791 irritantibus,
745 755 774 782 et
798 749 866 782 aliis
891 748 1025 781 decretis

286 804 318 836 in
341 815 457 847 genere
480 804 531 836 vel
556 804 587 836 in
612 804 724 847 specie,
750 813 785 835 ac
809 802 885 835 alias
904 802 936 835 in
956 812 1026 835 con-

286 857 417 890 trarium
432 857 680 901 praemissorum
697 855 937 900 quomodolibet
956 865 1026 887 con-

286 912 398 953 cessis,
430 911 624 945 confirmatis
654 916 684 944 et
716 909 878 943 innovatis.
907 909 1025 948 Quibus

285 964 432 997 omnibus
456 970 485 997 et
509 964 656 1007 singulis,
682 974 790 997 eorum
816 962 957 996 omnium
982 967 1026 994 te-

284 1028 378 1051 nores
407 1017 624 1061 praesentibus
644 1020 652 1036 ¹
676 1027 734 1060 pro
762 1017 853 1060 plene
878 1020 908 1048 et
942 1015 1026 1048 suffi-

286 1071 404 1104 cienter
433 1070 589 1115 expressis
614 1075 644 1103 et
668 1069 707 1102 ad
735 1070 868 1102 verbum
898 1068 1024 1101 insertis

284 1124 444 1164 habentes,
458 1124 520 1156 illis
533 1123 607 1156 alias
627 1123 658 1155 in
676 1134 732 1156 suo
749 1123 864 1156 robore
881 1132 1025 1166 perman-

285 1177 376 1217 suris,
393 1177 452 1210 hac
467 1177 534 1210 vice
551 1176 711 1209 dumtaxat
731 1175 907 1219 specialiter
924 1179 954 1207 et
971 1185 1023 1207 ex-

284 1241 391 1275 presse
421 1230 630 1273 derogamus,
651 1229 824 1273 ceterisque
858 1228 1023 1262 contrariis

284 1284 545 1328 quibuscumque.

330 1339 344 1382 §
369 1337 397 1371 8.
414 1338 496 1371 Nulli
516 1348 592 1381 ergo
610 1337 738 1371 omnino
751 1336 916 1370 hominum
932 1336 1025 1368 liceat

285 1391 365 1424 hanc
387 1391 533 1435 paginam
557 1396 739 1424 nostrorum
772 1388 1002 1423 commissionis
1016 1416 1023 1430 ‚

286 1444 552 1484 demandationis,
577 1444 789 1483 voluntatum,
814 1443 1023 1483 decretorum,

286 1497 508 1538 concessionis,
529 1497 752 1541 impartitiouis
765 1500 795 1530 et
810 1496 1024 1539 derogationis

285 1551 467 1595 infringere,
481 1551 530 1584 vel
543 1551 571 1583 ei
585 1561 661 1583 ausu
673 1549 840 1583 temerario
855 1549 1022 1582 contraire.

283 1605 314 1638 Si
330 1605 399 1649 quis
423 1611 527 1638 autem
544 1605 605 1638 hoc
625 1610 777 1637 attentare
801 1613 1023 1647 praesumpse-

283 1659 340 1700 rit,
364 1659 612 1702 indignationem
641 1658 865 1702 omnipotentis
890 1657 961 1697 Dei,
987 1667 1022 1689 ac

283 1712 448 1746 beatorum
465 1712 548 1745 Petri
565 1717 593 1745 et
612 1712 697 1744 Pauli
715 1711 929 1755 apostolorum
945 1710 1021 1751 eius,

284 1777 316 1800 se
339 1767 462 1800 noverit
485 1767 697 1799 incursurum.

326 1820 437 1853 Datum
462 1821 590 1860 Romae,
615 1820 698 1864 apud
728 1823 867 1853 sanctam
892 1818 1021 1852 Mariam

283 1873 450 1916 Maiorem,
481 1884 562 1907 anno
586 1872 812 1906 Incarnationis
841 1871 1021 1905 Dominicae

285 1935 426 1966 Mocxxin
439 1926 561 1959 decimo
574 1926 723 1959 kalendas
734 1925 812 1966 iulii,
822 1924 1022 1969 pontificatus

284 1978 384 2012 nostri
407 1989 489 2012 anno
514 1990 545 2012 11.

320 2040 377 2068 Dat.
394 2041 436 2068 die
450 2041 485 2068 22
500 2041 565 2069 iunii
579 2042 656 2074 1622,
672 2042 765 2077 pontif.
783 2050 827 2069 an.
845 2049 873 2069 11.

329 2120 361 2153 V.
386 2120 461 2154 DAT.

590 2174 778 2208 Fssmcmvus
803 2175 935 2208 Pilutus.

728 2227 757 2260 S,
783 2227 821 2260 de
846 2228 975 2261 Ursinis.

319 2289 444 2323 Reyistr.
459 2289 492 2316 in
507 2289 583 2316 Secr.
599 2289 682 2316 Brev.

283 2512 434 2546 Annulos
457 2511 703 2552 cardinalitios,
733 2514 798 2545 sive
823 2511 969 2555 prelium
1001 2522 1021 2544 α

328 2566 552 2599 cardinalibus
578 2576 686 2599 recens
715 2565 873 2610 promotis
901 2565 1021 2598 annuli

322 2639 332 2664 l
350 2636 416 2665 Male
426 2637 491 2665 edit.
503 2637 582 2666 Main.
594 2637 659 2674 legit
669 2637 814 2666 tenoribus
821 2636 1021 2672 praesentium

283 2683 325 2718 (n.
339 2685 386 2716 ¹12).

1703 262 1766 296 693

1104 322 1202 354 causei
1217 319 1357 365 persolvi
1369 319 1512 359 solitum,
1525 324 1653 353 sanctae
1665 320 1800 363 Conqre-

1102 373 1268 418 qatiom'de
1288 373 1507 418 Ρνοῃαραηιίιὶ
1526 373 1609 406 Fide
1624 372 1774 406 adenem.

1255 454 1409 489 Gregorius
1431 454 1593 488 Episcopus

1233 509 1341 536 Servus
1363 507 1519 535 Servorum
1540 508 1608 540 Dei,

1177 562 1213 589 ad
1234 566 1409 596 perpetuam
1428 562 1472 589 rei
1492 561 1673 589 memoriam.

1104 641 1279 673 Romanum
1312 640 1400 673 decet
1427 640 1607 672 Pontificem
1634 640 1799 683 pastoralis

1060 693 1153 727 officii
1178 694 1282 728 debito
1307 694 1345 726 ad
1370 704 1415 733 ea,
1441 704 1497 737 per
1521 704 1600 737 quac
1625 703 1799 736 cougrega-

1060 748 1180 780 tionum
1205 747 1429 792 quarumlibet,
1454 747 1638 791 praesertim
1664 747 1701 779 ad
1727 746 1798 779 [idei

1061 801 1232 834 catholicae
1246 801 1503 845 propagationem
1517 800 1738 840 institutarum,
1751 810 1800 832 ne-

1060 854 1259 887 cessitatibus
1284 859 1313 887 et
1338 854 1516 897 indigentiis
1545 854 1738 893 occurritur,
1763 853 1799 885 li-

1059 908 1170 940 benter
1195 907 1368 947 intendere,
1386 918 1419 939 ac
1438 907 1468 939 in
1486 907 1523 939 iis
1540 907 1679 939 eiusdem
1705 906 1797 939 officii

1059 961 1107 993 sui
1126 966 1231 1005 partes
1248 961 1460 993 favorabiliter
1478 960 1687 1003 interponere,
1705 964 1798 1003 prout

1059 1014 1214 1058 conspicit
1238 1014 1269 1046 in
1293 1014 1425 1047 Domino
1450 1013 1617 1045 salubriter
1641 1014 1796 1057 expedire.

1103 1069 1117 1112 ξ
1142 1069 1170 1101 ἴ1.
1196 1068 1279 1101 Alias
1304 1068 1458 1112 siquidem
1483 1078 1557 1107 nos,
1583 1067 1676 1100 certis
1701 1068 1797 1101 ratio-

1058 1122 1215 1154 nabilibus
1239 1122 1277 1154 de
1303 1122 1414 1161 causis,
1435 1122 1656 1160 emolumenta,
1677 1121 1796 1154 ratione

1058 1176 1246 1208 annulorum
1272 1175 1540 1208 cardinalitiorum
1566 1185 1622 1218 per
1647 1175 1797 1207 haeredes

1058 1228 1086 1260 S.
1104 1228 1137 1260 R.
1153 1228 1185 1260 E.
1206 1228 1411 1260 cardinalium
1438 1228 1497 1261 vita
1522 1229 1700 1261 functorum
1719 1229 1796 1261 solv1

1058 1281 1158 1321 solita,
1170 1281 1317 1313 basilicae
1331 1281 1427 1313 sancti
1442 1281 1564 1314 loannis
1582 1281 1798 1314 Lateranensis

1057 1336 1095 1368 de
1120 1336 1223 1375 Urbe,
1249 1335 1287 1367 ad
1312 1340 1432 1368 certum
1463 1340 1535 1367 tunc
1561 1346 1744 1378 expressum
1770 1340 1798 1369 et,

1057 1389 1195 1423 nondum
1221 1389 1362 1433 elapsum
1388 1395 1526 1433 tempus,
1552 1389 1722 1433 apostolica
1747 1400 1799 1421 au-

1058 1443 1199 1476 ctoritate
1223 1443 1437 1476 concessimus
1466 1447 1495 1476 et
1518 1443 1641 1485 elargiti
1668 1453 1797 1483 sumus,

1057 1502 1150 1539 prout
1171 1496 1202 1528 in
1226 1496 1338 1528 litteris
1369 1496 1568 1540 apostolicis,
1594 1496 1652 1529 sub
1683 1497 1797 1529 annulo

1058 1550 1223 1583 Piscatoris
1248 1550 1383 1593 desuper
1407 1550 1566 1589 confectis,
1587 1551 1710 1593 plenius
1727 1562 1797 1585 con—

1056 1604 1181 1636 tinetur.

1101 1658 1115 1701 g
1139 1657 1168 1690 Ξ.
1193 1658 1280 1690 Nunc
1305 1667 1380 1690 vero
1405 1657 1597 1691 attendentes
1623 1667 1795 1700 congrega-

1056 1711 1172 1744 tionem
1198 1711 1423 1743 venerabilium
1453 1711 1587 1743 fratrum
1613 1716 1794 1744 nostrorum

1056 1764 1196 1797 eiusdem
1214 1763 1241 1797 S.
1261 1764 1295 1797 R.
1313 1764 1345 1796 E.
1362 1763 1578 1804 cardinalium,
1596 1775 1654 1807 per
1671 1775 1727 1797 nos
1743 1775 1796 1798 nu-

1055 1828 1113 1861 per
1126 1828 1185 1862 pro
1198 1816 1271 1849 fidei
1285 1817 1457 1850 catholicae
1472 1818 1697 1861 propagatione
1712 1818 1796 1851 insti-

1055 1876 1163 1911 tutam,
1182 1870 1408 1904 sufficientibus
1426 1871 1599 1903 redditibus
1616 1877 1643 1904 et
1665 1883 1795 1915 proven-

1054 1924 1137 1957 tibus
1161 1925 1199 1957 ad
1223 1935 1303 1968 opus
1328 1930 1390 1957 tam
1416 1925 1502 1968 pium
1529 1926 1794 1959 manutenendum

1055 1982 1085 2010 et
1100 1977 1338 2021 propagandum
1356 1978 1484 2011 minime
1499 1978 1635 2011 dotatam
1652 1979 1794 2022 reperiri:

1055 2041 1089 2063 ac
1111 2031 1165 2071 illi,
1192 2034 1225 2064 ut
1251 2041 1347 2064 onera
1371 2031 1551 2065 huiusmodi
1580 2032 1700 2065 facilius
1724 2043 1796 2076 per—

1055 2085 1136 2117 ferre
1153 2085 1261 2125 valeat,
1276 2084 1313 2117 de
1330 2085 1462 2118 alicuius
1480 2085 1695 2118 subventionis
1711 2086 1796 2118 auxi-

1054 2138 1096 2171 lio
1109 2138 1275 2182 providere
1288 2139 1435 2178 volentes·⁷
1449 2149 1506 2171 nec
1524 2149 1587 2171 non
1603 2140 1795 2172 emolumen-

1054 2197 1158 2225 torum
1190 2191 1369 2225 huiusmodi
1401 2193 1588 2235 quantitates
1612 2203 1648 2225 ac
1673 2193 1793 2225 valores

1054 2245 1146 2277 etiam
1157 2245 1587 2289 annuos,scripturarumque
1599 2256 1695 2289 super
1708 2256 1795 2289 prae-

1054 2298 1158 2331 missis
1181 2298 1394 2331 confectarum
1419 2298 1558 2331 veriores
1583 2309 1617 2330 ac
1643 2304 1723 2330 totos
1750 2304 1795 2330 te-

1053 2360 1147 2383 nores
1166 2361 1203 2383 ac
1219 2350 1306 2383 datas
1326 2351 1543 2394 praesentibus
1562 2361 1619 2393 pro
1637 2351 1795 2394 expressis

1054 2403 1213 2444 habentes,
1238 2409 1324 2438 motu
1349 2404 1490 2447 proprio,
1514 2414 1577 2437 nou
1601 2404 1638 2436 ad
1664 2405 1795 2437 alicuius

1054 2458 1243 2498 instantiam,
1261 2457 1315 2490 sed
1332 2457 1369 2490 de
1388 2460 1474 2490 mera
1498 2460 1605 2491 nostra
1628 2458 1796 2490 liberalita-

1054 2516 1094 2552 te,
1115 2515 1262 2554 certaque
1287 2511 1417 2543 scientia
1437 2521 1472 2543 ac
1495 2513 1617 2543 matura
1643 2511 1795 2544 delibera-

1091 2595 1100 2618 1
1120 2592 1240 2618 Pretium
1257 2591 1412 2619 huiusmodi
1433 2596 1490 2619 erat
1515 2592 1722 2628 quingentorum
1742 2592 1793 2619 du-

1814 272 1860 298 An.
1879 271 1906 298 C.
1929 272 1998 299 1022

1841 654 1980 676 Prooemium.

1839 1080 1942 1101 necemei
1960 1087 1996 1102 an-

1813 1108 1872 1127 nulos
1900 1108 1996 1128 cardina·

1813 1133 1996 1155 bursam-*walum-

1813 1166 1924 1180 ewuressos
1940 1161 1996 1181 basi-

1813 1188 1866 1207 tit-ao
1910 1187 1997 1208 Latera·

1790 1228 1794 1233 .
1813 1214 1878 1234 benzi.

1860 1666 1996 1691 Huiusmodi,

1811 1695 1906 1718 aliasque
1934 1700 1995 1720 quas·

1811 1726 1899 1746 cumque
1910 1726 1996 1741 conces-

1811 1753 1880 1767 siones
1899 1748 1951 1767 alias
1968 1747 1996 1768 ir-

1812 1777 1888 1797 ritans,

1053 2640 1175 2664 catorum
1192 2645 1221 2664 ex
1239 2637 1329 2664 Const.
1341 2643 1386 2670 vn,
1403 2637 1461 2664 Iulii
1477 2637 1524 2672 Ill,
1537 2642 1602 2665 tom.
1614 2645 1651 2672 Vt,
1669 2646 1728 2673 pag.
1741 2637 1792 2664 417
1822 2674 1826 2676 λ

1053 2683 1091 2717 (a.
1102 2687 1128 2709 Τ.
1145 2689 1176 2708 ex
1193 2681 1332 2716 Cherub.)-
