2293 3231
279 302 329 329 An.
345 301 371 329 c.
397 299 464 329 ¹622
509 291 572 327 672

323 951 410 972 Monitio
439 950 464 971 ad

282 982 418 1000 scrutatores.

324 1862 353 1883 De
375 1868 472 1883 uumrra-

288 1890 344 1911 tinne
363 1890 472 1915 suffragio-

289 1923 340 1938 ΠΗΠ,

1062 297 1245 322 summm!
1266 297 1418 322 Romnum

1107 378 1370 413 EXEMPLUM

761 452 852 487 Folia·
872 452 1034 496 impressi,
1063 451 1098 483 in
1123 461 1186 494 quo
1210 460 1351 483 accessus
1375 454 1404 482 et
1429 450 1585 483 scrutinii
1607 449 1723 494 siqilla

910 516 947 538 ac
972 506 1069 549 siyna
1094 504 1327 538 concordantia
1350 508 1564 537 annotantur.

587 605 690 639 Sigilla
713 606 744 631 et
766 603 852 638 signa

627 647 814 667 accessuum.

592 702 644 735 43.
672 702 762 734 Deus.

591 748 642 780 32.
668 746 802 779 Bonitas.

592 792 642 824 50.
670 789 841 824 Beatitudo.

591 835 641 868 ⁶26.
668 834 783 868 Gloria.

482 704 562 737 ABG.

482 748 565 781 BRF.

483 792 557 825 RGl.

484 836 564 870 NSP.

524 933 612 974 Quod
627 933 651 966 si
666 933 796 966 fortasse
810 932 841 964 in
862 931 921 965 ista
935 930 1138 975 inquisitione
1155 942 1226 965 con-

481 989 589 1031 tingat,
607 987 684 1020 duas
701 987 749 1019 vel
767 986 875 1030 plures
895 985 1062 1018 schedulas
1083 985 1224 1018 scrutinii

481 1041 614 1086 reperiri
639 1051 710 1073 cum
736 1039 854 1072 eisdem
879 1039 989 1082 sigillis
1003 1044 1033 1072 et
1050 1039 1147 1082 signis
1169 1039 1225 1071 ali-

481 1096 570 1129 cuius
591 1094 759 1127 schedulae
775 1103 931 1133 accessus,
947 1098 1021 1125 tunc
1038 1093 1064 1125 si
1075 1092 1225 1125 inearum

481 1149 585 1192 aliqua
611 1149 730 1181 electus
754 1147 933 1179 nominatus
958 1147 1073 1187 fuerit,
1102 1146 1134 1178 in
1166 1146 1225 1178 alia

482 1213 557 1236 vero
571 1202 660 1242 alius,
674 1201 795 1245 primus
812 1206 979 1240 scrutator,
998 1200 1128 1244 reliquis
1142 1210 1229 1233 scru-

483 1257 635 1292 tatoribus
649 1255 795 1288 similiter
812 1255 1061 1298 inspicientibus,
1083 1253 1226 1287 scrutinii

483 1311 647 1345 schedulas
672 1309 875 1349 huiusmodi,
908 1314 938 1341 et
969 1307 1151 1341 schedulam
1176 1318 1227 1340 ac-

484 1375 591 1398 cessus
611 1365 642 1396 in
656 1366 692 1396 ea
705 1364 798 1396 etiam
814 1368 904 1406 parte
929 1362 959 1395 in
977 1372 1040 1406 qua
1054 1367 1100 1394 est
1112 1371 1228 1394 nomen

484 1419 628 1462 eligentis
645 1423 675 1450 et
691 1417 867 1450 accedentis
891 1416 1023 1460 aperiet,
1037 1421 1069 1448 ut
1085 1421 1228 1449 constare

483 1473 600 1518 possit,
623 1472 796 1505 secundum
821 1471 1049 1514 Gregorianam
1073 1470 1229 1504 Constitu—

483 1527 621 1566 tionem,
647 1526 685 1558 de
707 1525 862 1558 validitate
889 1525 936 1557 vel
962 1523 1154 1556 invaliditate
1178 1534 1229 1556 ac-

485 1592 600 1619 cessus;
619 1580 643 1612 si
662 1590 736 1612 vero
761 1579 791 1611 in
817 1579 922 1622 aliqua
947 1577 1128 1611 huiusmodi
1146 1577 1232 1610 sche-

485 1635 630 1667 dularum
657 1633 799 1666 scrutinii
821 1631 1081 1666 concordantium
1100 1642 1171 1664 cum
1185 1642 1232 1664 ac-

485 1699 575 1721 cessu
600 1698 660 1720 non
687 1686 725 1718 sit
752 1686 932 1718 nominatus
956 1686 1092 1726 electus,
1117 1685 1232 1718 debent

486 1753 540 1775 eae
569 1741 738 1775 schedulae
761 1741 861 1774 omitti
876 1767 883 1781 ,
907 1743 937 1774 et
960 1739 999 1773 ad
1023 1737 1231 1783 subsequens¹

486 1795 723 1841 procedendum
749 1794 816 1827 crit.

531 1850 663 1889 Quintus
684 1854 771 1881 actus
796 1846 1011 1892 postscrutinii
1045 1850 1092 1880 est
1121 1856 1233 1879 nume-

488 1904 568 1937 ratio
600 1902 825 1945 suffragiorum
841 1929 848 1942 ,
873 1902 921 1934 vel
945 1900 1087 1934 scrutinii
1115 1900 1233 1940 solius,

488 1958 535 1990 vel
560 1956 702 1990 scrutinii
728 1962 757 1989 et
786 1966 951 1995 accessus,
984 1965 1065 1998 quae
1094 1953 1148 1986 fiet
1176 1964 1235 1997 per

488 2017 680 2045 scrutatores
705 2020 848 2054 semper,
882 2009 945 2042 sive
969 2009 1009 2041 sit
1033 2008 1144 2042 electio
1169 2007 1234 2040 sive

488 2076 566 2105 non;
588 2070 618 2097 ct
640 2065 664 2097 si
682 2064 808 2108 quidem
827 2069 957 2107 sequuta
975 2073 1037 2096 non
1055 2062 1094 2095 sit
1112 2061 1233 2101 electio,

488 2125 521 2152 ut
539 2119 667 2157 sciatur,
685 2118 768 2161 quod
794 2118 825 2150 in
849 2128 886 2151 co
911 2116 1075 2157 scrutinio,
1088 2116 1136 2148 vel
1151 2126 1235 2149 scru-

490 2173 566 2206 tinio
591 2178 621 2205 et
645 2182 792 2211 accessu,
824 2181 887 2204 non
918 2171 1052 2204 habetur
1081 2170 1184 2213 Papa,
1209 2168 1233 2201 si

490 2237 565 2259 vero
589 2231 720 2269 sequuta
745 2225 798 2265 sit,
822 2230 855 2257 ut
878 2229 999 2258 constet
1023 2224 1061 2257 de
1085 2222 1234 2256 canonica

490 2279 650 2313 Pontilicis
674 2278 835 2312 electione.
862 2278 929 2311 Fiet
952 2283 1056 2310 autem
1082 2277 1159 2309 haec
1180 2286 1234 2308 nu-

490 2334 624 2367 meratio
649 2333 873 2376 suffragiorum
901 2332 959 2365 hoc
985 2331 1093 2364 modo:
1119 2335 1236 2363 scruta-

492 2393 575 2421 tores
598 2388 629 2420 in
654 2398 747 2419 unam
779 2396 934 2419 summam
953 2385 1098 2428 redigent
1122 2384 1235 2416 suffra-

492 2441 551 2483 gia,
570 2451 649 2483 quae
663 2439 796 2484 quilibet
810 2439 990 2472 nominatus
1004 2438 1035 2470 in
1052 2437 1235 2470 Pontificem

492 2495 649 2533 obtinuit,
675 2494 738 2526 sive
763 2493 793 2526 in
818 2493 970 2526 scrutinio
995 2492 1082 2533 soto,
1116 2491 1180 2524 sive
1206 2491 1236 2524 in

493 2548 645 2580 scrutinio
663 2553 693 2580 ct.
709 2558 836 2580 accessu
851 2547 955 2586 simut,
969 2551 999 2579 et
1012 2546 1037 2579 si
1050 2545 1236 2586 invenerint,

494 2602 613 2633 nullum
635 2612 671 2633 cx
692 2600 860 2634 nominatis
871 2600 908 2633 ad
923 2600 1000 2633 duas
1013 2599 1120 2632 tertias
1132 2604 1237 2643 partes

493 2654 716 2695 suffragiorum
732 2653 922 2697 pervenisse,
931 2663 993 2686 non
1006 2653 1139 2685 habetur
1152 2652 1237 2696 Papa

531 2718 542 2743 1
560 2715 704 2743 videretur
718 2716 863 2753 legendum
877 2717 1076 2752 subsequentes
1093 2716 1130 2752 (a.
1145 2715 1195 2748 τ.).

1011 602 1116 636 sigilla
1145 605 1176 629 et
1205 601 1296 636 Signa
1325 602 1467 630 scrutinii

1034 638 1209 665 accessibus
1229 639 1453 671 respondentia.

1003 699 1087 733 BRF.
1105 699 1157 733 39..
1176 700 1310 733 Bonitas.

1003 745 1078 778 RGl.
1098 745 1149 778 50.
1167 744 1338 779 Beatitudo.

1585 602 1758 642 cardinales
1786 601 1933 643 nominati

1655 645 1685 665 m
1707 642 1866 665 scrutinio.

1522 699 1611 735 Card.
1636 700 1666 734 S.
1692 700 1804 734 Euseb.

1522 744 1612 779 Card.
1637 744 1666 779 S.
1691 744 1778 778 Sixti.

1259 932 1291 965 in
1307 931 1361 965 illo
1378 931 1542 972 scrutinio,
1567 931 1631 964 sive
1655 930 1806 965 scrutinio
1823 936 1854 965 et
1865 941 2003 973 aceessu;

1259 987 1284 1020 si
1309 996 1384 1019 vero
1409 985 1586 1018 invenerint
1609 985 1746 1030 aliquem
1767 995 1805 1018 ex
1824 985 2004 1028 nominatis,

1260 1041 1337 1073 duas
1371 1044 1491 1075 tantum
1527 1045 1634 1084 partes
1665 1039 1891 1083 suffragiorum
1922 1040 2005 1074 obti-

1260 1095 1377 1133 nuisse,
1402 1093 1546 1138 aperient
1570 1093 1659 1126 electi
1685 1093 1886 1135 schedulam,
1911 1094 2005 1128 etiam

1260 1148 1292 1181 in
1317 1153 1416 1192 parte,
1441 1147 1473 1180 in
1496 1157 1558 1191 qua
1583 1152 1629 1180 est
1652 1156 1769 1180 nomen
1793 1147 1950 1190 eligentis;
1975 1152 2007 1180 et

1261 1201 1416 1245 siquidem
1434 1211 1478 1234 ‘ex
1503 1202 1540 1234 ea
1565 1200 1768 1245 apparuerit,
1793 1201 1928 1234 electum
1953 1201 2006 1235 alii

1262 1255 1469 1299 suffragatum
1494 1254 1600 1295 fuisse,
1624 1255 1736 1288 electio
1756 1255 1824 1289 eius
1841 1255 1900 1288 erit
1917 1266 2007 1290 cano-

1261 1307 1348 1347 niea;
1374 1306 1399 1339 si
1423 1317 1498 1340 vero
1523 1306 1715 1347 constiterit,
1741 1306 1799 1339 sihi
1819 1306 2007 1350 suffragium

1263 1361 1395 1401 dedisse,
1421 1361 1489 1394 eius
1513 1360 1625 1393 electio
1651 1370 1688 1392 ex
1713 1359 1918 1404 dispositione
1933 1361 2008 1394 Gre-

1263 1415 1413 1458 gorianae
1436 1414 1674 1448 Constitutionis
1697 1413 1783 1446 nulla
1807 1413 1877 1454 erit,
1898 1414 1939 1448 ob
1958 1414 2009 1448 de-

1263 1469 1379 1501 sectum
1403 1467 1496 1500 unius
1520 1467 1671 1510 suffragii.
1697 1467 1728 1501 Si
1748 1467 1884 1512 denique
1899 1468 2009 1512 plures

2014 298 2063 324 An.
2076 296 2105 324 G.
2128 296 2196 326 1622
2254 328 2258 336 1

1264 1521 1439 1554 invenerint
1468 1521 1547 1554 duas
1581 1521 1689 1554 tertias
1712 1526 1817 1565 partes
1841 1520 2009 1564 suffragio·
2047 1524 2053 1527 '

1264 1585 1335 1608 rum
1361 1574 1546 1615 obtinuisse,
1570 1575 1619 1608 vel
1643 1575 1737 1608 etiarn
1757 1575 1841 1608 ultra
1860 1574 1938 1608 duas
1950 1580 2011 1609 ter-

1265 1630 1334 1670 tias,
1351 1634 1435 1669 tunc,
1457 1629 1489 1662 in
1508 1628 1735 1673 suffragiorum
1745 1629 1888 1674 paritate,
1904 1629 2010 1663 nullus

1265 1684 1325 1717 erit
1349 1684 1486 1724 electus3
1512 1683 1544 1716 in
1568 1683 1746 1728 imparitate
1771 1693 1862 1724 vero,
1887 1683 1940 1717 ille
1963 1688 2012 1718 est

1266 1737 1436 1771 canonicus
1460 1737 1554 1781 Papa,
1571 1737 1625 1781 qui
1641 1741 1770 1781 superat
1788 1737 1896 1779 alium,
1916 1737 2010 1771 etiam

1267 1791 1297 1824 in
1323 1801 1386 1825 uno
1410 1790 1571 1834 suffragio.

1311 1845 1423 1879 Sextus
1446 1850 1533 1878 actus
1557 1844 1772 1888 postserutinii
1796 1850 1844 1878 est
1869 1844 2012 1888 recogni-

1267 1899 1327 1939 tio,
1352 1909 1432 1942 quae
1455 1908 1512 1942 per
1536 1897 1764 1942 recognitores,
1787 1897 1853 1931 sive
1877 1903 2012 1943 sequuta

1268 1953 1306 1986 sit
1330 1952 1441 1986 electio
1460 1952 1526 1985 sive
1542 1961 1616 1993 non,
1634 1951 1703 1992 siet,
1728 1951 1924 1996 inspiciendo
1948 1955 2012 1986 tam

1268 2007 1433 2040 schedulas
1457 2005 1600 2040 scrutinii
1619 2011 1649 2039 et
1665 2015 1821 2046 accessus,
1838 2015 1934 2049 quam
1948 2005 2012 2038 suf-

1268 2061 1442 2104 fragiorum
1461 2060 1676 2093 adnotationes
1696 2060 1792 2093 factas
1815 2070 1873 2103 per
1897 2064 2014 2093 scruta-

1268 2121 1374 2155 tores,
1404 2118 1438 2148 ut
1467 2124 1525 2158 per
1553 2112 1734 2147 huiusmodi
1763 2113 2014 2157 recognitionem

1269 2172 1414 2203 constare
1437 2167 1546 2212 possit,
1571 2177 1610 2200 an
1630 2170 1822 2201 scrutatores
1843 2166 1965 2200 sincere
1982 2170 2013 2202 et

1269 2222 1403 2255 fideliter
1432 2221 1556 2254 muneri
1586 2231 1644 2254 suo
1675 2220 1899 2254 satisfecerint:
1923 2230 2015 2254 reco-

1269 2276 1410 2319 gnitores
1433 2281 1538 2308 autem
1561 2274 1766 2308 extrahentur
1778 2279 1873 2314 sorte,
1884 2278 1918 2307 ut
1931 2284 2016 2308 scru-

1270 2336 1386 2364 tatores
1411 2335 1442 2363 et
1464 2328 1648 2369 infirmarii,
1672 2328 1776 2362 statim
1796 2327 1923 2372 quidem
1944 2332 2016 2372 post

1270 2384 1477 2425 scrutinium,
1502 2383 1528 2416 si
1553 2387 1685 2426 sequuta
1708 2382 1748 2415 sit
1768 2381 1801 2414 in
1825 2391 1863 2414 eo
1883 2381 2014 2422 electi03

1270 2438 1295 2471 si
1320 2448 1395 2472 vero
1419 2447 1483 2471 non
1507 2437 1547 2470 sit
1571 2440 1717 2480 sequuta,
1741 2439 1813 2479 post
1828 2434 2015 2468 scrutinium

1270 2497 1302 2525 et
1314 2501 1485 2532 accessum,
1499 2500 1572 2524 cum
1587 2489 1705 2523 scilicet
1717 2493 1910 2522 scrutatores
1923 2498 2016 2521 suurn

1272 2544 1473 2589 impleverint
1492 2553 1606 2578 munus
1621 2552 1678 2587 per
1691 2541 1943 2576 numerationem
1956 2541 2018 2575 sus-

1271 2598 1467 2641 sragiorum,
1500 2601 1531 2631 et
1560 2597 1637 2630 haec
1661 2595 1813 2629 extractio
1844 2595 1919 2636 fiet,
1951 2595 2016 2628 sive

1271 2656 1403 2695 sequuta
1426 2651 1465 2684 sit
1489 2650 1600 2684 electio
1616 2649 1649 2683 in
1661 2648 1813 2683 scrutinio
1829 2653 1860 2683 et
1875 2659 2015 2690 accessu,

1273 2716 1338 2739 sive
1361 2715 1433 2739 non.

2042 1853 2074 1875 Do
2084 1852 2212 1880 recognitio-

2025 1883 2082 1902 nost
2093 1879 2212 1906 recognito·
2252 1896 2255 1897 γ

2025 1906 2212 1930 rumoxtracttono.
2255 1911 2258 1914 ⁴
