2293 3231
75 290 121 316 An.
140 288 167 313 (ff,
192 286 257 313 1612

921 287 1038 311 ΡΛῘῚ,Γ5
1060 288 1077 310 Y
1099 287 1144 311 ΓΡ.

270 333 474 366 nibilominus
499 334 690 377 depositarii,
708 335 797 367 aliter
820 345 913 378 (piam
939 347 1010 367 cum
1045 335 1158 374 ciales,

271 387 432 431 praedicto
457 387 620 426 mandato,
643 393 672 419 nt
699 399 790 431 supra
816 388 1010 431 subscripto,

272 440 436 481 solventes,
457 440 495 472 de
520 452 576 473 sno
601 452 745 483 erogasse
771 445 964 477 censeantur„
983 445 1010 474 et

272 493 301 525 in
334 493 500 525 reddendis
538 493 709 527 rationilms
750 494 776 525 id
809 494 852 526 eis
885 494 1010 526 minime

271 546 447 590 computari
466 546 585 579 debeat.

596 618 610 659 ,ξ
635 618 682 650 xt.

328 689 374 722 De
398 688 564 722 iudicibus
586 689 622 721 in
640 689 746 721 causis
770 688 948 721 civilibus⁴.

315 759 343 792 Ἰ.
370 759 480 793 Nullus
504 759 643 792 iudicum
676 759 788 793 audeat
817 769 1011 803 supersesso—

270 813 343 853 rias,
353 812 528 853 dilationes,
542 817 591 845 aut
608 823 671 845 non
686 817 841 855 araretur
853 813 1009 855 cuiqnam,

270 866 419 899 adversus
446 865 591 899 mandata
614 866 653 897 ab
686 865 753 897 aliis
782 865 935 898 indicibus
959 869 1009 898 aut

270 919 301 951 in
321 919 389 951 aliis
413 918 621 952 tribunalibus
649 919 802 957 relaxata,
828 919 1010 958 concedere,

270 975 300 1005 et
323 982 469 1006 concessa
494 972 554 1004 sint
577 972 672 1011 nulla,
690 982 791 1015 neque
816 975 978 1005 serventur
994 983 1010 1004 a

272 1025 437 1065 iudicibus,
462 1025 515 1068 qni
536 1025 680 1058 mandata
706 1026 894 1065 relaxarunt,
920 1025 1011 1057 salvis

271 1082 373 1112 tamen
397 1078 647 1117 inhibitionibus,
673 1089 753 1122 quae.
779 1078 886 1120 vigore
904 1079 1010 1122 appel—

270 1131 432 1172 lationum,
457 1143 510 1165 seu
535 1131 802 1171 commissionum,
824 1137 875 1164 ant
901 1132 931 1164 in
950 1132 1010 1164 vim

270 1185 530 1229 reassumptionis
561 1196 695 1225 causae,
724 1189 775 1218 ant
806 1185 1012 1228 sirisceptionis

270 1249 486 1279 censurarum,
507 1249 561 1271 seu
586 1238 722 1278 termini,
738 1238 776 1270 ab
800 1238 942 1271 auditore
960 1249 1011 1271 ca-

271 1302 375 1324 merae
401 1292 626 1328 conceduntur,
644 1295 671 1325 et
691 1291 783 1324 salvis
807 1291 900 1325 ctiam
918 1291 1011 1324 cartis

269 1344 433 1379 dotalibus.

313 1398 342 1431 ⁶2.
362 1399 461 1431 Minus
474 1399 566 1433 etiarn
585 1399 702 1432 indices
719 1409 877 1443 apponere
894 1399 1012 1443 possint

271 1451 301 1484 in
328 1451 481 1485 mandatis
513 1452 598 1484 illam
630 1453 817 1492 clausulam,
851 1452 1009 1485 videlicet:

268 1505 461 1549 Exequalur
483 1515 541 1549 per
564 1509 773 1549 eoeequutores
794 1509 929 1545 nostros,
953 1506 1010 1538 sub

269 1559 370 1601 poena
387 1558 549 1598 nullitatis,
567 1559 614 1591 vel
632 1558 734 1591 simili.

313 1610 342 1644 3.
367 1611 540 1654 Expediant
573 1622 682 1644 causas
712 1623 728 1644 a
753 1613 891 1656 quinque
916 1613 1010 1646 scutis

268 1664 347 1698 infra
365 1665 545 1704 summarie,
563 1676 657 1698 mann
679 1666 778 1708 regia,
796 1670 825 1700 et
848 1667 913 1698 sine
939 1667 1011 1699 scri-

268 1718 339 1762 ptis,
354 1719 497 1762 partibus
514 1723 632 1752 tantum
651 1723 797 1753 oretenus
814 1719 936 1759 auditis,
951 1720 1008 1752 nisi

267 1771 358 1804 aliter
383 1771 457 1815 ipsis
481 1772 636 1805 iudicibus
660 1783 694 1804 ex
721 1772 897 1805 rationabili
916 1775 1008 1805 cansa

268 1825 369 1857 visum
393 1825 496 1865 suerit,
521 1835 615 1868 qnam
640 1825 748 1857 Turris
769 1826 883 1865 Nonae,
903 1825 1010 1859 Sabel-

268 1878 382 1919 lornm,
408 1878 503 1922 Ripae
527 1884 554 1910 et
581 1878 720 1922 Ripettae
746 1879 863 1912 indices
886 1884 913 1912 et
940 1889 1010 1912 eon-

268 1932 351 1965 sules
367 1931 481 1964 artium
501 1932 678 1975 exprimere
696 1932 726 1964 iu
744 1932 821 1965 actis
837 1937 1007 1966 teneantur.

312 1985 341 2018 4.
372 1986 486 2019 Causas
522 1991 625 2018 antem
661 1996 815 2018 summam
848 1990 1009 2020 scutorum

268 2039 412 2072 undecim
437 2044 579 2072 monetae
604 2049 665 2072 non
690 2039 883 2079 excedentes,
907 2046 934 2072 et
961 2051 1012 2072 co-

270 2102 336 2124 ram
366 2092 616 2136 competentibus
649 2093 802 2125 iudicibus
835 2097 1009 2134 vertentes,

269 2146 373 2179 nullus
386 2156 516 2190 prorsus
532 2146 622 2179 index
643 2151 693 2181 aut
710 2147 911 2189 magistratus
930 2158 1011 2179 reas-

269 2210 393 2233 sumere
418 2200 524 2244 possit.

313 2253 342 2286 5.
357 2253 507 2287 Similiter
519 2263 630 2286 causae
639 2254 864 2298 cuiuscumque
875 2254 1008 2297 collegii,

269 2306 435 2347 societatis,
453 2306 726 2346 confraternitatis,
751 2307 1010 2340 arcbicont'rater-

270 2359 383 2400 nitatis,
408 2359 585 2404 hospitalis,
611 2359 729 2392 ordinis
753 2370 807 2392 sen
831 2359 1008 2403 religionis,

271 2413 330 2446 loci
355 2412 407 2457 pii,
431 2413 507 2446 artis
523 2440 530 2453 ,
554 2418 603 2445 aut
631 2422 782 2456 personae
808 2412 949 2444 habentis
973 2422 1008 2444 ex

270 2466 434 2510 privilegio
451 2467 616 2510 proprimn
633 2470 662 2500 et
682 2466 846 2510 specialem
866 2465 1008 2505 iudicem,

271 2530 333 2553 non
356 2526 601 2559 reassumantur,
618 2525 783 2564 postquam
809 2529 918 2553 eorum
945 2519 1011 2551 offi-

307 2602 319 2628 1
342 2600 381 2628 Ad
405 2599 472 2628 haec
489 2600 548 2628 vide
563 2600 644 2628 etiam
670 2599 708 2626 Pii
730 2599 760 2626 lv
781 2599 871 2627 Const.
897 2605 960 2625 Lxxi
983 2601 1010 2626 et

271 2653 343 2674 Lxxu
357 2647 384 2674 in
399 2651 464 2674 tom.
479 2653 524 2681 vn,
542 2655 602 2682 pag.
619 2646 670 2672 214
685 2649 712 2672 et
727 2645 791 2678 “2243
809 2648 836 2672 et
850 2644 890 2671 Pii
905 2644 923 2670 V
939 2644 1009 2671 Con-

271 2691 324 2720 stit.
340 2697 411 2718 xxvu
427 2691 492 2718 ibid,
516 2699 577 2727 pag.
594 2690 645 2718 483
661 2692 699 2725 (n.
715 2698 739 2717 r.
762 2698 792 2718 ex
813 2688 952 2722 Cherub).

1713 291 1742 309 [Α

1189 335 1233 366 vel
1269 340 1516 378 procuratores,

1045 388 1275 430 privilegiatae,
1301 388 1510 420 consenserint
1541 388 1568 419 in
1595 386 1784 418 iurisdictio-

1045 451 1114 473 nem
1140 441 1267 473 alterins
1293 442 1402 473 indicis
1427 441 1576 474 ordinarii
1603 441 1678 472 alias
1704 450 1785 471 com-

1045 494 1186 535 petentis,
1201 494 1264 526 sine
1280 501 1380 526 tamen
1399 493 1589 537 pracindicio
1604 493 1783 524 tacultatmn

1044 553 1070 579 et
1091 547 1312 580 iurisdictionis
1326 548 1477 581 auditoris
1494 558 1645 585 camerae,
1664 556 1783 578 necnon

1045 600 1207 633 tribunalis
1233 601 1328 644 ipsius
1353 612 1494 633 camerae
1520 600 1730 644 apostolieae,
1756 605 1781 631 et

1044 654 1256 686 cameralium.

1088 707 1117 738 (3.
1146 707 1181 739 Et
1206 718 1316 740 causae
1344 708 1506 743 mercedis,
1525 708 1562 739 ad
1583 708 1727 740 etl'ectinn
1746 707 1785 737 t'a-

1044 760 1144 793 ciendi
1162 760 1348 804 depositum,
1372 761 1440 792 illae
1466 766 1584 793 tantum
1610 760 1784 803 intelligan-

1045 817 1104 853 tur,
1123 814 1284 857 inquibus
1308 814 1411 855 agitur
1435 814 1472 845 de
1497 814 1609 846 diurna
1631 814 1674 846 vel
1696 823 1784 845 men-

1044 868 1128 900 strua
1148 867 1301 906 mercede,
1317 867 1379 899 sire
1397 867 1518 899 salario,

1089 920 1117 953 7.
1144 920 1211 953 Non
1236 920 1391 952 attendant
1418 920 1583 959 nullitates,
1601 920 1659 952 nisi
1677 932 1712 952 ex
1730 920 1783 951 de-

1045 974 1125 1006 t'eetn
1139 973 1303 1012 citationis,
1322 973 1557 1013 iurisdictimiis,
1571 978 1620 1006 ant
1640 972 1783 1009 mandati,

1044 1026 1097 1058 sed
1113 1026 1151 1058 ad
1168 1026 1396 1070 expeditionem
1417 1037 1526 1058 causae
1544 1025 1722 1069 procidant,

1550 338 1601 366 ant
1635 344 1784 376 personati·

1088 1078 1116 1111 8.
1144 1080 1211 1112 Non
1237 1080 1373 1112 relaxent
1399 1085 1517 1112 arri-sta
1543 1085 1650 1111 contra
1667 1078 1786 1111 debito-

1045 1143 1115 1172 res,
1140 1133 1197 1165 nisi
1232 1133 1435 1177 praecedente
1469 1132 1612 1165 mandato
1647 1132 1784 1164 relaxato

1045 1186 1175 1219 servatis
1200 1186 1370 1224 servandis,
1397 1192 1424 1219 ct
1451 1186 1540 1218 aliter
1567 1186 1701 1218 relaxata
1725 1185 1780 1217 sint

1045 1239 1161 1271 nullius
1186 1240 1309 1273 roboris
1334 1245 1361 1271 et
1388 1240 1545 1272 momenti.

1089 1293 1117 1325 0.
1144 1292 1204 1324 Pro
1229 1292 1334 1326 debito
1352 1303 1505 1324 summam
1531 1297 1647 1335 septem
1672 1302 1784 1324 aureo-

1046 1356 1127 1385 rum,
1145 1346 1183 1378 ad
1208 1345 1360 1379 rationem
1380 1345 1528 1378 inliornm
1545 1345 1709 1377 duodecim
1727 1356 1784 1388 pro

1044 1398 1183 1442 quolibet
1209 1410 1315 1437 aureo,
1334 1409 1393 1431 non
1419 1398 1596 1438 excedente,
1611 1408 1703 1431 nemo
1721 1409 1786 1431 car-

1045 1453 1146 1485 cerari
1170 1453 1284 1496 possit,
1310 1452 1367 1484 nisi
1393 1452 1531 1484 debitum
1558 1451 1665 1485 babeat
1691 1461 1784 1484 anne—

1044 1516 1116 1537 xum
1142 1506 1270 1539 crimen.

1089 1559 1139 1592 10.
1158 1560 1263 1603 Neque
1293 1559 1323 1591 in
1340 1560 1420 1591 dicta
1440 1561 1560 1591 summa
1580 1558 1785 1602 eomprehen-

1044 1613 1157 1645 dantur
1175 1623 1326 1656 expensae
1342 1612 1486 1651 mandati,
1500 1622 1600 1655 neque
1615 1612 1665 1644 liat
1680 1622 1786 1643 cunm-

1044 1667 1117 1699 latio
1143 1677 1348 1705 summarum,
1374 1666 1420 1698 vel
1438 1666 1627 1705 debitorum,
1649 1665 1687 1697 ad
1711 1664 1784 1697 etse-

1044 1725 1128 1753 ctum
1149 1720 1339 1752 carcerandi.

1088 1774 1139 1806 111.
1163 1774 1224 1806 Nec
1243 1772 1413 1806 concedant
1430 1772 1642 1812 inhibitiones,
1665 1771 1783 1815 signiti-

1044 1827 1191 1866 cationes,
1208 1831 1258 1858 aut
1284 1836 1348 1858 non
1369 1829 1530 1869 procetur,
1550 1825 1579 1857 in
1601 1825 1662 1857 vim
1680 1825 1783 1857 cuius-

1043 1890 1178 1923 cumque
1210 1878 1440 1912 commissionis
1473 1889 1531 1922 pro
1559 1878 1706 1911 dilatione
1736 1878 1783 1910 vel

1043 1933 1226 1965 alternativa
1237 1932 1406 1966 obtinenda
1422 1933 1604 1976 impetratae
1618 1942 1688 1964 cum
1703 1932 1785 1964 clau-

1044 1987 1111 2020 sula
1140 1991 1267 2020 servata
1295 1988 1399 2030 forma
1429 1991 1534 2019 molus
1560 1986 1697 2030 proprii,
1726 1985 1782 2017 nisi

1043 2041 1145 2074 delato
1164 2041 1267 2073 bireto
1286 2040 1387 2080 viridi,
1406 2045 1433 2072 et
1453 2050 1514 2072 non
1532 2039 1630 2071 aliter.
1651 2039 1685 2071 Et.
1702 2039 1783 2070 nibi-

1044 2094 1180 2127 lominus
1200 2104 1416 2138 (piaeentnque
1441 2093 1642 2126 inhibitiones
1663 2098 1691 2124 et
1719 2102 1781 2125 mm

1043 2151 1197 2190 yravelnr
1221 2147 1311 2180 aliter
1331 2158 1425 2190 qnam
1447 2152 1479 2179 nt
1506 2157 1601 2190 snpra
1618 2156 1782 2183 concessa,

1043 2211 1105 2233 non
1123 2200 1345 2243 suffragentur,
1360 2205 1387 2232 ct
1406 2199 1463 2232 sint
1482 2199 1597 2232 nullius
1615 2199 1741 2231 roboris
1753 2203 1780 2230 et

1044 2254 1211 2293 momenti,
1229 2254 1335 2297 eisque
1354 2263 1414 2286 non
1437 2252 1631 2286 obstantibus
1649 2261 1783 2294 exequu—

1043 2307 1086 2339 tio
1114 2307 1269 2350 quaelibet
1300 2306 1392 2338 realis
1420 2311 1447 2337 et
1480 2304 1653 2348 personalis
1674 2309 1781 2336 contra

1043 2359 1202 2393 debitores
1222 2359 1288 2392 sine
1316 2359 1417 2391 bireto
1438 2357 1528 2390 viridi
1550 2362 1692 2400 repertos
1713 2356 1781 2389 lieri

1042 2413 1139 2456 possit
1157 2418 1185 2446 et
1202 2413 1310 2445 valeat,

1090 2466 1138 2499 122,
1156 2467 1218 2499 Nec
1234 2466 1399 2509 qnisquam
1422 2464 1530 2503 index,
1548 2469 1598 2497 aut
1618 2463 1781 2506 magistra-

1043 2525 1109 2558 tus,
1134 2524 1258 2563 praeter
1286 2518 1461 2551 auditorem
1487 2527 1646 2556 camerae,
1671 2516 1779 2549 audeat

1042 2572 1158 2606 directe
1176 2572 1222 2605 vel
1241 2572 1390 2604 indirecte
1410 2571 1468 2603 sub
1487 2571 1598 2615 quovis
1620 2575 1780 2614 praetextu

1041 2626 1213 2659 concedere
1239 2625 1407 2658 terminum
1435 2625 1499 2658 sive
1520 2624 1700 2658 dilationem
1730 2623 1782 2656 tri-

1041 2680 1124 2722 ginta
1143 2679 1263 2711 dierum
1282 2678 1486 2711 debitorilms.

1797 285 1844 310 An.
1867 284 1893 310 Γ..
1915 285 1979 311 161⁶}
