2293 3231
980 268 1020 273 —
1047 258 1090 281 Vll
1115 268 1156 273 -—

273 320 404 380 logus
439 317 826 378 noningentarum
866 319 969 379 plus
1004 319 1214 366 minusve
1241 323 1617 370 emendationum
1654 326 1860 374 lectionis

273 398 632 454 Mainardianae‚
668 413 784 459 quae
811 398 859 442 in
886 398 971 443 hoc
998 403 1154 445 nostro
1180 401 1414 449 volumine
1440 404 1510 449 vel
1537 405 1768 453 adhibitae
1792 409 1861 454 vel

275 479 536 543 propositae
573 479 713 534 fuere,
749 477 932 523 abundo
959 478 1289 527 demonstrant.
1318 483 1461 529 Cuius
1500 485 1692 547 catalogi
1726 503 1860 548 prae-

278 559 459 606 texendi
485 562 721 605 momenta
754 558 802 604 in
835 558 1117 620 praefatione
1142 561 1199 605 ad
1224 561 1421 609 Tomum
1448 564 1757 612 Undecimum
1782 583 1861 613 ox-

274 640 574 703 plicavimus,
610 642 859 700 nostraque
898 638 975 683 illa
1002 640 1165 700 agendi
1205 642 1318 687 ratio
1355 643 1413 688 ita
1454 645 1539 690 fuit
1568 645 1861 694 doctissimo-

276 737 380 766 rum
403 720 610 765 virorum
635 719 806 765 iudicio
823 718 1136 781 comprobata,
1155 723 1205 764 ut
1229 721 1284 766 ab
1310 722 1387 767 illa
1413 724 1624 770 recedere
1650 726 1861 788 iniquum

276 801 407 846 foret.
441 800 617 846 Verum
651 803 696 846 et
729 803 879 845 errata
913 802 1099 856 nostra,
1133 816 1241 845 nam
1268 801 1315 846 in
1348 802 1510 863 longo,
1545 805 1863 869 concitateque

277 898 418 928 cursu
471 881 626 927 omnia
672 881 878 942 potuisse
913 880 1082 926 evitare
1125 896 1265 942 super
1310 882 1539 930 humanae
1585 885 1863 934 infirmitatis

276 960 589 1008 conditionem
623 961 754 1017 foret,
791 960 848 1005 ad
882 961 1021 1007 finem
1054 960 1302 1007 voluminis
1337 963 1532 1024 ingenue
1558 981 1861 1015 recensemus.

338 1042 432 1097 En,
460 1041 626 1087 Lector
650 1041 864 1102 benigne,
882 1041 1133 1103 quomodo,
1157 1045 1383 1103 quantum
1409 1043 1457 1088 in
1482 1044 1615 1091 nobis
1639 1050 1721 1103 est,
1747 1047 1863 1094 nihil

278 1122 536 1169 omittimus
562 1137 779 1167 curarum
812 1125 857 1167 et
893 1121 1095 1178 laboris,
1134 1122 1274 1167 nullis
1313 1123 1545 1184 parcimus
1576 1127 1787 1188 expensis
1814 1131 1864 1173 ut

276 1207 370 1249 tam
403 1218 623 1264 magnum
658 1218 790 1264 opus,
826 1202 939 1263 quin
973 1203 1127 1264 potius
1162 1203 1450 1254 immensum,
1488 1220 1579 1266 quo
1608 1209 1706 1251 tum
1736 1222 1864 1253 sacra

278 1287 378 1329 tum
403 1283 595 1345 profana
618 1283 769 1328 omnis
795 1282 1003 1329 doctrina
1024 1283 1280 1345 plurimum
1305 1284 1549 1341 iuvabitur‚
1567 1301 1705 1346 quam
1730 1287 1863 1333 citius

278 1367 323 1410 et
356 1363 645 1410 emendatius
679 1363 956 1409 absolvatur.
992 1363 1050 1409 At
1073 1364 1178 1425 quis
1202 1379 1295 1409 non
1320 1363 1543 1426 intelligat
1566 1365 1864 1414 fortissimum

282 1459 513 1506 quemque
546 1444 887 1506 typographum
924 1443 1099 1505 absque
1134 1444 1443 1506 plurimorum
1481 1445 1633 1491 favore
1672 1449 1716 1491 et
1753 1462 1865 1493 con-

280 1540 421 1570 cursu
447 1540 742 1586 nequaquam
776 1540 912 1586 posse
938 1525 995 1570 ad
1020 1524 1135 1570 illud
1160 1525 1494 1586 perficiendum
1519 1525 1743 1572 sufficere.
1769 1527 1866 1574 Iam

278 1619 386 1651 vero
413 1604 651 1650 fatendum
678 1608 723 1650 et
756 1605 849 1650 heu
883 1604 1137 1651 dolendum
1164 1609 1233 1651 est
1267 1621 1352 1651 nos
1386 1606 1594 1651 nondum
1626 1607 1867 1669 hucusque

279 1700 387 1731 eum
412 1685 784 1747 subscriptorum
818 1701 1067 1731 numerum
1101 1686 1291 1748 adeptos
1315 1686 1458 1732 fuisse
1483 1686 1563 1748 qui
1596 1702 1679 1748 par
1703 1687 1761 1732 sit
1783 1702 1866 1733 ne-

280 1765 491 1812 cessariis
526 1765 791 1828 sumptibus
826 1766 1150 1828 rependendis.
1186 1766 1417 1828 Equidem
1456 1766 1651 1812 illustria
1681 1767 1870 1813 nomina

280 1846 483 1904 illorum,
508 1847 589 1909 qui
620 1847 730 1893 huic
764 1850 948 1893 nostrae
984 1847 1175 1894 editioni
1202 1847 1590 1909 subscripserunt,
1624 1846 1681 1892 ad
1718 1847 1867 1893 hono-

282 1942 395 1984 rem,
422 1927 967 1989 commendationemque
1000 1927 1066 1973 illi
1100 1927 1425 1989 adaugendum
1450 1927 1623 1972 faciunt
1654 1942 1747 1973 non
1777 1942 1870 1973 mo-

281 2008 457 2064 dicum,
493 2008 574 2054 sed
608 2008 759 2055 adhuc
792 2008 1010 2071 pauciora
1040 2009 1153 2055 haec
1179 2011 1287 2054 sunt
1311 2023 1451 2069 quam
1477 2007 1601 2070 quod
1640 2010 1872 2069 oporteret

283 2088 340 2133 ad
370 2104 487 2150 opus
529 2089 746 2135 secundis
785 2090 933 2136 ventis
965 2089 1243 2136 vehendum.
1279 2089 1398 2135 Nam
1432 2088 1531 2144 etsi,
1565 2090 1704 2149 prout
1735 2103 1870 2150 saepe

283 2168 479 2231 professi
515 2184 691 2225 sumus,
726 2169 843 2215 nihil
877 2185 961 2216 1105
996 2186 1021 2215 a
1059 2172 1221 2231 coepto
1256 2168 1509 2224 deterreat,
1544 2167 1714 2214 scimus
1747 2167 1870 2214 enim

282 2248 438 2310 Magni
455 2248 648 2294 Bullarii
673 2249 869 2295 Romani
894 2265 1033 2296 usum
1057 2250 1105 2295 in
1130 2248 1378 2295 universali
1403 2248 1608 2295 Ecclesia
1631 2262 1870 2309 nunquam

285 2329 569 2386 defuturum,
605 2332 760 2376 tamen
792 2330 1041 2392 aliquando
1075 2345 1227 2377 moras
1252 2330 1659 2390 cunctationesque
1684 2327 1871 2374 iniicere

284 2410 573 2472 importunas
608 2410 782 2472 aliquid
816 2414 985 2472 posset.

345 2490 578 2552 Rogamus
613 2492 787 2553 itaque,
823 2491 1225 2552 obstestamurque
1259 2493 1310 2536 ut
1342 2490 1453 2537 dum
1486 2489 1658 2551 aspirat
1690 2488 1746 2535 ab
1780 2488 1870 2534 alto

284 2571 674 2632 peramantissimi
713 2572 862 2618 Patris
901 2575 946 2618 et
986 2571 1173 2618 Domini
1206 2571 1352 2617 nostri
1387 2571 1460 2617 ΡΠ
1499 2570 1588 2616 ΡΡ.
1624 2567 1688 2616 ΙΧ
1719 2569 1869 2615 Bene-

287 2652 426 2700 dictio
464 2653 756 2717 Apostolica,
795 2657 840 2700 et
878 2653 1105 2702 Protectio
1146 2653 1438 2710 indeficiens,
1477 2649 1869 2714 amplissimorum
