2293 3231
134 299 182 326 An.
201 299 229 325 C.
249 298 315 325 16¹7

141 1579 260 1605 Curamque
271 1577 315 1597 ani-

132 1611 212 1626 mai-nm
249 1606 315 1624 trans-

132 1632 181 1653 terri
209 1632 230 1651 in
252 1630 315 1650 atiani

133 1659 246 1679 ecclesiam
267 1662 315 1676 cum

131 1684 275 1709 assignatione
293 1688 315 1703 e-

132 1712 307 1732 monimentorum

132 1743 157 1758 ex
165 1738 201 1758 tan
209 1738 261 1757 cura
269 1741 316 1761 pro·

133 1764 266 1784 venientium.

979 300 1098 323 initulis
1121 300 1137 322 V
1159 300 1205 324 ΓΡ.

331 346 394 378 sive
419 346 479 379 alio
504 347 614 390 quovis
648 347 760 389 modo,
791 353 842 380 aut
875 359 909 379 cx
942 347 1087 400 alterius}

331 399 556 442 cuiuscumque
581 409 749 443 personae,
772 410 827 432 scu
851 400 1087 443 ρει-5111111001Η

331 451 376 484 vel
394 451 498 492 aliam,
517 452 562 484 vel
581 452 711 485 liberam
733 452 979 495 resignationem
996 453 1069 485 dicti
1086 475 1087 498 1

331 504 453 537 loannis
479 505 643 549 Baptistae,
659 506 704 538 vel
723 506 859 538 cuiusvis
876 505 1014 546 alterius,
1033 505 1087 545 (1οῚ1

331 557 383 590 illa
404 558 434 590 in
455 558 595 591 Romana
608 558 711 598 Curia,
731 558 776 590 vel
790 564 878 590 extra
891 568 959 590 eain
977 558 1069 591 etiam
1085 573 1087 583 ι

331 620 438 643 coram
463 611 586 643 notario
612 611 737 654 publico
758 616 787 643 et
813 611 942 643 testibus
960 615 1070 654 sponte

330 663 514 704 factam,ant
533 663 793 697 Constitutionem
812 663 995 696 recolendae
1011 674 1072 695 me-

330 716 450 749 moriae
468 715 591 749 loannis
610 717 709 760 Papae
726 716 805 750 XXII
823 717 968 750 similiter
985 726 1072 760 prae-

329 768 503 803 decessoris
516 770 626 809 nostri,
640 780 719 813 quae
740 770 849 814 incipit
858 769 1069 809 Execrabilz's,

331 825 377 856 vel
394 825 648 868 assequutionem
665 825 792 858 alterius
814 824 958 857 beneficii
976 824 1071 856 00010-

331 878 446 911 siastici
472 879 581 921 quavis
604 878 790 911 auctoritate
815 877 940 917 collati,
965 880 1069 912 vacet:

331 931 451 964 etiamsi
465 936 550 964 tanto
565 935 706 975 tempore
720 930 885 970 vacaverit,
902 929 986 973 quod
1004 930 1070 962 eius

331 984 466 1024 collatio,
480 984 564 1017 iuxta
581 983 798 1017 Lateranensis
815 987 929 1016 statuta
946 982 1069 1016 concilii

330 1036 368 1069 ad
393 1037 504 1070 Sedem
531 1037 724 1080 praedictam
749 1036 888 1079 legitime
916 1035 1070 1075 devoluta,

331 1091 460 1135 ipsaque
492 1090 682 1134 parochialis
714 1090 845 1123 ecclesia
875 1089 1069 1132 dispositioni

330 1143 519 1187 apostolicae
532 1143 709 1187 specialiter
727 1142 773 1175 rel
791 1142 866 1175 alias
883 1141 1071 1185 generaliter

331 1202 491 1230 reservata
505 1196 625 1236 existat,
643 1200 671 1229 et
688 1206 783 1239 super
799 1197 834 1227 ea
852 1195 933 1227 inter
949 1194 1070 1238 aliquos

330 1249 378 1290 lis,
403 1249 492 1282 cuius
517 1254 629 1282 statum
655 1247 998 1292 praesentibussshaberi
1017 1258 1070 1280 vo-

331 1302 435 1335 lumus
465 1313 525 1346 pro
557 1312 727 1346 expresso,
754 1301 886 1345 pendeat
916 1299 1069 1339 indecisa;

331 1355 502 1389 dummodo
526 1356 593 1389 eius
617 1354 764 1398 dipositio
789 1354 826 1387 ad
850 1364 908 1386 nos
925 1354 982 1385 liae
1004 1353 1070 1385 vice

330 1410 506 1453 pertineat)
531 1419 656 1450 nomen,
685 1409 811 1442 titulum
836 1413 864 1440 et
890 1407 1071 1440 denomina-

332 1462 447 1496 tionem
466 1463 597 1496 rectoris
614 1467 766 1506 perpetuo
783 1461 866 1495 dicta
886 1460 1070 1493 auctoritate

331 1518 438 1549 nostra
463 1516 640 1560 supprimas
665 1521 694 1547 et
719 1515 892 1557 extinguas:

375 1569 390 1611 ξ
411 1568 438 1601 7.
465 1569 591 1612 Illisque
611 1568 655 1600 sic
673 1567 849 1611 suppressis
865 1571 893 1599 et
917 1566 1069 1605 extinctis,

331 1625 359 1656 et
383 1622 421 1654 ad
446 1622 505 1654 1100
531 1626 564 1655 ut
588 1621 737 1654 ecclesiae
752 1648 759 1661 ,
786 1620 932 1662 illiusque
957 1619 1069 1651 domus

331 1675 504 1715 rectoralis,
513 1685 589 1707 usus
599 1679 753 1717 perpetuo
764 1673 880 1712 abbati,
892 1683 948 1704 seu
959 1672 1068 1715 priori,
1084 1698 1086 1712 f

331 1733 359 1760 et
385 1728 551 1760 conventui
577 1726 759 1760 monasterii
785 1725 964 1758 huiusmodi
990 1725 1069 1756 liber

331 1781 460 1814 omnino
487 1786 515 1813 et
540 1781 705 1814 absolutus
731 1785 911 1817 remaneat,
937 1779 976 1810 ab
1002 1778 1067 1821 ipsa

332 1835 464 1868 ecclesia
488 1835 584 1868 saneti
611 1834 752 1867 Andreae
770 1844 895 1866 omnem
914 1842 1021 1865 curam
1040 1842 1070 1863 a-

331 1888 487 1920 nimarum
513 1888 700 1921 dilectorum
725 1887 863 1920 filiorum
882 1886 965 1918 illins
981 1896 1070 1928 paro-

330 1942 514 1975 chianorum
540 1952 622 1974 nunc
647 1947 675 1973 et
700 1951 760 1984 pro
781 1946 923 1983 tempore
940 1939 1070 1972 existen-

330 1994 418 2035 tium,
443 1995 588 2038 illiusque
613 1994 796 2027 exercitium
813 1999 843 2025 et
866 2003 959 2025 usum
976 1992 1068 2024 etiam

330 2053 483 2091 perpetuo
497 2047 607 2080 eadem
623 2048 808 2081 auctoritate
821 2049 930 2080 nostra
944 2046 1070 2079 abdices

331 2106 361 2133 et
385 2111 528 2144 separes;
554 2111 610 2133 nec
635 2111 697 2133 non
715 2110 822 2133 euram
841 2105 869 2131 et
888 2099 1068 2132 exercitium

331 2153 511 2187 huiusmodi
525 2153 562 2185 ad
574 2153 666 2185 aliam
680 2152 891 2196 parochialem
905 2151 1068 2184 ecclesiam

330 2207 535 2240 Auximanam
565 2206 698 2238 vicinam
735 2211 762 2237 et
799 2210 1009 2248 opportunam
1034 2215 1068 2236 ac

329 2260 386 2293 tibi
411 2260 606 2299 benevisam,
630 2259 796 2292 accedente
822 2264 924 2290 tamen
940 2258 1069 2290 dilecto-

329 2323 401 2346 rum
425 2313 563 2346 filiorum
591 2313 673 2345 1111115
697 2311 830 2345 rectoris
855 2316 884 2343 et
907 2311 1070 2354 parochia-

328 2376 443 2399 norum
469 2376 622 2399 consensu
641 2365 695 2407 (ita
713 2369 744 2398 ut
764 2364 806 2396 1111
823 2369 850 2395 01
873 2364 939 2395 eius
955 2364 1068 2397 rectori

329 2430 389 2462 pro
414 2424 554 2462 tempore
579 2417 720 2451 existenti
745 2417 782 2449 (10
807 2422 911 2449 cetero
931 2416 1069 2455 subsint,

331 2477 361 2504 et
385 2472 486 2505 dictus
519 2473 650 2505 loannes
682 2470 818 2514 Baptista
848 2480 884 2501 ex
918 2480 999 2502 nune
1032 2470 1070 2501 ab

332 2525 429 2569 ipsius
449 2525 600 2558 ecclesiae
617 2525 714 2556 saneti
728 2524 869 2556 Andreae
887 2523 1023 2559 servitio,
1041 2528 1068 2555 01

332 2579 498 2611 residentia
523 2578 605 2622 apud
622 2588 689 2610 eam
709 2576 857 2611 facienda,
876 2587 909 2608 ac
925 2577 1070 2608 omnibus

334 2637 363 2664 et
378 2632 509 2675 singulis
527 2632 749 2671 functionibus,
767 2631 887 2664 01110115,
904 2631 1071 2667 exercitiis,
1087 2666 1089 2680 ,

335 2685 483 2718 oneribus
511 2691 538 2718 et
565 2685 806 2727 obligationibus
837 2684 1071 2727 paror-hiatibus
1087 2691 1089 2723 1

1745 288 1808 321 403

1105 350 1168 380 tuta
1182 346 1372 380 conscientia
1390 346 1480 386 liber,
1494 351 1586 389 atque
1603 354 1757 389 expensus
1774 356 1842 378 cen-

1103 406 1232 437 seatur),
1243 400 1387 432 similiter
1401 405 1552 443 perpetuo
1565 398 1723 443 praedicta
1739 404 1842 431 aucto-

1104 454 1194 486 ritate
1219 455 1326 486 nostra
1352 454 1536 492 transse1·as;
1562 463 1596 485 ac
1623 453 1724 486 eidem
1746 453 1843 486 eccle-

1104 506 1177 545 siae,
1202 505 1239 537 ad
1265 516 1357 548 quam
1384 506 1543 550 praedicta
1573 516 1647 539 cura
1679 506 1841 538 transferri

1104 559 1280 600 contigerit,
1307 570 1343 591 ex
1363 569 1455 599 nune,
1482 564 1577 603 prout
1603 570 1639 591 ex
1665 562 1747 600 tunc,
1772 563 1802 590 et
1827 568 1842 589 e

1103 616 1222 650 contra,
1241 617 1407 654 postquam
1425 622 1500 644 eura
1519 611 1677 655 praedicta
1695 611 1843 644 translata

1104 663 1208 703 suerit,
1233 664 1338 696 omnia
1362 670 1390 697 et
1417 665 1539 707 singula
1563 665 1776 697 emolumenta
1800 663 1844 696 in-

1104 721 1188 749 certa
1224 726 1259 749 ex
1293 727 1387 749 curae
1423 717 1599 749 animarum
1631 716 1779 750 exercitio
1812 716 1843 748 in

1104 769 1206 812 primo
1218 769 1300 801 dieta
1314 770 1444 802 ecelesia
1459 769 1674 813 provenientia
1683 775 1713 802 et
1726 769 1841 802 lucrari

1104 822 1204 863 solita,
1230 833 1264 854 ac
1288 822 1381 856 etiam
1405 822 1553 863 decimas,
1579 829 1647 866 post
1664 823 1785 857 obitum
1804 828 1844 854 ta-

1104 885 1177 907 men
1201 875 1274 907 dieti
1296 876 1419 908 Ioannis
1437 876 1601 919 Baptistae,
1619 886 1697 919 quae
1716 876 1758 908 illi
1776 875 1843 907 eius

1105 929 1166 962 vita
1192 929 1323 961 durante
1348 933 1524 961 reservatae
1550 928 1610 960 sint
1634 934 1662 960 et
1688 939 1754 961 esse
1776 939 1844 961 cen-

1104 987 1232 1014 seantur
1257 981 1311 1024 (ita
1336 981 1419 1024 quod
1441 981 1528 1013 liceat
1549 981 1632 1013 illius
1649 982 1764 1014 rectori
1785 992 1843 1025 pro

1105 1040 1246 1077 tempore
1271 1034 1425 1074 existenti,
1450 1045 1507 1077 per
1532 1045 1574 1075 se,
1600 1034 1646 1066 vel
1664 1044 1721 1077 per
1737 1034 1842 1073 alium,

1104 1099 1159 1121 sen
1183 1088 1271 1128 alios,
1296 1099 1352 1121 suo
1369 1099 1403 1121 ac
1422 1087 1559 1120 secundo
1577 1087 1677 1120 dictae
1694 1087 1843 1119 eeclesiae

1104 1141 1229 1174 1101111110
1254 1142 1466 1174 emolumenta
1491 1141 1609 1174 incerta
1635 1151 1671 1173 ex
1696 1151 1789 1181 nunc,
1814 1146 1843 1172 et

1103 1200 1173 1238 post
1187 1195 1308 1228 obitum
1322 1194 1395 1227 dicti
1408 1194 1531 1227 Ioannis
1541 1194 1695 1237 Baptistae
1705 1193 1843 1226 decimas

1104 1247 1294 1284 huiusmodi,
1317 1258 1396 1290 quae
1409 1247 1547 1279 valorem
1568 1257 1705 1279 annuum
1724 1251 1843 1290 septem

1104 1300 1290 1334 ducatorum
1315 1300 1476 1341 similium,
1503 1300 1548 1333 vel
1574 1300 1666 1340 circa,
1692 1305 1725 1331 ut
1750 1299 1843 1331 etiam

1104 1354 1264 1395 asseritur,
1290 1353 1493 1393 constituunt,
1518 1353 1692 1396 percipere,
1717 1353 1843 1395 exigere

1104 1412 1132 1439 et
1159 1408 1279 1447 levare,
1305 1417 1339 1439 ac
1365 1407 1395 1438 in
1420 1417 1493 1439 suos
1524 1417 1599 1439 usus
1624 1411 1653 1438 et
1678 1406 1842 1439 utilitatem

1104 1462 1302 1500 convertere)
1327 1461 1444 1503 pariter
1469 1465 1633 1503 perpetuo,
1658 1459 1842 1492 auctoritate

1104 1516 1210 1547 nostra
1229 1513 1401 1557 praedicta,
1420 1513 1558 1557 applices
1582 1519 1609 1545 et
1636 1513 1841 1556 appropries:

1148 1569 1162 1610 ξ
1195 1568 1223 1600 8.
1257 1567 1428 1600 Ecclesiam
1454 1577 1528 1599 xero
1561 1567 1658 1600 sancti
1683 1566 1843 1607 Andreae,

1104 1620 1168 1652 sine
1194 1623 1269 1653 cura
1294 1626 1519 1657 remanentem,
1545 1630 1617 1652 cum
1642 1619 1726 1651 illius
1749 1619 1843 1653 domo

1104 1673 1250 1705 lectorati
1269 1673 1449 1706 huiusmodi
1468 1673 1569 1711 (cuius
1587 1672 1714 1716 quidem
1731 1673 1843 1705 (lomus

1104 1728 1190 1759 valor
1211 1727 1240 1758 in
1264 1726 1456 1770 proprietate
1473 1726 1697 1769 quinquaginta
1717 1725 1844 1759 ducato-

1103 1791 1173 1812 rum
1199 1780 1378 1812 buiusmodi
1404 1789 1559 1812 summam
1585 1789 1646 1811 non
1664 1779 1795 1819 excedit,
1813 1784 1842 1811 et

1103 1845 1138 1866 ex
1154 1845 1224 1877 qna,
1243 1835 1267 1866 si
1286 1835 1452 1871 locaretur,
1471 1833 1621 1877 usquead
1642 1844 1695 1866 sex
1712 1834 1843 1866 ducatos

1104 1888 1282 1921 huiusmodi
1300 1889 1478 1932 quotannis,
1499 1892 1530 1921 ut
1548 1888 1666 1931 pariter
1682 1888 1842 1927 asseritur,

1103 1942 1356 1985 perciperentur)
1382 1941 1485 1973 abbati
1511 1947 1537 1973 ct
1564 1941 1732 1974 conventui
1756 1951 1844 1984 prae-

1104 1995 1203 2032 dis-tis,
1229 2006 1300 2027 cum
1328 1995 1521 2038 paramentis
1537 2000 1565 2026 et
1583 1994 1777 2027 ornamentis
1798 2004 1844 2026 ee—

1104 2049 1215 2081 clesiae
1242 2048 1346 2091 primo
1371 2047 1481 2087 dietae,
1507 2048 1653 2091 illiusque
1673 2046 1843 2085 sacristiae,

1104 2112 1138 2134 ac
1163 2102 1248 2135 omni
1267 2107 1295 2133 01
1316 2111 1514 2144 quacumque
1533 2102 1632 2140 sacra,
1650 2100 1843 2144 profanaque

1104 2154 1330 2198 suppellectili,
1362 2154 1548 2186 Sanctorum
1581 2153 1788 2197 corporibus,
1814 2159 1841 2185 et

1103 2208 1172 2240 aliis
1197 2208 1358 2250 reliquiis,
1383 2207 1583 2250 [piantumvis
1607 2206 1783 2248 insignibus
1813 2211 1841 2237 et

1104 2260 1340 2303 principalibus,
1351 2260 1527 2302 ceterisque
1538 2259 1633 2291 rebus
1646 2259 1676 2290 in
1689 2258 1792 2301 primo
1802 2257 1844 2289 di-

1104 2315 1153 2345 cta
1168 2312 1310 2352 eeclesia,
1321 2312 1466 2355 illiusque
1476 2312 1616 2344 sacristia
1627 2311 1842 2348 existentibus,

1105 2376 1162 2408 pro
1180 2375 1290 2397 eorum
1305 2365 1413 2397 usibus
1427 2370 1455 2396 et
1472 2364 1639 2403 exercitiis,
1653 2363 1759 2397 itidem
1777 2373 1845 2407 per-

1105 2424 1209 2461 petuo,
1227 2418 1336 2449 eadem
1353 2417 1538 2449 auctoritate
1556 2418 1674 2455 nostra,
1691 2416 1844 2449 concedas

1105 2477 1132 2504 et
1151 2472 1308 2513 assignes3
1330 2471 1372 2503 ita
1388 2470 1472 2513 quod
1489 2470 1577 2503 liccat
1597 2470 1702 2502 abbati
1720 2475 1747 2502 01
1769 2480 1843 2502 0011-

1106 2524 1208 2556 ventui
1236 2523 1434 2564 monasterii,
1459 2533 1541 2555 1111110
1566 2528 1593 2556 01
1620 2534 1678 2566 pro
1703 2529 1844 2566 tempore

1105 2578 1318 2613 existentibus,
1344 2577 1493 2609 ecclesiae
1518 2577 1616 2608 sancti
1641 2576 1792 2614 Andreae,
1809 2587 1843 2608 ac

1105 2632 1227 2665 domus,
1252 2631 1448 2673 aliorumque
1473 2630 1718 2673 praemissorum
1736 2630 1843 2662 liuius-

1107 2685 1190 2717 modi
1204 2684 1412 2726 corporalem,
1431 2684 1546 2716 realem
1562 2688 1589 2717 et
1607 2683 1760 2715 actualem
1776 2679 1843 2726 po<-

1856 298 1902 323 Λη,
1926 298 1952 322 (ἶ.
1972 298 2037 324 1617

1885 1575 1980 1602 Eamque
1996 1577 2041 1597 sina

1859 1604 1910 1623 cura
1922 1603 2032 1628 praedicta

1859 1630 1900 1649 nna
1916 1635 1962 1649 cum
1979 1629 2040 1650 domo

1859 1656 1956 1676 rectorali
1967 1671 1971 1678 ,
1994 1657 2041 1676 relt-

1859 1683 2042 1708 qniis‚acsuppet-

1858 1709 1962 1728 lectilibus
2000 1711 2041 1728 tam

1858 1736 1925 1755 saeris
1994 1740 2042 1755 nam

1858 1762 1964 1787 profanis,
1979 1762 2042 1781 (10115

1858 1787 1967 1808 monachis
1993 1793 2043 1807 con-

1858 1815 1905 1835 cedi
1938 1816 1958 1834 et
1990 1815 2041 1834 assi-

1858 1842 1925 1866 gnari?
