2293 3231
29 206 34 219 υ
28 147 37 195 —qn-

22 2596 35 2870 ..φο--..ῆςκιῂμ

95 276 144 303 Λ11.
162 276 191 303 C.
212 274 278 302 1612

918 274 1035 298 PArLus

291 321 492 361 iuramentis,
513 321 606 354 etiam
632 321 662 353 in
686 321 780 354 domo
809 321 1029 365 respondentis

290 379 343 408 aut
366 374 497 407 iurantis
525 374 572 406 rel
597 374 670 406 alilii
706 374 926 415 intervenerit,
951 375 1028 407 nihil

290 427 430 471 recipere
446 427 544 470 possit
564 432 614 459 aut
632 427 752 459 debeat.

334 480 349 522 ξ
364 479 392 512 7.
403 479 509 518 Quoad
523 480 788 513 versumNotarv'c'
806 481 948 513 locorum
963 481 1030 524 pio-

290 531 387 574 rum¹,
408 532 615 573 declaramus,
633 534 701 566 loca
720 533 778 576 pia,
794 544 873 576 quae
895 534 1030 567 notario-

289 597 360 620 rum
378 588 475 630 opera
489 586 531 619 uti
549 587 700 620 haetenus
714 592 953 627 consueverunt,
967 598 1029 620 non

288 649 380 682 posse
403 638 442 671 de
466 643 570 671 cetero
599 639 694 671 alium
716 638 883 678 notarium,
910 643 970 671 tam
998 639 1028 671 in

289 690 433 724 civilibus
457 701 551 734 quam
577 691 606 723 in
639 691 871 732 criminalibus,
901 692 1028 734 eligere,

288 754 383 787 quam
407 754 505 776 unum
531 755 567 776 ex
592 744 682 777 dictis
700 744 806 777 vicarii
824 744 964 785 notariis,
986 744 1029 776 in-

288 802 336 830 ter
359 808 439 840 quos
467 802 496 830 et
520 797 610 830 solita
633 797 812 831 distributio
833 803 974 830 serretur
999 803 1028 831 et

288 849 378 883 solita
394 860 516 883 merces
529 851 676 883 solvatur.

332 904 347 946 ξ
372 902 401 936 8.
418 903 485 942 Quo
503 914 577 936 vero
594 903 632 936 ad
652 903 785 946 registra
802 914 894 936 versu
918 903 1028 947 Neque

288 955 449 999 exz'qanffi,
469 956 666 989 declaramus
681 957 732 989 illa
750 957 855 997 verba,
873 957 940 989 nisi
957 956 1027 989 illis

287 1008 462 1052 completis,
490 1008 622 1052 intelligi
647 1009 685 1042 de
709 1009 785 1043 actis
809 1009 906 1050 sactis,
928 1020 1027 1052 usque

287 1060 326 1093 ad
350 1060 432 1093 diem
464 1061 579 1104 petitae
612 1062 816 1095 consectionis
849 1066 1025 1102 extractus,

288 1113 352 1147 sive
375 1113 510 1157 registri.

331 1167 385 1210 ἓξ).
397 1167 503 1207 Quoad
514 1178 638 1201 versum
648 1167 723 1200 Non
732 1167 963 1209 rubrz'centm·⁸‚
976 1167 1027 1201 de-

288 1220 453 1261 claramus,
473 1225 547 1254 tunc
570 1231 634 1254 non
650 1231 717 1254 esse
733 1221 940 1254 rubricandos
955 1232 1028 1265 pro-

287 1284 393 1307 cessus
416 1274 453 1306 de
476 1274 620 1318 partibus
644 1274 769 1318 quando
794 1275 873 1307 bene
900 1275 1027 1307 fuerunt.

287 1327 318 1359 in
335 1327 477 1370 partibus
490 1327 652 1368 rubricati,
669 1327 807 1370 alioquin
820 1327 1026 1371 prohibemus

286 1382 318 1414 in
343 1381 431 1414 curia
459 1381 497 1414 ab
522 1380 583 1414 alio
605 1391 699 1424 quam
724 1391 741 1413 a
764 1380 886 1413 notario
915 1391 1026 1413 causae

282 1424 451 1468 rubricari.

332 1490 346 1534 ξ
360 1490 411 1522 10.
426 1489 533 1529 Quoad
547 1500 672 1522 versum
686 1489 728 1523 In
738 1499 808 1522 vere
821 1493 929 1522 autem
944 1499 1025 1522 com—

286 1543 450 1576 missoriis
461 1543 471 1559 ⁴
488 1548 515 1575 ct
534 1553 659 1575 versum
678 1542 851 1576 Processus
865 1541 902 1574 cle
915 1541 1023 1585 parti-

286 1595 369 1636 bus⁵,
383 1595 580 1628 declaramus
596 1605 658 1628 non
675 1595 769 1628 fuisse
783 1599 907 1627 nostrae
929 1594 1025 1627 inten-

285 1648 378 1682 tionis
401 1648 671 1693 comprehenderc
701 1649 857 1681 notarium
883 1649 1023 1690 ι1111111111,

284 1703 337 1747 qui
361 1707 529 1747 propterea
547 1702 645 1746 possit
669 1702 700 1734 in
725 1702 827 1735 causis
844 1702 1025 1735 commissa-

284 1756 340 1789 riis
349 1755 576 1800 cuiuscumque
587 1755 701 1789 valoris
710 1755 843 1798 registra
856 1755 1022 1796 conficere,

283 1809 315 1842 in
340 1809 463 1853 illisque
487 1820 655 1853 processus
675 1809 713 1842 de
738 1809 890 1853 partibus,
915 1809 1024 1841 remis-

283 1862 423 1903 soriales,
448 1867 479 1895 et.
502 1862 739 1906 compulsorias,
757 1862 821 1895 sive
838 1862 1021 1895 excederent

283 1915 348 1949 sive
364 1925 428 1949 non
442 1915 516 1949 folia
540 1915 807 1958 vigintiquatuor,
835 1915 1005 1957 registrare
1014 1926 1021 1955 ;

283 1972 406 2003 servata
429 1969 460 2002 in
485 1969 598 2002 ceteris
621 1970 723 2002 forma
748 1969 779 2001 in
804 1969 885 2002 dicta
914 1970 1021 2002 nostra

283 2023 507 2056 reformatione
520 2024 666 2057 contenta
683 2033 777 2066 super
794 2022 1022 2065 registrationis

283 2075 487 2110 confectione.

327 2130 342 2173 ἓ
371 2128 421 2161 tt.
453 2128 519 2167 Quo
554 2139 628 2161 vero
660 2128 699 2161 ad
729 2139 896 2169 cursores,
929 2139 1021 2161 versu

284 2182 435 2217 Cui-sores
447 2193 508 2226 pro
524 2182 670 2226 qualibet
687 2182 868 2223 citatione⁶,
887 2182 1022 2215 declara-

283 2246 353 2269 mus
376 2235 471 2268 Trivii
496 2235 657 2278 regionem
680 2246 739 2279 pro
759 2235 836 2268 locis
856 2236 937 2269 ultra
953 2236 1021 2269 son-

319 2360 330 2387 1
353 2359 411 2387 Hoc
426 2366 485 2394 cap.
503 2361 544 2386 est
559 2358 586 2385 in
601 2357 696 2386 eadem
720 2358 810 2385 Gonst.
827 2364 914 2393 exelv,
930 2360 942 2393 g
965 2365 1019 2392 xix,

282 2412 308 2431 n.
327 2403 386 2431 121.

316 2449 334 2476 2
352 2449 409 2476 Hoc
424 2457 483 2485 cap.
501 2452 542 2476 est
556 2448 634 2480 ibid.‚
655 2449 667 2483 5
683 2455 728 2482 xx,
746 2456 771 2474 n.
789 2447 833 2474 22.

317 2494 333 2521 3
351 2494 410 2520 Hoc
425 2501 484 2529 cap.
502 2496 543 2520 est
557 2492 637 2527 ibid.‚
653 2500 680 2518 n.
697 2492 741 2518 24.

316 2538 333 2564 4
352 2537 408 2565 Hoc
424 2545 483 2573 cap.
500 2540 540 2564 est
555 2536 633 2568 ibid.‚
649 2545 675 2563 n.
692 2537 718 2563 3.

316 2583 333 2610 5
352 2583 411 2609 Hoc
430 2585 511 2617 caput
530 2585 571 2608 est
590 2581 670 2614 ibid.‚
690 2588 764 2607 num.
780 2580 825 2607 17.

316 2627 333 2654 6
348 2626 403 2654 Hoc
419 2629 499 2662 caput
513 2629 554 2653 est
567 2633 651 2661 supra
669 2625 696 2652 in
716 2625 810 2652 eadem
826 2625 916 2652 Const.
933 2631 1019 2658 chW,

281 2672 295 2709 ἓ
313 2680 368 2708 xx1‚
388 2680 415 2699 n.
435 2672 480 2699 21.

364 2724 443 2752 Bull.
463 2724 546 2751 Rom.
562 2739 596 2743 —
613 2723 674 2751 Vol.
689 2723 754 2751 XII.
933 2722 964 2749 21

1062 275 1080 297 v
1105 275 1151 298 rr.
1704 265 1766 298 161

1063 326 1125 354 tem
1143 327 1171 354 et
1196 331 1305 354 arcum
1330 321 1435 362 Trivii,
1460 330 1522 355 non
1539 321 1636 361 citra3
1657 331 1714 354 nec
1739 321 1803 355 ullo

1063 380 1153 418 paeto
1180 375 1260 406 inter
1285 379 1387 418 partes
1413 375 1599 417 longinquas
1624 375 1801 407 enumerari

1064 429 1130 460 loca
1151 428 1212 468 illa,
1230 432 1308 470 (piae
1326 428 1372 459 rel
1391 431 1479 461 antea
1497 427 1553 470 ipsi
1579 438 1724 459 cursores
1742 438 1802 460 non

1063 481 1299 519 enumerabant,
1322 482 1367 513 rel
1393 492 1450 523 pro
1475 480 1589 524 quibus
1614 480 1704 513 solita
1724 491 1804 513 mer-

1063 533 1137 565 cede
1152 534 1390 566 bononenorum
1401 534 1537 566 duorum
1550 533 1685 566 contenti
1700 538 1801 565 erant:

1063 596 1111 624 ne,
1132 586 1216 629 quod
1243 597 1260 617 a
1276 586 1366 618 nobis
1392 586 1429 618 ad
1454 586 1613 629 publicam
1638 586 1801 618 utilitatem

1063 643 1092 671 et
1117 638 1255 671 tollendo
1273 640 1389 672 abusus
1406 639 1611 672 constitutum
1632 644 1687 679 cst,
1705 641 1802 683 pravi).

1063 691 1319 735 interpretatione
1331 692 1522 725 eontrarium
1536 692 1635 735 pariat
1645 692 1799 725 effectum.

1106 745 1121 788 ἓ
1148 745 1199 777 ”1“2.
1229 745 1359 789 Insuper
1391 743 1605 778 declaramus¹
1635 755 1693 788 pro
1725 745 1800 777 cita-

1061 797 1145 830 tione
1170 803 1278 831 eontra
1304 798 1484 842 episeopOS,
1511 798 1555 829 rel
1581 797 1655 829 alias
1678 797 1800 840 qualifi-

1061 856 1144 883 catas
1168 861 1317 894 personas
1332 878 1339 891 ‚
1361 851 1499 895 quinque
1517 850 1699 883 bononenos
1719 850 1800 883 acci-

1060 903 1153 946 pere‘z
1169 914 1270 946 posse,
1283 903 1408 946 quando
1422 903 1526 936 citatio
1542 903 1580 935 sit
1593 902 1800 946 personaliter

1061 961 1169 989 eontra
1199 956 1364 999 ipsammet
1395 965 1562 999 personam
1590 955 1799 999 qualificatam

1060 1013 1226 1053 exequuta,
1239 1019 1302 1042 non
1316 1014 1418 1042 autem
1429 1014 1535 1042 eontra
1550 1013 1799 1052 procuratorem,

1060 1062 1107 1094 vel
1132 1062 1231 1094 aliter.

1104 1115 1119 1158 g
1143 1114 1194 1147 213.
1220 1115 1266 1155 Et,
1291 1115 1366 1147 dum
1392 1114 1423 1146 in
1447 1114 1555 1147 eadem
1576 1116 1683 1148 nostra
1700 1115 1799 1148 resor-

1059 1167 1209 1201 matione⁸
1225 1167 1411 1211 prohibetur
1424 1167 1558 1200 auditori
1573 1177 1714 1200 camerae
1728 1178 1802 1201 con-

1060 1221 1170 1254 cedere
1187 1221 1400 1254 remissoriam
1425 1221 1463 1253 ad
1488 1226 1592 1265 partes
1616 1221 1653 1254 ad
1682 1221 1798 1254 exami-

1059 1273 1196 1305 nandum
1211 1274 1257 1305 rel
1272 1273 1475 1317 repetendum
1490 1273 1583 1306 citata
1600 1278 1687 1317 parte
1705 1278 1798 1306 testes

1059 1327 1098 1359 ad
1116 1327 1293 1359 instantiam
1309 1327 1386 1367 fisci,
1402 1327 1447 1359 rel
1465 1327 1502 1359 ad
1521 1327 1714 1370 probandam
1732 1327 1798 1360 eius

1060 1382 1275 1421 intentionem,
1292 1386 1321 1414 et
1338 1386 1431 1425 prout.
1455 1381 1547 1414 latius
1571 1381 1601 1413 in
1627 1382 1674 1421 ca,
1699 1381 1799 1413 decla-

1060 1446 1166 1467 ramus
1192 1435 1222 1468 id
1246 1446 1308 1468 non
1333 1434 1514 1479 procedere,
1532 1435 1557 1467 si
1577 1435 1683 1480 aliqua
1708 1434 1798 1477 legit-

1060 1489 1135 1521 tima
1154 1489 1342 1522 subsistente
1356 1491 1449 1521 eausa
1462 1488 1546 1521 aliud
1564 1489 1594 1521 in
1611 1489 1717 1533 aliquo
1730 1500 1799 1533 par-

1059 1543 1181 1575 ticulari
1199 1553 1273 1575 casu
1288 1542 1413 1586 ipsimet
1429 1542 1565 1575 auditori
1579 1543 1679 1575 visum
1693 1544 1796 1576 suerit.

1102 1597 1117 1639 ξ
1143 1596 1193 1628 1-1.
1219 1596 1350 1639 Insuper
1378 1596 1408 1628 in
1444 1607 1535 1628 versu
1562 1596 1714 1641 Quodque
1744 1608 1797 1630 su-

1055 1650 1285 1694 persessoriae⁴
1298 1655 1353 1683 etc.
1367 1656 1436 1694 post
1453 1651 1558 1688 rerba,
1571 1651 1620 1684 vel
1636 1651 1717 1684 alibi?
1732 1662 1797 1684 non

1056 1704 1240 1747 susceperit,
1268 1703 1410 1743 addatur,
1427 1703 1476 1736 vel
1500 1704 1567 1736 nisi
1590 1714 1628 1736 cr
1649 1703 1796 1747 legitima

1056 1757 1155 1790 causti
1192 1757 1245 1789 sui
1282 1756 1456 1789 tribunalis
1489 1761 1618 1789 tantum
1636 1783 1643 1797 ,
1672 1760 1699 1790 el
1730 1767 1796 1790 non

1055 1809 1151 1842 alifis.

1100 1864 1114 1906 ἓ
1140 1863 1189 1896 15.
1215 1863 1321 1902 Quoad
1347 1868 1433 1896 taxas
1462 1863 1630 1907 impressas
1655 1869 1721 1907 post
1749 1864 1794 1896 di-

1055 1921 1137 1949 ctam
1155 1921 1295 1949 nostram
1316 1917 1582 1957 reformationem,
1597 1917 1795 1961 infrascripta

1055 1970 1172 2013 corrigi
1188 1970 1381 2003 mandamus.
1400 1971 1433 2002 ln
1450 1970 1562 2014 primis
1578 1970 1682 2014 quoad
1705 1975 1794 2003 nota-

1055 2024 1119 2057 rios
1133 2034 1277 2057 camerae
1289 2024 1430 2056 deleatur
1447 2023 1619 2056 versiculus
1632 2023 1724 2056 Idem
1736 2023 1795 2066 fiat

1055 2077 1092 2110 de
1112 2077 1275 2122 pellibus,
1303 2081 1332 2109 et
1357 2087 1436 2109 vers.
1462 2077 1553 2110 Idem
1581 2077 1619 2109 de
1639 2077 1790 2120 sapone-5,

1054 2135 1161 2174 utpote
1186 2130 1388 2175 impresseris
1424 2141 1533 2163 errore
1565 2140 1794 2173 supervacanee

1055 2183 1128 2216 editi
1141 2184 1161 2225 ⁶,
1179 2194 1216 2216 ex
1233 2194 1295 2227 quo
1314 2184 1375 2217 iam
1395 2194 1491 2227 super
1516 2183 1707 2216 sufficienter
1728 2186 1793 2215 erat

1054 2237 1225 2281 provisum.

1091 2362 1100 2387 1
1124 2360 1181 2387 Hoc
1196 2363 1276 2395 caput
1295 2363 1336 2387 est
1354 2359 1387 2386 de
1408 2368 1477 2386 novo
1498 2358 1628 2386 additum.

1087 2405 1103 2432 2
1124 2404 1194 2431 Edit.
1216 2404 1333 2431 Cherub.
1355 2404 1442 2439 aptius
1462 2403 1527 2438 legit.
1546 2403 1639 2438 accipi
1659 2404 1758 2437 (R.'r.).

1087 2449 1104 2475 3
1122 2448 1177 2475 Hoc
1189 2457 1247 2484 cap.
1261 2452 1300 2475 est
1317 2448 1343 2474 in
1355 2447 1425 2474 dicta
1435 2448 1695 2482 Const.cx01v,§1v,
1707 2456 1734 2474 n.
1749 2448 1790 2475 14.

1088 2493 1105 2519 4
1120 2492 1175 2519 Hoc
1191 2501 1248 2527 cap.
1266 2495 1307 2518 est
1321 2491 1400 2526 ibid.‚
1417 2500 1443 2518 n.
1460 2491 1485 2518 4.

1087 2537 1104 2564 5
1124 2536 1181 2562 Hoc
1206 2544 1264 2571 cap.
1293 2539 1334 2562 est
1354 2535 1380 2562 in
1405 2535 1494 2562 Const.
1512 2542 1588 2569 cxcv,
1613 2537 1667 2570 §1³
1688 2544 1716 2563 n.
1742 2537 1793 2564 126

1053 2583 1079 2607 et
1096 2588 1154 2616 seq.

1087 2625 1104 2651 6
1118 2626 1267 2659 Perperam
1278 2624 1342 2651 edit.
1354 2624 1433 2651 Main.
1446 2625 1511 2660 legit
1526 2625 1634 2659 edicta‚·
1650 2624 1715 2653 edit.
1727 2624 1792 2652 Clie-

1053 2669 1114 2697 rub.
1134 2669 1198 2705 legit
1213 2670 1287 2697 edita
1302 2669 1338 2704 (n.
1355 2669 1403 2704 Τ.).

1819 273 1866 300 Αη.
1884 274 1911 300 C.
1934 273 2001 301 1612
