2293 3231
1725 274 1782 307 371

1086 336 1164 368 cesis
1190 335 1282 366 etiam
1308 344 1369 367 non
1395 334 1512 377 patriae
1537 333 1725 373 Leodiensis,
1751 344 1826 366 cou-

1088 387 1184 421 ferrc¹
1212 389 1276 422 (illa
1303 394 1416 428 tamen,
1443 388 1511 420 illos
1536 393 1562 419 et
1592 388 1668 425 illas,
1691 398 1769 430 quac
1796 388 1824 419 in

1087 443 1230 477 civitate,
1257 443 1377 485 patria,
1411 447 1436 473 et
1471 442 1604 474 dioecesi
1639 442 1731 473 etiam
1764 451 1825 474 nou

1088 497 1188 539 patria
1214 496 1387 532 Leodicnsi„
1413 506 1470 538 per
1494 495 1612 527 obitum
1639 500 1757 527 tantum
1778 506 1829 527 ra-

115 288 163 314 Αη.
184 288 213 314 C.
235 288 301 316 1616
956 287 1074 311 PAULt's
1095 287 1113 310 V
1134 287 1181 310 ΡΙ).

153 351 243 374 Abi-ngat
267 350 298 370 iu<

166 378 169 380 v
232 378 235 379 ⁷
359 336 372 377 g
392 334 443 368 to.
461 335 567 374 Quoad
584 335 738 368 beneficia
756 336 786 368 iu
804 336 936 375 cix-itate,
953 337 1050 379 patria
1069 362 1071 375 ‚

115 377 236 398 nominandi
272 376 298 396 ad

115 404 219 433 timenem
237 402 299 432 fime-
314 394 343 421 ct
368 390 430 421 tota
455 388 589 421 dioecesi
611 389 792 423 Leodieusi.
811 389 873 421 sive
900 389 928 421 iu
954 389 1052 432 patria
1070 410 1071 423 t

114 429 299 486 {fiiiissili'ssh‘iffiff
314 448 342 474 et
367 452 429 475 non
453 442 609 481 dioecesi,
635 443 698 474 sire
724 443 754 474 iu
779 443 914 475 dioecesi
940 448 965 474 ct
993 452 1071 476 uon}

115 483 298 530 ῗιῗὲῗῗυῧζιιῖἶῖῗῖἶ
314 495 345 527 in
369 495 468 538 patria
493 495 664 535 Leodieusi,
691 496 720 528 in
747 496 860 539 quibus
890 492 1072 529 comitiatus}

1836 284 1884 310 An.
1906 283 1933 310 C.
1957 284 2024 311 lfilt]

160 1610 304 1636 Cunceauque

126 1642 150 1657 us
181 1638 305 1657 nominandi

120 1663 256 1684 adbenoticia
265 1664 305 1684 ihi-

121 1690 167 1710 dem
177 1691 304 1710 vacantiam

120 1716 228 1737 mensibus

121 1743 242 1768 designans.

313 548 472 581 Lossensis
497 554 525 580 et
545 548 675 581 ducatus
698 549 891 582 Bulloncusis
915 545 1073 591 compre-¹

313 601 503 642 liendunlur,
529 602 742 641 consistentia,
768 603 815 634 ius
833 607 858 634 et
880 602 1054 635 facultatem
1072 593 1073 617 1

312 655 494 688 nominandi
521 666 577 698 per
602 655 760 698 praedicta
789 655 906 687 indulta
931 660 1055 697 aposto-

311 708 371 740 lica
387 708 522 748 decano,
545 719 598 741 seu
622 709 808 741 riecdecano
833 708 986 740 facultatis
1010 708 1074 739 :ir-1
1090 709 1161 740 anni
1187 709 1363 741 immediate
1385 710 1541 752 sequentis
1561 719 1714 749 iincxvul,
1735 714 1761 741 et
1785 709 1828 741 sic

1073 774 1075 809 ἦ
1090 761 1237 805 deinceps
1254 763 1414 805 perpetuis
1430 763 1543 795 futuris
1565 763 1772 806 temporil‘ius,
1789 762 1829 794 ita

313 815 390 848 ctori
415 815 556 848 eiusdem
583 815 794 848 universitatis
819 824 1002 847 eoncessum
1029 814 1075 845 et‘

313 878 504 909 concessam,
520 869 567 901 vel
585 869 660 901 alias
677 868 910 912 quomodolibet
929 877 1057 909 compe-
1073 865 1075 872 ⁴

313 926 381 954 tens
404 926 434 954 et
457 926 701 965 competentem,
723 921 912 962 abroganms
936 925 962 952 et
991 923 1075 962 per-l

314 980 407 1017 petuo
431 974 580 1014 tollimus,
606 974 779 1017 eademque
803 974 920 1005 indulta
937 978 964 1005 et
987 983 1058 1005 con-
1074 967 1075 978 ¹
1091 986 1146 1019 per
1167 976 1286 1008 obitum
1306 977 1334 1007 ir.
1353 976 1513 1019 praedii-to
1530 977 1622 1009 unii-0
1640 986 1746 1008 mense
1764 982 1831 1008 tan-

1074 1034 1157 1064 :tum
1191 1030 1325 1062 conferri
1361 1030 1498 1072 valeant)
1529 1030 1648 1072 possit²
1673 1029 1831 1071 magistris

315 1081 491 1114 facultatem
521 1081 722 1120 nominandi,
747 1086 906 1123 perpetuo
931 1084 1075 1112 revoca—³

315 1144 395 1174 mus
412 1144 446 1166 ac
464 1134 557 1166 etiam
574 1133 612 1166 de
629 1143 783 1166 consensu
800 1133 940 1165 eiusdem
962 1133 1057 1165 facul·
1074 1148 1076 1151 »

312 762 389 794 tium
411 762 590 805 praedictae
609 761 819 794 univcrsitatis
836 773 870 793 ac
893 763 995 793 forsan
1013 771 1057 793 rc-

315 1029 495 1068 cessiones,
536 1028 638 1071 quoad
677 1027 875 1070 praedictum
917 1027 964 1058 ius
1003 1037 1057 1059 seu

316 1187 387 1219 tatis
416 1187 547 1226 artium,
574 1187 734 1219 irritamus
767 1191 796 1219 et
824 1186 1056 1229 extinguimus,

316 1240 358 1272 ita
390 1241 474 1284 quod
502 1240 681 1284 praedictus
708 1240 844 1272 decanus
876 1245 903 1271 et
937 1239 1059 1271 vicede-

317 1303 413 1326 canus
438 1294 592 1326 facultatis
618 1294 742 1333 artium,
768 1303 825 1325 nec.
850 1293 909 1325 alia
928 1303 1060 1336 persona

319 1347 458 1379 eiusdem
492 1347 723 1386 universitatis,
748 1347 785 1379 de
811 1351 914 1380 cetero
949 1347 1059 1379 babeat

319 1404 371 1434 aut
395 1400 600 1443 praetendere
627 1400 725 1443 possit
755 1400 916 1443 perpetuis
948 1399 1061 1431 futuris

321 1454 517 1496 temporibus
548 1453 675 1496 aliquod
703 1453 751 1486 ius
776 1463 830 1485 scu
855 1453 992 1495 aliquam
1018 1454 1061 1484 fa—

321 1506 466 1540 cultatem
484 1507 664 1540 nominandi
682 1506 719 1538 ad
736 1516 952 1549 quaecumque
970 1506 1063 1537 bene—

322 1560 391 1592 ticia
408 1560 640 1603 praedictarum
659 1559 800 1599 civitatis,
814 1559 942 1602 patriae,
956 1559 1063 1591 totius-

320 1623 380 1656 que
405 1613 556 1646 dioecesis
574 1613 767 1651 Leodiensis3
785 1618 825 1651 et,
840 1613 908 1645 loco
922 1612 1061 1644 eiusdem

320 1666 397 1699 iuris
414 1677 469 1699 seu
487 1667 640 1699 facultatis
654 1666 845 1703 nominandi,
861 1666 1062 1698 concedimus

320 1720 438 1754 decano
470 1731 525 1753 seu
555 1721 743 1753 vicedecano
770 1720 947 1763 praedictae
968 1720 1060 1752 sacul-
1077 1722 1080 1755 ἶ
1095 1725 1278 1758 eorumdem
1304 1726 1527 1768 magistrorum
1546 1725 1575 1757 in
1591 1725 1719 1763 artibus,
1737 1724 1836 1757 senio-

320 1774 391 1807 tatis
415 1775 541 1813 artium,
561 1779 594 1806 ut
619 1774 781 1817 perpetuis
806 1773 919 1805 futuris
945 1777 1063 1816 tempo-

319 1827 406 1860 ribus
438 1828 496 1871 ipsi
527 1827 664 1860 decanus
693 1827 740 1859 vel
772 1827 976 1859 vicedecanus
1010 1820 1079 1864 tde⁴

319 1890 474 1913 consensu
491 1881 664 1923 receptoris
681 1884 709 1913 et
726 1884 969 1923 procuratorum
989 1890 1062 1923 qua-

319 1938 391 1966 tuor
414 1933 577 1965 nationum
597 1932 737 1965 eiusdem
762 1932 925 1972 facultatis,
947 1943 1002 1975 per
1029 1943 1061 1966 se

320 1986 368 2018 vel
392 1986 470 2020 alios
486 1986 524 2018 ad
547 1986 577 2018 id
602 1986 640 2018 ab
665 1986 708 2018 eis
725 1986 957 2018 substituendos
975 1997 1062 2029 prae-

321 2039 440 2081 stando,
465 2050 519 2072 seu
544 2040 673 2072 maioris
697 2040 795 2082 partis
819 2045 943 2082 eorum)
969 2040 1061 2073 bene-

321 2092 401 2132 ficia,
419 2103 490 2125 cum
511 2094 587 2125 cura
611 2096 641 2125 et
667 2092 733 2125 sine
755 2095 830 2125 cura
847 2093 1009 2133 secularia,
1032 2094 1061 2125 in

321 2145 445 2178 titulum
477 2145 599 2178 clericis
637 2145 832 2177 secularibus
867 2146 1000 2178 conferri
1035 2150 1062 2179 et

320 2208 377 2241 per
401 2198 533 2230 clericos
565 2198 723 2230 seculares
748 2198 814 2240 regi
840 2203 867 2229 et
893 2199 1062 2240 gubernari

321 2251 422 2291 solita,
441 2251 471 2283 iu
491 2251 624 2291 civitate,
642 2251 755 2294 patria,
773 2256 800 2282 et
819 2250 953 2283 dioecesi
970 2251 1062 2283 etiam

321 2315 384 2338 non
414 2305 514 2348 patria
544 2305 708 2337 Leodiensi
743 2314 801 2347 pro
834 2310 976 2347 tempore
1008 2315 1064 2347 per

323 2358 444 2391 obitum
477 2358 635 2390 dumtaxat
670 2358 829 2396 vacantia,
855 2357 976 2389 etiamsi
1004 2358 1063 2390 sint

325 2412 526 2445 canonicatus
558 2417 586 2444 et
615 2410 834 2455 praebendae,
859 2415 1063 2453 personatus,

325 2465 610 2498 administrationes
634 2470 661 2497 et
687 2465 863 2507 dignitates,
885 2465 1064 2497 cuiuscum-

326 2528 394 2562 que.
404 2518 560 2562 qualitatis
578 2522 607 2552 et
623 2518 748 2557 valoris,
764 2527 826 2550 non
844 2522 948 2549 tamen
965 2518 1064 2550 maior

325 2577 396 2615 post
419 2571 630 2615 pontificalem
661 2572 692 2604 in
726 2571 856 2604 ecelesia
881 2571 1063 2611 Lcodiensi,

326 2634 384 2658 nec
413 2625 594 2668 principalis
622 2625 757 2668 dignitas
795 2625 824 2656 in
855 2624 990 2667 qualibet
1028 2635 1063 2657 ex

1088 560 1158 583 care
1184 551 1346 593 eontigerit
1375 551 1404 582 in
1431 560 1536 583 mense
1562 550 1692 582 ianuarii
1717 554 1744 582 ct
1771 560 1828 581 no-

1090 603 1226 634 vembris
1243 603 1314 634 anni
1337 603 1479 646 proxime
1501 603 1621 636 venturi
1640 612 1781 641 iincxvn,
1799 607 1827 633 et

1090 656 1182 688 unico
1215 666 1339 695 meuse,
1366 656 1479 688 scilicet
1515 666 1621 688 meuse
1648 655 1828 688 novembris

1090 815 1173 857 quod
1197 816 1372 849 alternatim
1403 827 1464 849 mio
1494 826 1574 849 anno
1606 817 1744 849 vacantia
1773 826 1830 859 per

1091 868 1212 900 obitum
1248 868 1402 901 dumtaxat
1443 869 1471 900 in
1509 869 1675 912 praedictis
1707 869 1831 901 duobus

1092 922 1252 954 mensibus
1276 927 1305 955 et
1330 923 1391 954 alio
1416 933 1497 955 anno
1523 923 1661 954 vacantia
1687 923 1831 955 similiter

1093 1083 1122 1114 in
1147 1083 1265 1116 artibus
1291 1083 1404 1115 ibidem
1431 1083 1590 1123 gradualis
1615 1088 1642 1113 et
1669 1082 1833 1114 residenti-

1092 1136 1159 1176 bus,
1186 1142 1246 1168 tam
1272 1136 1460 1175 senioribus,
1487 1136 1600 1167 scilieet
1628 1136 1680 1178 qui
1707 1135 1782 1166 inibi
1802 1135 1831 1166 in

1092 1190 1237 1222 facultate
1268 1185 1381 1221 artium
1416 1200 1468 1221 sex
1499 1189 1587 1220 aunis
1619 1189 1750 1231 legerint
1780 1194 1830 1220 aut

1093 1243 1239 1282 rexerint,
1261 1244 1307 1275 vel
1333 1243 1372 1275 ob
1397 1243 1556 1275 doetrinae
1577 1242 1778 1274 eminentiam
1795 1241 1833 1273 ad

1076 1317 1077 1329 ι
1094 1296 1270 1329 docendum
1289 1297 1422 1338 logicam
1441 1302 1467 1328 et
1484 1295 1645 1339 physicam
1658 1295 1833 1328 Aristotelis

1094 1350 1232 1390 admissi,
1257 1350 1304 1382 rel
1331 1351 1360 1382 in
1385 1350 1437 1381 illa
1462 1360 1477 1381 a
1504 1359 1614 1382 uorem
1644 1348 1732 1380 annis
1763 1358 1835 1390 pro-

1095 1403 1170 1436 moti
1195 1407 1222 1436 et
1248 1403 1401 1446 graduali,
1423 1408 1449 1434 et
1476 1402 1513 1435 de
1539 1402 1622 1434 illius
1640 1401 1769 1434 consilio
1794 1401 1836 1433 fo-

1096 1461 1164 1490 rent
1188 1457 1236 1489 vet
1260 1456 1428 1500 aliquando
1452 1456 1591 1495 fuissent,
1616 1466 1710 1498 quam
1736 1455 1836 1487 iunio—

1095 1511 1192 1551 ribus,
1218 1511 1358 1544 videlicet
1386 1510 1500 1542 ibidem
1525 1510 1685 1551 gradualis
1710 1513 1738 1542 et
1762 1509 1836 1541 resi-

1095 1564 1260 1604 dentibus,
1285 1564 1461 1607 praedictas
1485 1564 1559 1596 alias
1584 1563 1749 1608 qualitates
1772 1573 1833 1595 non

1095 1617 1295 1656 habentibus,
1320 1617 1546 1659 cuiuseunupie
1570 1616 1751 1659 patrimonii
1775 1615 1833 1647 sint

1095 1671 1236 1713 magistri
1265 1671 1434 1714 praedicti,
1459 1671 1500 1702 ita
1531 1670 1615 1713 quod
1644 1670 1834 1713 quicumque

1095 1789 1165 1810 rum
1186 1782 1218 1812 et
1244 1779 1424 1818 iuniorum,
1449 1778 1543 1810 annui
1568 1777 1718 1817 redditus,
1741 1777 1833 1809 etiam

1095 1832 1329 1874 patrimoniales
1353 1832 1401 1864 vel
1427 1832 1638 1871 ecclesiastici,
1660 1831 1836 1863 cuiuscum-

1095 1895 1155 1927 que
1185 1885 1319 1925 valoris,
1350 1895 1413 1918 nou
1446 1885 1638 1928 impediant,
1666 1884 1835 1927 quominus

1095 1939 1211 1971 eisdem
1237 1939 1333 1982 possit
1358 1940 1395 1971 dc
1418 1939 1586 1982 praedictis
1604 1938 1762 1971 beneficiis
1779 1948 1834 1981 per

1095 1992 1246 2024 decanum
1273 1993 1320 2024 vel
1345 1992 1566 2025 vicedecanum
1594 1991 1771 2035 praedictae
1796 1992 1837 2023 fa-

1096 2046 1217 2079 cultatis
1242 2046 1356 2078 artium
1377 2050 1409 2079 ut
1434 2057 1528 2089 supra
1544 2045 1716 2088 provideri:
1739 2046 1837 2088 quod-

1095 2111 1155 2142 que
1180 2105 1324 2142 respectu
1348 2099 1573 2132 beneficiorum
1602 2099 1834 2142 praedictorum

1096 2153 1127 2184 iu
1152 2153 1290 2189 civitate,
1315 2153 1426 2196 patria,
1445 2158 1471 2185 ct
1493 2153 1628 2185 dioecesi
1654 2153 1747 2185 etiam
1773 2162 1834 2184 non

1096 2216 1158 2238 non
1171 2206 1271 2249 patria
1284 2206 1446 2238 Leodiensi
1461 2206 1619 2238 dumtaxat
1635 2216 1691 2249 per
1705 2206 1834 2239 obitum.

1097 2265 1127 2291 ut
1152 2261 1338 2302 praefertur,
1364 2260 1394 2291 in
1419 2260 1586 2302 praedictis
1607 2259 1728 2291 duobus
1753 2269 1836 2290 meu-

1097 2313 1183 2344 sibus
1206 2313 1315 2352 unius,
1341 2319 1367 2345 et
1395 2313 1425 2344 in
1453 2312 1613 2356 praedicto
1642 2313 1702 2344 alio
1728 2322 1834 2344 mense

1097 2366 1224 2399 alterius
1255 2367 1326 2398 anni
1359 2367 1553 2405 vacantium,
1585 2366 1666 2398 idem
1699 2366 1835 2398 decanus

1098 2420 1144 2451 vel
1166 2420 1369 2452 vicedecanus
1393 2421 1546 2452 facultatis
1570 2420 1682 2453 artium
1701 2419 1832 2452 habeant

1098 2473 1224 2515 plenum
1251 2473 1298 2505 ius
1332 2477 1360 2506 et
1394 2474 1572 2506 facultatem
1601 2473 1780 2506 conferendi
1805 2478 1833 2505 et

1098 2526 1285 2559 immittendi
1310 2537 1393 2566 suos,
1419 2532 1449 2559 ut
1476 2528 1666 2570 praefertur,
1692 2527 1835 2570 provisos

1136 2598 1144 2623 1
1166 2596 1283 2624 Erronee
1300 2597 1363 2623 edit.
1381 2597 1458 2624 Main.
1477 2597 1539 2632 legit
1555 2599 1684 2632 conferri
1698 2600 1734 2634 (a.
1750 2601 1798 2633 [j.

1132 2642 1147 2667 2
1163 2641 1282 2668 Verbum
1291 2643 1380 2676 possit
1397 2650 1445 2669 uos
1461 2642 1583 2669 addimus
1598 2643 1631 2670 ad
1648 2644 1834 2679 complendam

329 2678 499 2721 COlleglssllS
519 2679 662 2719 ClVll-‘lll§,
679 2678 808 2722 palrlstil,
826 2684 851 2714 ⁴:l
872 2678 967 2711 totius·
984 2678 1065 2710 dioe—
1098 2687 1227 2721 syntaxim
1249 2691 1323 2713 extra
1339 2687 1522 2721 parenthesim
1550 2694 1574 2714 n,
1597 2688 1643 2714 T).
