2293 3231
282 267 374 294 Aac.
399 267 466 295 16¹2
516 258 576 292 130
1056 262 1234 288 Bt'LLARll'M
1258 262 1411 288 nonaxon
2011 261 2153 291 An.c.1
2196 244 2198 246 ’
2236 252 2243 262 ’

482 316 624 359 signetur
647 314 824 359 adimpletis
849 312 1009 345 conventis
1029 317 1059 343 et
1087 311 1167 344 sacta
1182 311 1223 343 le·
1300 309 1352 343 6⁹2.
1379 310 1439 343 Pro
1464 309 1667 354 pauperibus,
1691 315 1754 343 tam
1779 308 1998 354 praesentibus

484 368 595 412 gitima
619 367 820 412 quietatione,
838 371 911 398 tunc
931 375 989 408 pro
1015 363 1162 397 mandato
1184 362 1222 396 de
1256 374 1351 408 quam
1365 363 1559 404 absentibus,
1573 368 1716 396 servetur
1729 362 1911 397 reformatio
1927 362 2000 396 San-

481 420 697 464 eonsignando
723 419 832 452 habeat
867 416 1009 461 notarius
1034 416 1126 449 iulios
1150 426 1225 460 qua·
1256 416 1387 450 ctissimi
1403 417 1461 450 sub
1478 417 1570 449 tituto
1582 416 1628 450 De
1643 417 1801 460 reyis!ris‚
1818 426 1897 449 vers.
1913 415 2000 450 Pau-

482 480 554 507 tuor
574 484 646 506 cum
672 472 812 511 dimidio,
837 476 865 503 et
891 470 968 503 alios
992 474 1127 513 quatuor
1151 480 1223 502 eum

483 526 614 559 dimidio
631 536 689 569 pro
706 523 944 567 consignatione
961 522 1101 564 cedulae,
1118 528 1148 556 et
1162 532 1224 556 non

481 579 579 613 ultra:

527 631 578 664 55.
603 628 732 670 Quando
765 638 840 662 vero
875 627 1054 672 depositum
1083 632 1129 661 est
1153 637 1225 660 cum

482 683 706 728 protestatione
720 682 767 715 vel
781 681 959 715 conditione
972 681 1148 714 extrinseca
1163 690 1226 714 non

484 739 636 771 conventa
654 736 683 769 in
704 736 861 780 scriptura
880 735 970 768 cuius
987 735 1095 778 vigore
1111 735 1226 777 agitur,

484 792 562 825 adeo
579 790 664 835 quod
678 789 798 823 oriatur
808 799 903 833 super
918 791 954 821 ea
965 788 1138 829 decrettun,
1152 792 1226 821 tune

487 854 546 889 pro
560 843 708 876 mandato
725 843 762 876 de
780 841 996 885 consignando
1013 841 1100 881 illud,
1116 841 1226 874 habeat

488 897 629 931 notarius
654 902 786 937 tantum,
802 901 955 939 quantum
980 895 1156 928 solveretur
1171 905 1229 938 pro

487 951 635 985 mandato
653 951 735 984 illius
750 960 892 983 summae
909 948 1107 992 exequutivo,
1121 953 1148 981 et
1167 958 1230 980 am-

485 1006 569 1051 plius
594 1005 686 1038 iulios
702 1009 838 1048 quatuor
862 1014 934 1036 cum
959 1002 1091 1035 dimidio
1107 1012 1166 1046 pro
1183 1013 1231 1034 rc-

487 1060 648 1093 stitutione
664 1059 803 1099 cedulae,
813 1058 838 1091 si
853 1057 1056 1100 consignetur
1070 1056 1100 1089 in
1118 1060 1229 1096 totum,

489 1113 535 1146 sin
561 1113 665 1146 minus
691 1112 801 1145 iulium
833 1122 931 1144 unum
956 1121 1015 1154 pro
1039 1109 1230 1154 quietationc

488 1176 631 1200 summac
648 1176 728 1210 quae
746 1164 994 1208 consignabitur,
1011 1169 1038 1196 et
1058 1173 1121 1195 non
1138 1162 1230 1194 ultra:

533 1220 585 1254 56.
611 1218 741 1259 Quando
765 1218 944 1262 depositum
963 1221 1007 1249 est
1028 1217 1143 1249 sactum
1161 1220 1229 1259 post

489 1273 627 1307 mandati
651 1272 830 1317 exequutivi
855 1270 1091 1311 relaxationem,
1103 1280 1233 1313 quomo-

489 1327 667 1370 documque
689 1326 753 1366 siat,
771 1325 864 1357 etiam
885 1323 969 1368 quod
986 1324 1076 1368 plura
1097 1323 1232 1366 desuper

489 1380 558 1415 fieri
584 1380 709 1413 decreta
734 1378 904 1421 contingat,
921 1387 1094 1421 numquam
1120 1376 1232 1409 habeat

488 1434 630 1468 notarius
653 1433 713 1466 nisi
739 1432 832 1465 iulios
856 1436 992 1475 quatuor
1011 1441 1083 1464 eum
1102 1430 1232 1464 dimidio

489 1498 547 1533 pro
572 1487 718 1521 mandato
743 1486 781 1519 de
802 1485 1029 1528 consignando,
1046 1490 1076 1517 et
1100 1484 1230 1517 totidem

489 1552 549 1587 pro
573 1540 772 1574 restitutione
797 1539 925 1572 cedulae
950 1543 979 1571 et
1003 1537 1188 1582 quietantia,
1207 1538 1231 1570 si

489 1596 647 1638 integrum
666 1593 880 1637 consignetur,
891 1592 1043 1636 alioquin,
1053 1592 1135 1624 ultra
1149 1601 1234 1624 man-

489 1648 552 1682 dati
576 1647 727 1692 praedicti
753 1646 954 1686 mercedem,
983 1645 1095 1678 habeat
1120 1644 1231 1677 iulium

489 1712 588 1735 unum
613 1712 671 1745 pro
695 1700 886 1744 quietantia,
911 1704 943 1732 ut
970 1710 1075 1742 supra,
1100 1703 1130 1731 et
1153 1698 1232 1731 nihil

490 1755 626 1799 amplius
640 1754 671 1786 in
685 1753 823 1798 quolibet
838 1752 1074 1797 praedictorum
1091 1762 1231 1785 casuum.

535 1808 586 1842 57.
631 1808 691 1841 Pro
726 1806 924 1840 restitutione
959 1816 1233 1850 quarumcumque

491 1862 719 1906 scripturarum
744 1860 837 1893 simul
865 1865 894 1892 et
919 1859 1030 1893 eodem
1051 1864 1122 1892 actu
1146 1859 1234 1892 resti-

492 1916 690 1956 tuendarum,
712 1915 778 1947 iulii
803 1919 954 1958 quatu01·;

536 1968 587 2002 58.
615 1969 649 2002 Et
675 1968 700 2001 si
725 1967 843 2000 suerint
866 1966 1054 2008 excessivae,
1080 1965 1234 1999 habeatur

492 2027 654 2066 respectus
678 2021 782 2065 quoad
806 2020 929 2064 copiam
949 2030 967 2052 a
983 2020 1106 2054 notario
1122 2019 1235 2052 sacien-

492 2077 564 2110 dam
589 2081 619 2109 et
644 2076 675 2108 in
700 2075 777 2108 actis
801 2074 1029 2107 dimittendam.

538 2130 589 2164 59.
615 2130 691 2163 ltem
707 2156 714 2169 ‚
739 2128 823 2172 quod
847 2138 905 2172 pro
930 2127 1136 2170 registratura
1160 2137 1235 2171 quo-

493 2193 704 2227 rumcumque
729 2181 950 2215 mandatorum
976 2185 1005 2214 et
1029 2181 1164 2215 aliorum
1190 2181 1234 2213 in-

493 2240 754 2276 strumentorum,
771 2246 829 2279 pro
853 2234 967 2279 quibus
992 2235 1071 2268 solet
1094 2234 1163 2266 fieri
1186 2233 1235 2265 ds·-

494 2290 631 2335 positum
658 2289 688 2322 in
712 2289 800 2329 Rota,
819 2288 979 2321 solvantur
993 2287 1066 2320 solia
1085 2287 1236 2331 quinqua-

1254 470 1385 514 peribus
1400 468 1420 503 ¹.

1302 522 1354 557 63.
1380 523 1440 557 Pro
1475 523 1641 567 duplic-atis
1678 523 1818 556 solvatur
1849 521 2000 555 medietas

1258 577 1401 611 omnium
1426 575 1691 621 supradictorum.

1585 647 1601 691 §
1623 646 1670 679 vl.

1263 719 1353 752 Tusca
1367 718 1573 751 notariorum
1584 727 1760 750 causarum
1772 716 2002 750 criminalium

1303 770 1530 815 {luber-natoris
1561 780 1717 810 camerac,
1744 769 1884 810 vicarii,
1910 779 2003 803 sena-

1307 825 1395 865 toris,
1423 835 1460 857 ac
1484 824 1602 858 iudicis
1626 824 1734 867 Buryi
1745 822 1767 857 ².

1307 896 1335 929 l.
1362 896 1422 929 Pro
1448 895 1629 940 receptione
1657 895 1815 939 querelae,
1839 905 1877 928 ex
1901 894 2005 928 officio

1264 951 1310 983 rel
1343 951 1381 983 ad
1408 950 1586 983 instantiam
1610 949 1727 994 partis,
1753 949 1818 982 sive
1843 949 1873 981 in
1901 947 2005 982 officio

1263 1005 1328 1038 sire
1353 1010 1440 1038 extra
1465 1004 1616 1044 officium,
1633 1003 1721 1036 nihil.

1307 1059 1336 1092 2.
1363 1059 1423 1092 Pro
1446 1058 1589 1091 examine
1622 1057 1748 1091 testium
1778 1067 1836 1101 pro
1860 1056 2007 1093 informa-

1264 1112 1347 1146 tione
1372 1111 1489 1152 curiae,
1513 1111 1577 1144 sive
1602 1111 1633 1143 in
1659 1110 1763 1144 officio
1780 1110 1827 1143 vel
1851 1114 1939 1143 extra
1963 1109 2006 1143 os-

1264 1165 1382 1206 ticium,
1400 1164 1546 1197 similiter
1571 1176 1607 1197 cx
1633 1163 1736 1197 officio
1762 1163 1809 1197 vel
1837 1162 1876 1195 ad
1893 1163 2007 1196 instan-

1265 1219 1338 1252 tiam
1362 1218 1470 1263 partis,
1495 1218 1582 1250 nihil.

1309 1271 1339 1305 .3.
1365 1272 1425 1305 Pro
1449 1271 1591 1305 examine
1616 1280 1744 1304 reorum
1766 1269 1798 1303 in
1815 1269 2006 1311 carceribus,

1264 1325 1350 1358 nihil.

1309 1379 1338 1411 4.
1364 1379 1424 1411 Pro
1449 1378 1587 1422 quolibet
1614 1377 1794 1418 monitorio,
1812 1376 2008 1418 inhibitione,

1264 1433 1311 1465 vel
1337 1437 1501 1476 sequestro
1526 1431 1557 1464 in
1582 1431 1670 1465 curia
1701 1441 1774 1464 cum
1807 1430 1948 1464 clausula
1971 1429 2009 1465 Si

1265 1487 1350 1531 quis,
1374 1485 1534 1519 bononeni
1559 1489 1633 1518 tres.

1311 1539 1339 1572 5.
1366 1539 1426 1572 Pro
1451 1539 1647 1579 inhibitione,
1671 1543 1804 1579 ari-esto,
1826 1537 2007 1580 monitorio,

1267 1593 1314 1626 vel
1339 1597 1513 1637 sequestro,
1538 1593 1605 1626 sine
1629 1592 1712 1625 dicta
1736 1591 1886 1633 clausula,
1911 1591 2008 1626 hono-

1266 1647 1337 1679 neni
1362 1646 1510 1691 quinque.

1312 1699 1341 1733 6.
1368 1701 1427 1733 Pro
1451 1699 1589 1743 qualibet
1615 1699 1854 1743 significatione,
1880 1709 1953 1732 cum
1977 1697 2011 1732 fi-

1266 1753 1457 1795 deiussione,
1469 1753 1533 1786 sive
1543 1753 1744 1796 obligatione,
1755 1751 1914 1786 bononeni
1923 1751 2010 1796 quin-

1267 1807 1380 1840 decim.

1313 1861 1341 1893 7.
1367 1860 1428 1893 Pro
1445 1859 1540 1892 simili
1557 1859 1787 1903 significatione
1803 1858 1923 1903 absque
1938 1859 2012 1894 fide-

1267 1914 1406 1948 iussione
1425 1919 1455 1947 et
1479 1913 1682 1957 obligatione,
1707 1913 1866 1947 bononeni
1890 1913 2009 1947 decem.

1312 1967 1340 2000 8.
1356 1968 1416 2001 Pro
1432 1967 1602 2001 monitorio
1615 1966 1750 2011 poenali,
1762 1966 1920 2008 citatione,
1934 1967 2012 2001 inhi-

1267 2021 1395 2061 bitione,
1413 2026 1587 2065 sequestro,
1604 2025 1736 2061 ari-esto,
1753 2024 1807 2053 aut
1821 2019 1883 2053 alio
1899 2008 2011 2064 quovis

1268 2075 1488 2114 instrumento,
1505 2073 1570 2106 sive
1595 2073 1626 2106 in
1650 2073 1738 2107 curia
1766 2073 1831 2106 sive
1848 2078 1936 2107 extra
1959 2084 2012 2107 cu-

1269 2129 1359 2170 riam,
1376 2129 1441 2161 sive
1457 2127 1645 2161 auctoritate
1661 2127 1821 2161 ordinaria
1845 2127 1910 2160 sive
1927 2138 2010 2161 eom-

1268 2183 1412 2216 missaria
1436 2193 1494 2226 pro
1518 2182 1605 2223 fiseo,
1629 2181 1716 2215 nihil.

1313 2237 1342 2269 a.
1368 2236 1429 2270 Pro
1446 2236 1539 2269 simili
1556 2235 1726 2269 monitorio
1743 2235 1774 2268 in
1791 2234 1879 2268 curia
1897 2234 1929 2267 in
1946 2234 2009 2267 vim

1269 2289 1512 2330 commissionis,
1530 2289 1554 2321 si
1585 2289 1673 2321 adest
1690 2289 1855 2331 instigator
1872 2291 2011 2322 secretus

494 2344 572 2387 ginti
597 2342 735 2387 registri,
759 2341 844 2386 quod
869 2347 972 2374 tamen
997 2341 1125 2374 omnino
1150 2342 1211 2373 liat.
1250 2325 1316 2400 *vel
1331 2349 1469 2387 apertus,
1488 2342 1647 2377 bononeni
1667 2341 1915 2386 trigintaseptem
1939 2351 2010 2375 cum

539 2396 590 2430 60.
617 2397 650 2429 ln
673 2395 776 2429 causis
809 2405 916 2428 eoram
941 2394 1153 2428 cardinalibus
1179 2395 1236 2427 sol·
1269 2396 1410 2430 dimidio.

495 2455 585 2482 vatur
609 2449 740 2494 duplum
767 2449 851 2482 iuxta
876 2449 1012 2482 solitum.

539 2503 591 2537 (il.
611 2504 644 2536 ln
661 2503 763 2537 causis
782 2502 999 2544 cardinalium,
1019 2502 1162 2536 videlicet
1178 2513 1236 2547 pro

496 2556 708 2589 cardinalibus
731 2557 879 2600 propriiS,
904 2562 933 2589 et
953 2556 1089 2590 aliorum
1113 2556 1237 2600 privile-

496 2609 664 2652 giatorum,
678 2615 820 2643 servetur
833 2610 960 2643 solitum
974 2610 1158 2643 eorumdem
1176 2621 1237 2654 prt-

499 2662 728 2706 vilegiatorum.

1314 2449 1365 2483 110.
1393 2449 1452 2483 Pro
1476 2448 1646 2483 monitorio
1670 2447 1718 2481 vel
1742 2453 1906 2492 sequestro
1925 2453 2012 2482 extra

1307 2540 1317 2566 1
1342 2539 1389 2566 Est
1408 2539 1435 2566 in
1449 2538 1540 2566 Const.
1557 2545 1648 2574 praec.
1665 2539 1678 2573 ἓ
1694 2543 1729 2565 u
1742 2545 1769 2565 n.
1785 2537 1830 2566 2¹.
1847 2538 1906 2565 Hoc
1919 2541 2012 2566 autem

1269 2583 1424 2611 declaratur
1437 2583 1464 2610 in
1475 2582 1566 2610 (Jonst.
1583 2590 1640 2618 seq.
1658 2581 1712 2617 §21
1725 2583 1765 2616 (n.
1777 2590 1804 2610 τ.
1821 2590 1853 2609 ex
1868 2581 2010 2616 Cherub.)-

1305 2630 1321 2656 2
1341 2628 1505 2656 Reformatio
1521 2627 1641 2655 iudicum
1657 2627 1837 2656 criminalium
1848 2630 1889 2656 est
1901 2627 1930 2655 in
1941 2627 2011 2656 Con-

1270 2673 1325 2702 stit.
1348 2681 1437 2710 praec.
1457 2671 1471 2709 5
1491 2680 1519 2701 x.
