2293 3231
279 294 327 320 An.
345 292 373 318 c..
399 292 464 319 ime
511 283 552 317 70

478 341 525 382 lis,
551 341 591 374 ita
616 347 642 374 et
671 341 772 374 taliter
798 340 1006 383 intelligatur,
1031 347 1065 373 ut
1089 341 1219 374 sufficiat

478 395 604 428 interim
632 395 896 440 quandocumque
926 405 983 438 pro
1000 395 1150 439 apostolis
1174 405 1221 429 re-

478 447 555 482 dire.

523 502 552 535 6.
577 501 819 535 Conservatores
856 501 947 534 l'rbis
979 502 1154 535 abstineant
1180 502 1220 536 ab

478 556 563 589 omni
589 566 705 599 genere
730 555 880 595 muneris,
898 555 990 589 etiam
1016 557 1166 590 esculenti
1191 564 1220 591 et

478 609 650 653 poculenti,
666 620 682 642 a
711 608 896 652 pistoribus,
925 609 1025 649 ianiis,
1050 610 1220 643 salsamen-

480 663 576 703 tariis,
600 662 778 702 olitoribus,
804 663 992 701 sructarolis,
1011 670 1039 697 et
1056 664 1125 697 aliis
1149 665 1221 698 arti-

479 716 602 757 ficibus,
627 726 684 749 nec
716 716 755 749 al)
790 716 835 749 cis
870 717 989 762 aliquid
1026 718 1084 750 sub
1108 719 1220 763 quovis

477 776 640 814 praetextu
665 770 828 815 accipiant.
843 772 867 804 A
885 771 1000 816 quibus
1016 772 1108 805 etiam
1126 773 1220 806 absti-

477 834 552 857 nere
577 824 691 857 saciant
709 824 838 858 omnino
856 835 968 858 eorum
992 825 1140 866 scribam,
1166 836 1220 859 no-

476 876 601 917 tarium,
615 878 830 918 secretarium,
844 878 962 919 fideles,
975 884 1003 912 et
1018 879 1095 912 alios
1108 890 1218 913 eorum

475 930 634 971 officiales,
650 936 744 975 atque
770 931 798 963 in
817 931 927 975 primis
942 932 1218 973 extraordinarios,

475 984 634 1027 corporali
659 995 712 1017 eos
736 986 838 1029 poena
856 985 1042 1025 coercendo,
1060 991 1087 1019 et
1106 986 1218 1019 deinde
1235 1023 1237 1036 1

475 1037 514 1069 ab
540 1037 645 1071 officio
662 1037 863 1072 removendo.

522 1092 550 1126 7.
576 1093 638 1126 Nec
663 1094 785 1137 possint
801 1094 839 1127 de
862 1095 971 1139 poenis
986 1096 1153 1136 statuariis,
1171 1097 1218 1129 vel

475 1154 534 1189 per
555 1156 666 1179 eorum
691 1146 793 1180 edicta
822 1147 967 1188 inflictis,
992 1148 1099 1193 aliquo
1124 1148 1218 1183 modo

473 1199 606 1242 gratiam
633 1200 735 1234 facere
769 1200 798 1233 in
830 1206 930 1234 totum
945 1229 952 1242 ,
977 1207 1007 1235 ct
1030 1203 1236 1246 praesertim]

473 1252 511 1285 de
525 1253 755 1297 corporalibus,
772 1264 829 1287 nec
847 1255 915 1288 illas
929 1261 1135 1297 commutare,
1151 1256 1218 1290 sine
1234 1271 1237 1278 ‚

473 1315 628 1340 consensu
663 1307 804 1352 ipsorum
837 1308 930 1342 simul
954 1315 1198 1343 convocatorum
1208 1321 1216 1350 ;

474 1365 504 1393 et
528 1370 566 1393 eo
590 1371 664 1394 casu
689 1371 752 1394 non
776 1362 858 1395 ultra
879 1363 1079 1396 medietatem
1097 1374 1216 1408 poenae

475 1414 651 1455 remittere,
677 1426 733 1449 nec
770 1416 800 1448 in
834 1416 929 1450 domo
964 1418 1092 1462 propria
1123 1429 1235 1462 super*

473 1467 653 1502 huiusmodi
679 1470 788 1513 gratiis
810 1470 928 1514 aliquid
945 1471 1070 1514 signare
1086 1472 1216 1515 possint,

473 1521 527 1554 sed
551 1521 588 1555 ad
614 1523 797 1556 earumdem
832 1534 1005 1568 poenarum
1037 1525 1218 1568 exequutio-

473 1585 563 1615 nem,
588 1581 755 1621 postquam
780 1577 818 1610 de
842 1578 967 1611 illarum
993 1578 1121 1611 incursu
1146 1589 1219 1612 con-

473 1629 596 1670 stiterit,
620 1631 766 1664 celeriter
789 1631 969 1675 procedant.

516 1682 546 1716 8.
561 1683 606 1717 Ad
626 1695 761 1729 quarum
779 1685 872 1718 etiam
886 1695 1062 1730 poenarum
1076 1697 1218 1730 praeser-

473 1737 527 1770 tim
556 1737 771 1782 corporalium
797 1739 1053 1783 exequutionem,
1078 1740 1109 1773 in
1127 1750 1219 1774 even-

473 1795 538 1824 tum
564 1791 594 1824 in
620 1802 716 1836 quem
737 1802 800 1826 non
824 1792 989 1826 mittantur
1012 1793 1216 1838 exequutioni

471 1854 530 1888 per
556 1844 642 1889 ipsos
665 1851 915 1887 conservatores,
932 1857 950 1879 a
970 1847 1020 1880 die
1041 1847 1134 1880 delati
1159 1848 1218 1881 cri-

470 1897 565 1931 minis
588 1898 670 1932 intra
693 1899 875 1943 quindecim
892 1899 959 1933 dies
975 1900 1108 1945 quilibet
1137 1901 1218 1934 alius

471 1950 563 1984 iudex
589 1951 768 1986 ordinarius
788 1958 815 1986 et
839 1953 916 1997 alias
940 1959 1122 1999 competens
1146 1966 1217 1999 pro-

471 2004 582 2038 cedere
607 2006 714 2049 possit.

515 2059 544 2093 9.
571 2059 846 2094 Extraordinarios
877 2061 914 2094 ad
943 2062 1082 2095 officinm
1119 2066 1217 2097 extra-

470 2112 682 2147 ordinariatus
714 2115 924 2149 exercendum
962 2117 1141 2149 nullatenus
1165 2117 1216 2149 ad-

471 2166 604 2207 mittant,
630 2167 689 2199 nisi
716 2170 840 2211 recepta
859 2169 961 2203 abeis
985 2171 1132 2204 cautione
1156 2171 1214 2203 snb

470 2223 571 2263 poena
598 2221 671 2265 ipsis
695 2223 970 2256 conservatoribus
994 2224 1152 2264 benev-isa,
1177 2224 1215 2257 tle

470 2273 608 2307 officinm
624 2274 726 2318 ipsum
741 2274 875 2309 fideliter
888 2277 1075 2316 exercendo,
1086 2284 1113 2310 et
1128 2288 1215 2322 prae-

471 2327 564 2360 missa
588 2327 796 2367 observando,
822 2341 857 2363 ae
882 2330 919 2363 ‹le
948 2331 1069 2375 seipsos
1090 2342 1215 2376 reprae-

470 2382 621 2415 sentando
655 2393 713 2426 pro
738 2383 824 2416 omni
863 2394 922 2425 eo,
954 2384 1038 2428 quod
1071 2385 1103 2417 in
1131 2385 1214 2418 dicto

471 2445 581 2469 eorum
611 2437 715 2470 officio
751 2438 950 2471 committere
985 2439 1032 2472 vel
1069 2439 1214 2472 omittere

436 2490 441 2501 '¹
470 2495 615 2533 possent,
640 2501 674 2523 ac
707 2491 798 2524 dictis
830 2492 1089 2526 extraordinariis
1120 2493 1214 2526 fidem

470 2542 638 2576 adhibeant
665 2544 750 2577 iuxta
786 2546 919 2579 sormam
955 2546 1072 2580 decreti
1098 2547 1174 2580 alias
1197 2558 1214 2579 a

471 2597 748 2630 conservatoribus
772 2599 856 2639 editi,
881 2605 908 2631 et
935 2610 997 2633 non
1026 2600 1124 2633 aliter.

516 2649 566 2682 10.
603 2651 720 2694 Cogunt
758 2652 886 2696 insuper
926 2653 1212 2687 extraordinarium

471 2703 623 2738 maiorem
649 2704 686 2737 ad
710 2706 919 2739 exercendum
953 2707 1091 2740 officium
1117 2705 1231 2748 etiamf

1079 291 1259 318 BL'LLARIL'M
1282 292 1438 318 RoxtANmt

1255 352 1312 386 per
1331 342 1468 386 seipsum
1479 369 1486 383 ,
1503 347 1533 376 et
1550 353 1607 387 per
1630 342 1831 378 substitutum
1849 343 1997 379 idoneum

1255 395 1295 427 ab
1320 394 1395 439 ipsis
1419 396 1699 429 conservatoribus
1721 397 1974 442 approbandum.

1301 449 1351 481 ll.
1382 450 1484 494 Atque
1516 449 1611 483 iidem
1643 450 1912 485 extraordinarius
1935 462 1999 485 ma-

1256 502 1304 536 ior
1328 508 1357 536 et
1382 503 1450 536 eius
1474 503 1661 537 substitutus
1683 514 1719 537 ae
1743 504 1884 539 minores
1898 510 1998 538 extra-

1255 556 1407 590 ordinarii
1447 567 1561 601 cogere
1601 557 1722 601 possint
1757 568 1976 604 quoscumque
1990 586 1997 599 ,

1255 610 1349 643 etiam
1381 620 1438 654 per
1461 610 1675 644 detentionem
1710 622 1940 655 personarum,
1964 617 1997 645 ut

1255 663 1435 707 permittant
1460 664 1630 708 ponderari
1657 675 1777 705 earnes,
1801 670 1833 698 et
1855 665 1915 698 alia
1931 675 1998 698 om-

1236 717 1305 750 'nia
1329 728 1409 762 quae
1434 718 1492 751 sub
1517 729 1628 753 corum
1661 720 1738 752 cura
1768 718 1851 759 sint,
1875 724 1906 752 et
1928 730 1998 764 pre-

1255 771 1332 804 tium
1357 772 1557 813 denuncient,
1575 778 1605 806 et
1621 778 1803 806 recusantes
1825 773 1998 818 puniantur

1254 825 1356 869 prima
1381 826 1448 860 vice
1473 827 1504 859 in
1528 826 1661 871 duplum
1686 826 1801 860 valoris
1829 826 1875 860 rei
1898 836 1996 871 penes

1254 890 1307 913 eos
1331 880 1490 914 inventae:
1508 881 1593 925 quod
1610 880 1635 914 si
1651 880 1712 914 alia
1730 880 1797 914 viee
1811 880 1888 914 illud
1912 880 1996 914 idem

1253 933 1458 974 admiserint,
1488 934 1518 966 in
1553 933 1710 980 duplum,
1742 939 1770 967 et
1805 934 1866 967 alia
1900 933 1996 967 etiam

1253 989 1355 1031 poena
1379 987 1537 1031 corporali
1561 987 1694 1021 arbitrio
1718 992 1995 1021 conservatorum:

1253 1045 1283 1073 et
1306 1040 1511 1073 nihilominus
1535 1040 1787 1081 extraordinarii,
1812 1045 1875 1074 tam
1899 1040 1996 1074 maio-

1254 1105 1314 1135 res,
1338 1105 1432 1139 quam
1457 1095 1612 1136 minores,
1637 1094 1743 1128 omnia
1767 1095 1997 1129 conservatori-

1234 1139 1312 1181 ‘bus
1337 1148 1547 1185 denuncient.
1572 1154 1600 1183 et
1636 1159 1687 1182 res
1721 1149 1826 1182 taliter
1853 1149 1995 1183 inventas

1253 1202 1432 1236 nullatenus
1467 1202 1525 1236 sibi
1561 1202 1737 1245 retineant,
1761 1204 1815 1238 sed
1847 1204 1885 1237 ad
1910 1204 1995 1249 ipsos

1252 1262 1491 1290 conservatores
1514 1256 1638 1291 deferre
1662 1263 1838 1292 teneantur.

1297 1309 1347 1343 11-2,
1374 1310 1410 1344 Et
1433 1310 1633 1344 baroncellus
1648 1321 1684 1344 ac
1707 1311 1761 1345 alii
1784 1316 1996 1356 exequutores

1252 1374 1527 1408 quarumcumque
1544 1364 1705 1398 curiarum
1722 1365 1840 1399 eisdem
1857 1370 1996 1399 extraor-

1251 1417 1382 1450 dinariis
1407 1417 1598 1458 maioribus,
1624 1418 1655 1451 in
1678 1418 1848 1463 praedictis
1872 1424 1901 1452 et
1926 1418 1995 1452 aliis

1251 1481 1363 1504 eorum
1387 1471 1524 1505 officium
1555 1472 1840 1513 concernentibus,
1865 1472 1994 1506 obedire

1252 1530 1425 1558 teneantur.

1295 1577 1347 1611 113.
1372 1578 1511 1621 Magistri
1538 1579 1659 1613 viarum
1683 1579 1722 1613 ad
1751 1580 1816 1613 vias
1844 1580 1994 1614 lateribus

1251 1642 1307 1665 seu
1330 1631 1471 1666 silicibus
1494 1632 1696 1674 sternendas,
1720 1639 1815 1677 prout
1839 1633 1885 1667 eis
1913 1644 1994 1679 opus

1251 1695 1319 1718 esse
1348 1685 1516 1727 videbitur,
1531 1686 1678 1720 dominos
1694 1687 1916 1731 contiguarum
1936 1687 1993 1722 do-

1251 1750 1378 1773 morum
1403 1740 1631 1785 cuiuscumque
1649 1741 1711 1774 sint
1734 1741 1905 1786 dignitatis,
1929 1746 1993 1783 aut,

1250 1792 1325 1837 ipsis
1348 1793 1531 1828 absentibus
1547 1795 1595 1828 vel
1615 1794 1766 1828 solvendo
1782 1805 1847 1829 non
1863 1795 1994 1829 existen-

1249 1845 1343 1887 tibus,
1366 1846 1494 1880 illorum
1530 1847 1702 1892 inquilinos
1733 1847 1812 1882 iuris
1846 1847 1994 1882 remediis

1250 1900 1438 1945 opportunis
1453 1911 1489 1934 ac
1506 1900 1564 1935 sub
1592 1911 1703 1935 eorum
1719 1901 1860 1935 arbitriis
1883 1902 1993 1946 poenis

1250 1959 1373 1997 cogant.

1294 2007 1345 2040 214.
1371 2007 1494 2041 Possint
1517 2013 1622 2041 autem
1640 2008 1786 2052 inquilini
1801 2008 1939 2042 retinere
1954 2009 1993 2042 de

1249 2062 1399 2105 pensione
1431 2062 1578 2096 solvenda
1611 2067 1710 2096 ratam
1746 2068 1780 2096 ut
1814 2073 1912 2108 supra
1934 2073 1993 2108 per

1249 2126 1302 2150 eos
1326 2115 1518 2157 solvendam,
1542 2126 1604 2150 non
1629 2116 1772 2150 obstante
1797 2116 1992 2161 obligatione

1249 2169 1408 2210 camerali,
1424 2175 1477 2203 aut
1493 2180 1694 2214 quacumque
1711 2170 1894 2214 exceptione
1912 2180 1993 2215 quae

1248 2223 1365 2267 opponi
1389 2229 1505 2267 posset,
1523 2229 1549 2256 et
1569 2234 1632 2257 non
1650 2224 1846 2258 obstantibus
1860 2224 1991 2268 quibus-

1250 2277 1295 2309 vis
1319 2277 1500 2321 sequestris,
1525 2278 1618 2310 etiam
1643 2277 1866 2311 anterioribus.

1293 2330 1345 2363 15.
1370 2331 1550 2375 Curentqne
1576 2331 1702 2364 easdem
1725 2331 1818 2364 Urbis
1842 2331 1907 2364 vias
1921 2341 1993 2365 con-

1249 2385 1336 2418 tinuo
1361 2390 1388 2417 et
1415 2385 1532 2429 plateas
1548 2385 1587 2418 ad
1603 2384 1708 2418 minus
1724 2389 1835 2428 quater
1850 2384 1881 2417 in
1898 2394 1991 2426 anno,

1248 2444 1277 2473 et
1301 2439 1362 2473 boe
1383 2439 1414 2472 in
1433 2439 1547 2480 martii,
1569 2439 1658 2480 iunii,
1677 2438 1865 2482 septembris
1889 2444 1920 2472 et
1942 2439 1992 2473 de-

1248 2492 1383 2525 cembris
1396 2492 1567 2532 mensibus,
1578 2492 1616 2525 ab
1630 2492 1836 2525 immunditiis
1850 2491 1990 2536 purgari.

1292 2545 1343 2580 16.
1369 2546 1478 2579 Nullos
1512 2551 1621 2585 actus,
1653 2545 1800 2589 nullaque
1836 2546 1989 2589 negocia,

1247 2609 1328 2642 quae
1351 2599 1485 2632 alicuius
1509 2599 1659 2632 momenti
1695 2599 1827 2640 tuci-int,
1852 2599 1918 2633 sine
1942 2609 1991 2632 ro—

1246 2653 1314 2695 gitn
1337 2653 1385 2686 sui
1410 2652 1522 2686 notarii
1548 2652 1728 2696 expediant.

1296 2705 1340 2738 17.
1367 2705 1504 2738 Reddam
1526 2706 1680 2740 rationem
1701 2716 1845 2740 camerae
1861 2706 1987 2751 singulo

2010 295 2060 324 An.
2075 295 2106 325 C.
2127 296 2197 326 ¹6¹2
