2293 3231
91 267 143 296 Aa.
156 266 185 295 C.
207 265 270 294 ¹02¹

118 329 275 358 privilegiorum

93 358 116 378 ot
161 358 274 386 gratiarum
291 366 296 372 ·

93 386 209 405 concon-io.

128 1708 210 1730 iniectio
229 1708 284 1730 Odo-

185 1735 285 1756 'ribaldo-

101 1762 146 1782 schi
162 1763 189 1784 ad
206 1762 285 1784 dictum

103 1789 201 1810 officium.

101 1736 149 1756 udi

885 264 1064 290 GnEGonlus
1087 263 1130 290 XV
1152 265 1200 290 ΡΡ,

332 311 393 357 gli.
418 311 456 346 Et
475 312 606 356 insuper
625 312 764 346 officium
784 313 958 347 notariatus
974 313 1029 347 hu-

289 365 425 399 iusmodi
442 375 500 409 pro
514 370 656 410 tempore
679 365 842 407 obtinenti,
859 372 894 400 ut
910 366 941 399 in
965 366 1030 410 qui-

288 419 485 464 buscumque
508 419 702 453 sessionibus
714 447 722 460 ,
752 420 1008 464 processionibus
1021 447 1029 461 ,

288 481 412 506 necnon
435 472 689 516 equitationibus,
711 473 803 506 etiarn
827 472 1031 514 solemnibus,

289 525 422 559 Romani
446 524 615 566 Pondficis,
636 530 666 558 et
685 525 753 558 aliis
769 524 1030 569 quibuscumque,

289 580 354 611 una
366 588 438 612 eum
455 577 568 611 ceteris
582 578 740 611 Romanae
760 578 866 611 curiae
889 577 1030 618 notariis,

291 631 517 675 cuiuscumque
528 631 644 674 gradus
658 635 688 664 et
701 630 889 664 conditionis
902 631 1033 664 existen-

291 684 390 726 tibus,
410 684 581 725 interesse,
609 695 646 718 ac
676 684 823 718 omnibus
847 690 877 717 et
900 684 1032 727 singulis

291 738 475 782 privilegiis,
484 738 692 780 libertatibus,
711 738 972 778 immunitatibus,
981 747 1033 770 an-

291 792 504 833 telationibus,
529 792 660 836 aliisque
676 791 904 836 praerogativis
920 796 950 824 et
965 801 1034 833 gra-

292 844 354 885 tiis,
370 848 432 879 tam
449 845 666 889 spiritualibus
683 855 777 888 quam
795 843 1032 888 temporalibus,

293 898 411 941 quibus
427 908 570 931 camerae
579 901 705 931 nostrae
717 897 907 941 apostolicae
919 896 1033 930 notarii

292 951 331 984 de
348 952 426 994 iure,
443 962 514 993 usu,
533 951 760 985 consuetudine
784 960 839 983 seu
855 949 1033 994 privilegio,

292 1009 347 1037 aut
361 1005 446 1046 alias,
464 1005 558 1038 etiam
575 1004 679 1048 quoad
695 1004 927 1048 exemptionem
945 1003 1036 1036 vecti-

293 1058 422 1101 galium,
442 1058 636 1102 gabellarum
662 1063 692 1091 et
716 1057 936 1102 pedagiorum,
959 1067 1036 1101 quo-

293 1110 467 1145 modolibet
483 1114 626 1152 utuntur,
642 1111 803 1151 fruuntur,
820 1110 984 1154 potiuntur
1007 1115 1036 1142 et

294 1164 443 1208 gaudent,
467 1174 504 1197 ac
527 1163 590 1204 uti,
613 1163 693 1204 frui,
720 1163 815 1207 potiri
845 1167 876 1195 et
898 1162 1036 1206 gaudere

293 1221 425 1261 possunt
448 1222 479 1250 et
502 1221 652 1260 poterunt
675 1215 914 1260 quomodolibet
937 1216 969 1248 in
993 1216 1038 1249 su-

293 1275 413 1311 turum,
430 1270 574 1303 similiter
584 1275 615 1303 et
625 1270 848 1314 pariformiter‚
862 1279 925 1303 non
934 1269 1036 1303 solum

295 1323 334 1357 ad
357 1334 468 1357 eorum
491 1323 605 1366 instar,
623 1323 678 1356 scd
702 1323 929 1367 aequaliteret
952 1323 1038 1367 prin-

296 1375 449 1420 cipaliter,
468 1385 504 1409 ac
520 1376 587 1409 sine
605 1376 671 1409 ulla
693 1386 826 1419 prorsus
849 1375 1037 1417 differentia,

297 1429 353 1469 uti,
373 1429 435 1462 frui
455 1433 486 1461 et
501 1428 639 1472 gaudere
653 1428 753 1462 libere
777 1434 808 1462 et
831 1429 915 1462 licite
938 1429 1038 1473 possit

299 1486 330 1517 et
342 1482 451 1523 valeat,
464 1482 595 1526 perinde
619 1492 655 1515 ac
671 1482 698 1515 si
714 1482 766 1515 illa
790 1482 848 1515 sibi
871 1492 928 1526 per
951 1492 1040 1526 prae-

299 1540 402 1569 sentes
417 1535 593 1579 specialiter
609 1545 757 1569 concessa
775 1536 916 1577 fuissent,
936 1541 1040 1570 aucto-

299 1589 391 1622 ritate
415 1594 445 1622 et
468 1594 577 1623 tenore
596 1589 778 1633 praemissis
793 1594 947 1634 perpetuo
969 1600 1040 1623 con-

299 1642 440 1676 cedimus
456 1647 486 1677 et
498 1642 708 1686 indulgemus.

345 1697 360 1740 ἓ
373 1696 402 1730 5.
416 1696 453 1729 Et
469 1696 606 1740 insuper,
620 1696 782 1740 cupientes
798 1696 937 1730 officium
953 1705 1041 1740 prae-

300 1749 430 1791 dictum,
447 1750 492 1783 sic
504 1760 561 1794 per
573 1760 631 1783 nos
643 1753 794 1791 erectum,
807 1760 961 1794 personae
977 1749 1041 1782 ido-

300 1813 377 1836 neae
393 1814 465 1837 cum
478 1804 617 1847 primum
637 1803 829 1844 concedere,
849 1803 888 1836 de
908 1803 980 1844 fide,
998 1803 1042 1836 in-

300 1855 432 1897 dustria,
441 1856 568 1890 solertia
578 1862 607 1890 et
620 1856 792 1899 diligentia,
804 1861 833 1889 et
842 1866 905 1889 non
918 1856 1041 1900 vulgari

300 1909 332 1942 in
343 1914 409 1942 arte
421 1909 595 1943 notariatus
607 1909 788 1943 huiusmodi
802 1909 926 1953 peritia,
936 1909 1041 1942 dilecti

300 1961 356 1995 filii
370 1962 506 1996 Odoardi
519 1963 717 1996 Tibaldeschi
735 1963 843 1996 clerici
856 1962 1042 2006 Spoletanae

301 2015 453 2049 dioecesis
469 2015 531 2048 side
543 2016 647 2059 dignis
662 2016 850 2050 testimoniis
870 2016 1041 2059 certiorati,

301 2073 390 2102 motu
405 2069 510 2110 simili,
526 2069 667 2110 scientia,
680 2069 907 2103 deliberatione
920 2075 950 2103 et
959 2076 1044 2114 pote-

302 2123 389 2156 statis
401 2121 594 2166 plenitudine
606 2122 734 2166 paribus
742 2122 762 2163 ¹,
772 2123 914 2162 officium
923 2123 1044 2167 praedi-

302 2181 388 2209 ctum
398 2185 416 2208 a
424 2175 584 2220 primaeva
598 2175 682 2209 illius
691 2175 851 2209 erectione
862 2176 1042 2210 huiusmodi

304 2238 426 2270 vacans,
443 2239 515 2262 cum
533 2227 680 2262 omnibus
695 2233 726 2261 et
741 2228 873 2271 singulis
888 2229 972 2262 illius
991 2230 1045 2263 ho-

303 2282 445 2323 noribus,
462 2282 624 2322 oneribus,
641 2281 763 2314 salariis
775 2286 806 2314 et
825 2282 1044 2317 emolumentis

303 2337 473 2379 universis,
500 2337 669 2371 ordinariis
703 2342 734 2370 et
766 2337 1023 2371 extraordinariis
1036 2365 1044 2380 ,

304 2391 523 2435 undecumque
539 2402 576 2424 ex
593 2391 678 2424 illius
697 2390 848 2424 exercitio
861 2391 1045 2435 provenien-

304 2445 398 2487 tibus,
421 2450 452 2479 et
475 2445 520 2479 illi
545 2450 714 2489 propterea
737 2443 863 2486 debitis,
883 2444 1044 2488 praedicto

305 2498 460 2540 Odoardo,
485 2499 557 2544 qui,
577 2499 618 2532 ob
641 2503 812 2542 urgentes,
836 2497 951 2542 quibus
975 2509 1045 2542 pre-

306 2551 433 2593 mimur,
460 2552 671 2593 necessitates,
689 2551 721 2584 in
737 2555 879 2585 nostram
903 2556 933 2584 et
956 2551 1045 2585 Sedis

307 2604 502 2649 Apostolicae
517 2605 757 2639 subventionem
773 2614 928 2638 summam
944 2610 1045 2640 scuto-

345 2666 356 2691 ¹
373 2666 473 2696 Vocem
485 2668 605 2703 paribus
620 2675 669 2697 nos
683 2666 807 2697 addimus
821 2671 859 2702 (a.
875 2667 925 2703 τ.).

1062 323 1132 346 rum
1149 312 1234 346 mille
1247 311 1408 356 persolvit,
1420 309 1593 354 apostolica
1605 309 1800 348 auctoritate,

1062 371 1172 399 tenore
1196 363 1427 409 praesentium,
1451 362 1653 397 concedimus
1677 367 1708 395 et
1730 362 1804 395 assi-

1063 428 1206 461 gnamus:
1222 417 1387 461 ipsumque
1404 415 1443 449 ad
1459 415 1599 449 officium
1611 415 1802 456 huiusmodi,

1063 472 1209 516 illiusque
1228 471 1365 504 liberum
1392 470 1592 510 exercitium,
1612 470 1750 504 honores
1774 474 1805 502 et

1064 534 1160 559 onera
1172 534 1229 569 per
1241 534 1305 565 eos,
1319 523 1357 557 ad
1370 534 1450 568 quos
1469 528 1587 568 spectat
1608 528 1639 556 et
1656 523 1804 567 pertinet,

1064 581 1268 621 spectareque
1284 582 1315 610 et
1330 576 1488 621 pertinere
1511 576 1637 620 poterit,
1653 576 1806 620 recipien-

1064 630 1139 663 dum
1157 635 1188 663 et
1203 629 1431 664 admittendum
1449 630 1516 663 sore
1529 634 1561 663 et
1573 640 1650 670 esse,
1667 629 1759 673 eique
1767 628 1805 662 dc

1065 683 1205 717 eiusdem
1222 684 1317 718 officii
1334 684 1466 724 iuribus,
1484 683 1620 726 regaliis,
1638 683 1760 716 salariis
1776 688 1807 716 et

1065 737 1286 771 emolumentis
1311 737 1411 770 solitis
1439 742 1470 770 et
1496 736 1655 770 consuetis
1684 737 1806 780 integre

1065 789 1251 833 responderi
1268 789 1386 823 debere
1398 789 1607 823 decernimus.

1111 843 1126 886 g
1137 843 1167 877 6.
1181 843 1437 887 praesentesque,
1451 843 1490 876 ad
1501 843 1701 887 probandum
1714 843 1805 888 plene

1066 895 1150 938 quod
1175 896 1284 928 eadem
1308 906 1432 929 summa
1455 896 1486 928 in
1510 901 1651 929 nostram
1669 900 1699 929 et
1717 896 1806 930 Sedis

1067 948 1265 992 Apostolicae
1280 948 1517 983 subventionem
1535 959 1686 982 conversa
1703 949 1806 990 suerit,

1067 1001 1190 1045 aliaque
1214 1001 1397 1045 praemissa,
1421 1002 1538 1045 ubique
1562 1007 1626 1035 tam
1643 1002 1674 1034 in
1691 1002 1807 1036 iudicio

1067 1064 1162 1098 quam
1184 1060 1275 1088 extra
1300 1055 1454 1096 sufficere3
1472 1065 1529 1088 nec
1546 1056 1585 1088 ad
1602 1055 1633 1088 id
1650 1056 1809 1100 probatio-

1068 1108 1117 1140 nis
1141 1108 1270 1142 alterius
1293 1108 1520 1142 adminiculum
1543 1109 1662 1152 requiri
1675 1120 1683 1149 ;
1708 1119 1809 1153 neque

1070 1161 1172 1205 ipsum
1195 1161 1394 1202 odom-dum,
1415 1162 1545 1206 eiusque
1573 1162 1604 1195 in
1633 1163 1717 1196 dicto
1741 1163 1810 1196 offi-

1070 1215 1119 1248 cio
1143 1226 1352 1256 successores,
1376 1215 1415 1248 ad
1439 1215 1565 1249 easdem
1582 1222 1762 1259 praesentes
1780 1216 1811 1249 in

1071 1270 1196 1301 camera
1221 1270 1331 1302 nostra
1357 1269 1530 1312 apostolica
1547 1269 1646 1312 (iuxta
1663 1269 1813 1303 constitu-

1071 1321 1188 1354 tionem
1204 1321 1274 1365 piae
1291 1322 1465 1355 memoriae
1491 1321 1535 1354 Pii
1553 1321 1653 1366 Papae
1672 1322 1708 1355 IV
1726 1333 1813 1366 prae-

1071 1374 1246 1408 decessoris
1280 1374 1381 1408 nostri
1415 1375 1474 1408 sub
1510 1374 1622 1424 datum*
1651 1384 1707 1408 vni
1742 1375 1813 1408 idus

1071 1427 1196 1470 augusti
1220 1428 1422 1471 pontificatus
1446 1427 1493 1460 sui
1517 1437 1600 1461 anno
1621 1438 1651 1461 vl
1676 1427 1812 1469 editam¹,

1072 1481 1154 1514 intcr
1180 1481 1241 1514 alia
1268 1481 1506 1525 disponentem,
1533 1481 1618 1525 quod
1646 1482 1815 1526 impetran-

1072 1540 1118 1568 tes
1134 1534 1252 1578 gratias
1275 1535 1426 1568 interesse
1442 1535 1543 1568 dictae
1567 1546 1710 1569 camerae
1734 1547 1814 1580 quo-

1073 1587 1246 1621 modolibet
1272 1593 1515 1629 concernentes,
1539 1588 1608 1622 illas
1640 1589 1672 1621 in
1704 1589 1813 1622 cadem

1073 1643 1198 1674 camera
1210 1641 1290 1674 infra
1306 1647 1429 1675 certum
1445 1642 1522 1674 inibi
1535 1653 1720 1686 expressum
1738 1648 1814 1676 teni-

1073 1705 1131 1738 pus
1155 1699 1355 1738 praesentare
1371 1705 1426 1728 seu
1446 1695 1610 1738 registrari
1634 1697 1737 1729 faeere
1761 1696 1814 1729 de-

1074 1748 1180 1791 beant)
1189 1748 1452 1792 praesentandum
1461 1759 1516 1782 seu
1529 1749 1692 1792 registrari
1704 1750 1815 1783 sacien-

1074 1801 1169 1834 dum’
1192 1801 1312 1842 teneri,
1336 1812 1439 1845 neque
1463 1802 1501 1835 ad
1531 1802 1563 1835 id
1587 1803 1651 1835 ulla
1676 1813 1814 1847 unquam

1074 1854 1260 1888 necessitate
1284 1855 1366 1898 cogi,
1390 1865 1448 1888 nec
1472 1860 1641 1899 propterea
1665 1857 1748 1900 ipsas
1765 1857 1815 1890 lit-

1076 1913 1158 1941 teras
1184 1908 1303 1942 viribus
1328 1919 1448 1949 carere;
1469 1909 1523 1942 sed
1540 1909 1643 1942 eidem
1660 1909 1816 1951 Odoardo,

1075 1962 1206 2005 eiusque
1230 1962 1466 1996 successoribus
1485 1962 1654 2006 praedictis
1670 1963 1702 1996 in
1719 1963 1817 1997 omni-

1075 2015 1134 2048 bus
1163 2021 1193 2048 et
1224 2026 1282 2059 per
1313 2016 1440 2057 omnia,
1464 2016 1597 2059 perinde
1622 2027 1658 2050 ac
1681 2018 1708 2050 si
1732 2017 1818 2051 iuxta

1076 2069 1332 2103 constitutionem
1366 2069 1561 2113 praedictam
1600 2076 1817 2114 praesentatae

1077 2132 1131 2156 seu
1144 2123 1330 2166 registratae
1346 2133 1383 2155 ac
1399 2123 1584 2164 insinuatae,
1601 2134 1637 2157 ac
1657 2124 1763 2157 omnia
1779 2124 1818 2157 ad

1077 2175 1108 2208 id
1136 2176 1314 2210 neccssaria
1337 2176 1506 2221 adimpleta
1530 2177 1679 2217 fuissent,
1705 2177 1816 2210 suffra-

1077 2229 1145 2272 gari
1153 2240 1161 2270 ;
1181 2239 1240 2263 nec
1256 2239 1320 2263 non
1343 2230 1469 2263 casdem
1493 2235 1674 2274 praesentes
1699 2230 1818 2264 litteras

1077 2283 1136 2316 sub
1161 2284 1198 2315 ea
1223 2283 1295 2327 (per
1314 2294 1410 2327 quam
1434 2283 1465 2316 in
1485 2284 1643 2327 principio
1656 2284 1818 2328 pontifica-

1077 2340 1128 2368 tus
1151 2337 1290 2370 cuiusvis
1314 2337 1447 2370 Romani
1474 2337 1633 2370 Pontificis
1657 2343 1819 2371 cassantur

1077 2389 1239 2422 facultates
1263 2389 1458 2433 percipiendi
1481 2390 1618 2434 pretium
1633 2391 1819 2434 quormnvis

1078 2442 1235 2476 Romanae
1246 2443 1351 2476 euriae
1361 2442 1539 2476 officiorum
1548 2443 1580 2476 in
1587 2446 1651 2477 toto
1661 2443 1707 2476 vel
1718 2448 1818 2488 parte,

1114 2533 1125 2559 1
1144 2531 1218 2559 Hanc
1229 2531 1269 2559 Pii
1279 2532 1315 2559 lv
1323 2531 1434 2561 Constit.
1445 2532 1505 2560 vide
1519 2532 1547 2560 in
1561 2536 1626 2560 tom.
1637 2539 1683 2569 vu,
1696 2541 1756 2570 pag.
1767 2533 1818 2562 375

1076 2577 1114 2612 (a.
1130 2575 1180 2611 r.).

1111 2621 1128 2648 2
1148 2620 1202 2648 Has
1225 2629 1305 2649 voces
1325 2623 1571 2656 praesentandum
1594 2631 1642 2651 seu
1668 2623 1820 2660 reqislrarz'

1077 2667 1245 2703 faciendum
1261 2675 1309 2696 nos
1321 2667 1444 2696 addimus
1459 2668 1496 2704 (a.
1512 2668 1561 2703 τ.).

1706 252 1770 286 557
1816 261 1865 288 Αι.
1881 260 1910 290 C.
1932 260 1997 289 1⁶21

1893 853 2006 875 clausula·

1821 884 2001 907 praeservativa.
