2293 3231
26 3149 50 3223 inve}
24 2941 47 3137 {fii-&sv‘u'ss2
35 2918 38 2920 .
27 2878 41 2899 ..Ἰ
36 2840 43 2848 ,,
22 2792 37 2806 ’ὦ
27 2770 30 2775 ·
25 2708 42 2711 j
27 2667 37 2691 ιι

125 305 166 331 An

172 323 178 330 .
197 302 313 330 &161⁴

975 298 1093 323 PAULUS

1120 298 1136 320 V
1163 297 1210 321 PP.

325 354 444 392 septem
469 348 754 391 morapetinorum:
773 347 946 390 Capitulum
969 347 1063 380 ecclo—
1096 345 1236 387 quolibct
1250 353 1331 376 anno
1345 343 1500 375 dictorum
1513 341 1649 385 quinque
1665 350 1833 372 annorum:

326 402 388 434 siae
413 401 638 441 Malacitanac³‚
658 412 715 444 pro
736 412 767 433 se
785 405 813 434 et
838 403 894 432 sua
919 401 1062 439 dioecesi,
1097 397 1226 429 Abbatia
1252 396 1288 427 dv
1314 395 1445 437 Agreda,
1474 399 1599 426 centum
1632 399 1659 425 et
1686 392 1836 435 quinqua-

326 454 425 486 tribus
449 454 610 496 prioribus
629 454 726 493 anuis,
748 454 839 497 uiuus
857 453 1014 491 millionis,
1035 459 1060 485 ct

325 507 484 549 sexaginta
497 507 635 550 quinque
650 507 837 547 inilliu111,ac
851 511 1062 540 trecentorum

326 565 355 592 et
379 560 556 601 octuaginta
573 566 691 603 septem
714 560 1000 603 morapctinormn3
1019 569 1064 590 ro-

326 613 418 656 liquis
443 623 516 645 vero
541 613 662 645 duobus
683 613 770 644 annis
790 612 993 656 quinquennii
1012 611 1065 643 liu-

327 666 471 706 iusmodi,
488 666 578 698 unius
599 666 755 704 millionis,
776 671 900 698 centum
918 671 947 697 et
963 670 1066 697 octua-

327 720 412 762 ginta
437 724 556 762 septem
583 719 725 754 millium,
751 730 785 750 ac
810 723 1020 750 trccentorum
1036 722 1063 749 ct

327 772 551 815 quinquaginta
569 782 620 804 sex
641 772 926 814 inorapetiuorum:
947 772 1067 814 Capitu-

329 826 394 857 lum
419 825 567 857 ecclesiae
588 825 802 863 Guadixensis,
821 836 879 867 pro
900 836 931 857 se
957 830 985 857 et
1010 827 1065 856 sua

328 878 474 917 dioecesi,
498 879 599 910 tribus
624 878 782 921 prioribus
801 878 899 914 annis,
918 882 1067 911 trecento-

329 941 400 963 rum
426 936 455 963 et
480 931 613 963 duorum
636 930 778 968 millium,
795 941 829 962 ac
855 934 1067 963 trecentorum

330 989 359 1016 et
384 984 492 1025 viginti
522 983 811 1027 morapetinorum;
841 983 969 1026 reliquis
995 993 1066 1015 vero

330 1037 452 1070 duobus
475 1037 563 1069 annis
579 1037 784 1080 quinquennii
809 1036 998 1075 huiusmodi,
1016 1036 1069 1068 du-

331 1095 494 1122 centorum
518 1089 687 1131 nonaginta
711 1094 845 1132 quatuor
869 1089 1013 1128 millium,
1034 1100 1067 1121 ac

332 1147 456 1175 centuni
471 1147 497 1174 et
512 1142 690 1183 octuaginta
704 1145 773 1174 octo
787 1142 1067 1185 morapetinorum:

331 1196 507 1238 Capitulum
525 1195 673 1227 ecclesiae
691 1195 902 1235 Almeriensis,
919 1206 977 1238 pro
995 1206 1026 1227 se
1040 1200 1067 1227 et

332 1250 387 1281 sua
413 1248 558 1288 dioecesi,
583 1248 683 1280 tribus
708 1248 869 1290 prioribus
892 1249 990 1288 annis,
1012 1253 1070 1280 trc-

333 1306 496 1334 centorum
528 1306 557 1333 et
588 1300 714 1342 triginta
745 1306 815 1333 octo
849 1301 1003 1340 millium,
1035 1311 1069 1333 ac

333 1354 598 1396 noningentorum
622 1358 651 1385 et
674 1353 881 1396 quadraginta
905 1357 974 1387 octo
1004 1364 1070 1386 nio-

334 1407 566 1450 rapetinoi·un1;
588 1407 716 1449 reliquis
741 1416 814 1439 vero
839 1407 962 1440 duobus
982 1407 1071 1438 annis

335 1461 539 1504 quinquennii
574 1460 770 1499 huiusmodi,
796 1464 1007 1494 trecentorum
1033 1461 1072 1492 vi-

335 1513 412 1555 ginti
437 1524 489 1546 sex
514 1514 656 1553 millium,
681 1519 710 1546 et
735 1515 1005 1557 septingentorum
1037 1524 1070 1545 ac

335 1566 562 1610 quinquaginta
599 1572 629 1599 et
664 1567 755 1599 unius
780 1567 1070 1610 morapetinorum:

336 1618 508 1661 Capitulum
529 1619 676 1652 ecclcsiae
695 1620 950 1662 Pampilonensis,
972 1620 1072 1652 tribus

336 1672 495 1715 prioribus
519 1673 624 1713 annis,
650 1674 741 1705 unius
765 1673 923 1713 millionis,
949 1678 1072 1706 centum

336 1731 367 1758 et
389 1725 496 1758 decem
528 1736 562 1757 ac
592 1736 703 1759 novem
735 1726 890 1765 millium,
921 1737 955 1759 ac
980 1727 1074 1760 octin-

337 1781 503 1819 gentorum
527 1784 555 1811 et
581 1779 805 1822 quinquaginta
833 1789 944 1811 novem
975 1789 1075 1812 mora-

337 1831 537 1874 petinorum;
568 1832 696 1875 reliquis
728 1843 802 1865 vero
833 1832 955 1865 duobus
986 1833 1075 1865 annis

337 1883 542 1928 quinquennii
571 1885 768 1925 huiusmodi,
793 1885 885 1918 unius
916 1885 1075 1926 mulionis,

338 1943 367 1970 et
379 1938 587 1971 ducentorum
608 1939 768 1981 sexaginta
780 1938 917 1971 duorum
931 1939 1074 1979 millium,

339 2001 374 2024 ac
398 1997 522 2024 eentum
548 1997 577 2024 et
601 1992 827 2035 quinquaginta
851 1992 989 2036 quinque
1015 2003 1078 2025 mo-

340 2044 569 2087 rapetinorum:
599 2045 776 2088 Capitulum
801 2046 950 2078 ecclesiae
981 2047 1077 2079 Cana-

340 2096 470 2137 riensis,
495 2108 553 2140 pro
578 2108 609 2130 se
644 2103 673 2129 et
703 2099 758 2130 sua
792 2098 947 2138 dioecesi,
978 2099 1078 2131 tribus

341 2149 502 2192 prioribus
518 2150 616 2189 annis,
631 2150 932 2193 quadringentorum
950 2151 1080 2194 quadra-

341 2201 427 2244 ginta
450 2207 569 2246 septem
591 2202 735 2242 millium,
760 2208 790 2235 et
814 2203 1078 2246 noningentorum

341 2265 377 2287 ac
415 2255 621 2298 quadraginta
656 2255 751 2288 trium
788 2256 1078 2300 morapetinorum3

341 2307 471 2351 reliquis
502 2318 577 2341 vero
608 2309 730 2341 duobus
758 2309 847 2341 annis
875 2309 1079 2353 quinquennii

343 2361 544 2402 huiusmodi,
574 2362 877 2405 quadringentorum
902 2362 1080 2405 octuaginta

343 2419 413 2447 octo
438 2414 583 2454 millium,
605 2426 641 2448 ae
657 2421 877 2448 sexcentorum
898 2421 927 2448 et
943 2416 1079 2449 duorum

346 2468 630 2511 morapetinorum:
649 2469 779 2501 Abbatia
803 2468 1016 2512 dell'Alfam,
1033 2480 1082 2502 oc-

344 2520 483 2564 tuaginta
507 2532 618 2555 novem
642 2522 793 2562 millium,
826 2533 860 2554 ac
895 2522 1082 2565 quingento-

345 2584 415 2607 rum
429 2578 459 2608 et
472 2575 649 2619 octuaginta
666 2580 784 2619 septem
801 2575 1081 2619 morapetinorum.

381 2646 394 2672 1
412 2644 484 2674 Haec
498 2649 525 2673 et
539 2654 616 2682 seqq.
632 2646 763 2674 ecclesiae
776 2646 951 2674 Guadixensis
962 2649 989 2672 et
999 2644 1084 2672 Alme-

349 2689 444 2718 riensis
459 2698 512 2719 non
526 2694 709 2720 memorantur
723 2691 750 2718 in
765 2690 815 2719 alia
830 2690 919 2719 Const.
939 2690 976 2724 (a.
995 2695 1009 2716 τ
1022 2689 1042 2723 ).
1098 2680 1102 2721 l

1097 450 1182 492 ginta
1218 460 1269 480 sex
1307 448 1460 487 millium,
1498 447 1768 490 septingentorum
1807 450 1837 476 et

1096 502 1274 544 octuaginta
1300 500 1578 544 morapetinoruin,
1592 498 1729 542 quolibet
1756 508 1836 530 anno

1096 555 1253 587 dictorum
1282 554 1419 597 quinque
1448 563 1623 585 annorum:
1654 551 1774 584 vicaria
1799 550 1836 582 de

1098 607 1305 643 Altadelisw‘,
1320 612 1444 638 rentum
1462 612 1490 637 ct
1509 605 1704 648 septuaginta
1725 614 1837 636 novem

1099 660 1254 699 millium,
1283 664 1312 693 et
1345 665 1469 691 contum
1494 658 1691 702 septuaginta
1716 662 1838 700 septem

1099 713 1389 756 morapetinorum,
1415 711 1552 754 quolibet
1576 720 1657 742 anno
1682 710 1838 742 dictorum

1098 766 1236 809 quinque
1268 776 1440 798 annorum:
1467 764 1587 797 Yicaria
1618 764 1656 795 de
1689 762 1838 801 Huesca²,

1100 825 1224 852 centum
1250 825 1279 851 et
1301 819 1428 861 triginta
1449 818 1543 850 trium
1570 817 1715 855 millium,
1741 816 1840 849 octin-

1100 877 1266 915 gentorum
1293 871 1500 915 quadraginta
1520 871 1610 902 unius
1631 870 1841 913 morapetino-

1101 937 1192 965 rum,
1225 925 1364 968 quolibet
1396 935 1476 956 anno
1509 924 1663 956 dictorum
1702 923 1840 966 quinque

1101 989 1273 1011 annorum:
1299 977 1430 1010 Abbatia
1461 977 1498 1008 dt·
1529 977 1635 1015 t'aza³³‚
1661 981 1785 1008 centum
1811 981 1841 1007 et

1101 1031 1327 1074 quinquaginta
1352 1035 1422 1063 octo
1448 1030 1591 1065 millium,
1614 1035 1737 1061 centum
1756 1034 1784 1060 et
1803 1028 1842 1060 vi-

1102 1084 1179 1127 ginti
1195 1085 1288 1117 unius
1305 1083 1586 1126 morapetfflorum,
1601 1082 1740 1125 quolibet
1762 1091 1841 1114 anno

1102 1137 1174 1170 dicti
1200 1136 1422 1180 quinquennii:
1449 1136 1558 1168 Milites
1591 1135 1719 1167 militiae
1745 1135 1842 1167 saneti

1103 1190 1216 1229 lat-obi,
1229 1189 1363 1222 duorum
1385 1189 1569 1227 millionum,
1591 1192 1618 1221 et
1638 1188 1844 1229 noningento-

1103 1254 1173 1275 rum
1207 1254 1241 1275 ac.
1267 1243 1411 1275 undecim
1437 1242 1587 1279 millium,
1624 1246 1843 1273 sexcentorum

1103 1302 1133 1328 et
1159 1296 1284 1338 triginta
1309 1301 1443 1338 quatuor
1468 1294 1750 1337 morapetinorum,
1771 1304 1845 1336 quo-

1105 1350 1177 1381 libet
1210 1360 1290 1381 anno
1320 1349 1476 1381 dictorum
1509 1347 1646 1390 quinque
1671 1357 1843 1379 annorum:

1105 1403 1214 1436 Milites
1239 1402 1366 1434 militiae
1384 1402 1421 1433 de
1438 1401 1607 1439 Calatrara,
1625 1400 1761 1433 duorum
1779 1399 1846 1430 mil-

1106 1456 1234 1495 lionum,
1249 1459 1278 1488 et
1290 1460 1414 1487 centum
1429 1465 1462 1486 ac
1477 1453 1657 1495 octuaginta
1671 1453 1766 1484 trium
1780 1452 1847 1484 mil-

1106 1509 1192 1548 lium,
1210 1514 1239 1540 et
1256 1508 1527 1551 septingentorum
1545 1518 1578 1539 ac
1601 1506 1847 1548 vigintiquatuor

1107 1561 1386 1605 nmrapetinorum,
1407 1560 1547 1603 quolibet
1575 1569 1656 1591 anno
1688 1559 1844 1591 dictorum

1106 1614 1243 1657 quinque
1268 1624 1440 1646 annorum:
1466 1613 1577 1645 Milites
1593 1612 1722 1644 militiae
1743 1611 1780 1643 de
1799 1612 1847 1643 Al-

1107 1673 1242 1706 cantara,
1265 1666 1356 1699 unius
1382 1665 1550 1701 millionis,
1580 1665 1845 1706 noningentorum

1108 1726 1137 1751 et
1161 1721 1257 1752 trium
1283 1719 1438 1758 millium,
1464 1730 1497 1750 ac
1523 1717 1793 1761 septingentorum
1819 1722 1848 1749 et

1108 1774 1302 1817 septuaginta
1321 1772 1601 1815 morapetinorum,
1615 1770 1753 1814 quolibet
1767 1780 1848 1802 anno

1109 1828 1183 1861 dicti
1215 1826 1442 1870 quinquennii:
1474 1825 1531 1863 Qui
1561 1824 1688 1867 quidem
1724 1823 1848 1856 ducenti

1109 1880 1336 1924 quinquaginta
1365 1878 1449 1911 mille
1481 1878 1584 1910 ducati
1614 1877 1785 1910 ascendunt
1811 1876 1849 1908 ad

1110 1933 1279 1976 nonaginta
1303 1938 1366 1965 tres
1393 1931 1558 1970 milliones,
1583 1935 1611 1963 et
1637 1930 1850 1973 septingentos

1111 1998 1144 2020 ac
1162 1986 1388 2031 quinquaginta
1413 1985 1496 2017 mille
1523 1984 1751 2027 inorapetinos:
1768 1983 1852 2015 Insu-

1111 2052 1177 2085 per,
1190 2040 1274 2084 quod
1291 2039 1402 2082 aliquis
1416 2039 1452 2071 de
1467 2037 1703 2081 comprehensis
1718 2037 1749 2068 in
1766 2047 1852 2079 prae-

1112 2094 1195 2127 dicta
1212 2093 1412 2126 concessione
1427 2097 1456 2124 et
1469 2089 1702 2134 prorogatione,
1717 2089 1852 2122 cuiusvis

1113 2146 1281 2189 dignitatis,
1307 2143 1581 2188 praeeminentiae,
1606 2142 1725 2175 ordinis
1749 2146 1779 2173 et
1802 2151 1852 2173 re-

1114 2200 1239 2243 ligionis
1255 2199 1376 2237 existat,
1394 2208 1456 2230 non
1473 2196 1646 2229 eximetur⁴
1663 2205 1680 2227 a
1697 2194 1852 2227 solutione

1114 2258 1198 2286 ratae
1212 2253 1300 2285 illum
1314 2251 1467 2293 tangentis
1477 2250 1632 2282 dictorum
1647 2248 1853 2280 ducentorum

1114 2311 1144 2339 et
1167 2304 1394 2349 quinquaginta
1411 2303 1495 2335 mille
1513 2298 1698 2334 ducatorum
1716 2300 1853 2343 quolibet

1114 2370 1206 2399 anno,
1231 2359 1321 2391 dictis
1345 2357 1482 2401 quinque
1500 2356 1588 2388 annis
1605 2354 1806 2388 durantibus:
1824 2358 1853 2386 et

1114 2412 1215 2456 quod.
1241 2411 1264 2444 si
1291 2422 1362 2449 nos,
1392 2415 1443 2442 aut
1473 2409 1574 2441 dictus
1604 2406 1766 2450 Philippus
1798 2416 1854 2439 rex

1151 2510 1162 2537 1
1181 2509 1211 2536 ln
1225 2509 1282 2536 loco
1298 2508 1426 2544 parallelo
1449 2507 1546 2542 legitur
1561 2505 1736 2533 Albadeliste
1752 2505 1788 2539 (a.
1806 2504 1853 2536 τ.).

1150 2554 1166 2580 2
1182 2553 1253 2580 Haec
1267 2552 1294 2579 in
1310 2552 1362 2578 alia
1376 2552 1467 2579 Const.
1480 2559 1534 2578 non
1545 2553 1585 2577 est
1601 2552 1751 2577 memorata
1760 2548 1853 2582 (aaz).

1151 2598 1167 2624 3
1182 2597 1254 2624 Haec
1269 2596 1349 2623 etiam
1364 2595 1402 2622 ibi
1416 2595 1493 2622 deest
1505 2596 1547 2629 (a.
1563 2594 1611 2628 τ.).

1150 2642 1168 2668 4
1186 2641 1279 2676 Aptius
1302 2640 1329 2667 in
1350 2640 1408 2668 loco
1430 2639 1560 2675 parallelo
1584 2638 1683 2673 legitur
1706 2637 1856 2666 eximatur

1117 2687 1155 2721 (a.
1172 2686 1219 2719 r).
1825 2689 1830 2692 ·

1737 281 1800 315 285
1846 292 1894 317 An.
1912 291 1940 317 c.
1966 290 2032 317 1614
