<?xml version="1.0" encoding="UTF-8"?>
<!DOCTYPE html PUBLIC "-//W3C//DTD XHTML 1.0 Transitional//EN"
    "http://www.w3.org/TR/xhtml1/DTD/xhtml1-transitional.dtd">
<html xmlns="http://www.w3.org/1999/xhtml" xml:lang="en" lang="en">
 <head>
  <title>
</title>
<meta http-equiv="Content-Type" content="text/html;charset=utf-8" />
  <meta name='ocr-system' content='tesseract 3.04.00' />
  <meta name='ocr-capabilities' content='ocr_page ocr_carea ocr_par ocr_line ocrx_word'/>
</head>
<body>
  <div class='ocr_page' id='page_1' title='image "./bullarumdiplomat12cath_0582.png"; bbox 0 0 2293 3231; ppageno 0'>
   <div class='ocr_carea' id='block_1_1' title="bbox 281 296 464 326">
    <p class='ocr_par' dir='ltr' id='par_1_1' title="bbox 281 296 464 326">
     <span class='ocr_line' id='line_1_1' title="bbox 281 296 464 326; baseline 0.005 -1"><span class='ocrx_word' id='word_1_1' title='bbox 281 296 327 325; x_wconf 63' lang='lat' dir='ltr'>An.</span> <span class='ocrx_word' id='word_1_2' title='bbox 346 298 375 325; x_wconf 80' lang='lat' dir='ltr'>C.</span> <span class='ocrx_word' id='word_1_3' title='bbox 400 298 464 326; x_wconf 62' lang='lat'>¹62¹</span> 
     </span>
    </p>
   </div>
   <div class='ocr_carea' id='block_1_2' title="bbox 286 2612 467 2660">
    <p class='ocr_par' dir='ltr' id='par_1_2' title="bbox 286 2612 467 2660">
     <span class='ocr_line' id='line_1_2' title="bbox 320 2612 467 2636; baseline -0.014 -4"><span class='ocrx_word' id='word_1_4' title='bbox 320 2612 467 2636; x_wconf 61' lang='lat' dir='ltr'>Tranznnipto·</span> 
     </span>
     <span class='ocr_line' id='line_1_3' title="bbox 286 2638 406 2660; baseline -0.017 -1"><span class='ocrx_word' id='word_1_5' title='bbox 286 2645 330 2660; x_wconf 77' lang='lat' dir='ltr'>rum</span> <span class='ocrx_word' id='word_1_6' title='bbox 347 2638 406 2659; x_wconf 65' lang='lat' dir='ltr'>idm.</span> 
     </span>
    </p>
   </div>
   <div class='ocr_carea' id='block_1_3' title="bbox 515 288 579 323">
    <p class='ocr_par' dir='ltr' id='par_1_3' title="bbox 515 288 579 323">
     <span class='ocr_line' id='line_1_4' title="bbox 515 288 579 323; baseline 0.016 -1"><span class='ocrx_word' id='word_1_7' title='bbox 515 288 579 323; x_wconf 65' lang='lat'>5712</span> 
     </span>
    </p>
   </div>
   <div class='ocr_carea' id='block_1_4' title="bbox 1057 277 1414 322">
    <p class='ocr_par' dir='ltr' id='par_1_4' title="bbox 1057 277 1414 322">
     <span class='ocr_line' id='line_1_5' title="bbox 1057 277 1414 322; baseline -0.003 -1"><span class='ocrx_word' id='word_1_8' title='bbox 1057 295 1234 322; x_wconf 70' lang='lat' dir='ltr'>mummi</span> <span class='ocrx_word' id='word_1_9' title='bbox 1260 277 1414 321; x_wconf 60' lang='lat' dir='ltr'>noxus-cn</span> 
     </span>
    </p>
   </div>
   <div class='ocr_carea' id='block_1_5' title="bbox 479 344 1999 444">
    <p class='ocr_par' dir='ltr' id='par_1_5' title="bbox 479 344 1999 444">
     <span class='ocr_line' id='line_1_6' title="bbox 479 344 1999 390; baseline -0.001 -10"><span class='ocrx_word' id='word_1_10' title='bbox 479 347 626 381; x_wconf 79' lang='lat' dir='ltr'>cetebrati</span> <span class='ocrx_word' id='word_1_11' title='bbox 639 347 770 379; x_wconf 79' lang='lat' dir='ltr'>uniones</span> <span class='ocrx_word' id='word_1_12' title='bbox 784 350 966 390; x_wconf 77' lang='lat' dir='ltr'>perpetuas,</span> <span class='ocrx_word' id='word_1_13' title='bbox 980 344 1038 378; x_wconf 86' lang='lat' dir='ltr'>nisi</span> <span class='ocrx_word' id='word_1_14' title='bbox 1052 346 1083 378; x_wconf 90' lang='lat' dir='ltr'>in</span> <span class='ocrx_word' id='word_1_15' title='bbox 1097 345 1221 379; x_wconf 86' lang='lat' dir='ltr'>casibus</span> <span class='ocrx_word' id='word_1_16' title='bbox 1259 345 1447 389; x_wconf 66' lang='lat' dir='ltr'>protectoris</span> <span class='ocrx_word' id='word_1_17' title='bbox 1458 354 1515 389; x_wconf 84' lang='lat' dir='ltr'>pro</span> <span class='ocrx_word' id='word_1_18' title='bbox 1523 350 1668 389; x_wconf 84' lang='lat' dir='ltr'>tempore</span> <span class='ocrx_word' id='word_1_19' title='bbox 1685 345 1845 378; x_wconf 76' lang='lat' dir='ltr'>existentis</span> <span class='ocrx_word' id='word_1_20' title='bbox 1859 344 1999 378; x_wconf 84' lang='lat' dir='ltr'>eiusdem</span> 
     </span>
     <span class='ocr_line' id='line_1_7' title="bbox 479 397 1998 444; baseline -0.001 -11"><span class='ocrx_word' id='word_1_21' title='bbox 479 411 496 432; x_wconf 83' lang='lat' dir='ltr'>a</span> <span class='ocrx_word' id='word_1_22' title='bbox 517 400 584 433; x_wconf 85' lang='lat' dir='ltr'>iure</span> <span class='ocrx_word' id='word_1_23' title='bbox 601 399 774 444; x_wconf 76' lang='lat' dir='ltr'>permissis,</span> <span class='ocrx_word' id='word_1_24' title='bbox 796 398 865 432; x_wconf 79' lang='lat' dir='ltr'>fieri</span> <span class='ocrx_word' id='word_1_25' title='bbox 883 397 1096 442; x_wconf 80' lang='lat' dir='ltr'>prohibentis3</span> <span class='ocrx_word' id='word_1_26' title='bbox 1122 408 1157 431; x_wconf 86' lang='lat' dir='ltr'>ac</span> <span class='ocrx_word' id='word_1_27' title='bbox 1182 398 1221 432; x_wconf 77' lang='lat' dir='ltr'>se·</span> <span class='ocrx_word' id='word_1_28' title='bbox 1259 398 1388 442; x_wconf 83' lang='lat' dir='ltr'>hospitii</span> <span class='ocrx_word' id='word_1_29' title='bbox 1409 409 1462 431; x_wconf 89' lang='lat' dir='ltr'>seu</span> <span class='ocrx_word' id='word_1_30' title='bbox 1481 398 1605 441; x_wconf 82' lang='lat' dir='ltr'>collegii</span> <span class='ocrx_word' id='word_1_31' title='bbox 1623 397 1763 439; x_wconf 47' lang='lat' dir='ltr'>munitis</span> <span class='ocrx_word' id='word_1_32' title='bbox 1781 398 1889 432; x_wconf 81' lang='lat' dir='ltr'>eadem</span> <span class='ocrx_word' id='word_1_33' title='bbox 1906 407 1998 443; x_wconf 86' lang='lat' dir='ltr'>pror-</span> 
     </span>
    </p>
   </div>
   <div class='ocr_carea' id='block_1_6' title="bbox 477 451 1227 2768">
    <p class='ocr_par' dir='ltr' id='par_1_6' title="bbox 477 451 1227 2595">
     <span class='ocr_line' id='line_1_8' title="bbox 479 451 1221 496; baseline -0.001 -10"><span class='ocrx_word' id='word_1_34' title='bbox 479 453 546 486; x_wconf 89' lang='lat' dir='ltr'>licis</span> <span class='ocrx_word' id='word_1_35' title='bbox 562 451 792 486; x_wconf 83' lang='lat' dir='ltr'>reeordationis</span> <span class='ocrx_word' id='word_1_36' title='bbox 811 451 955 494; x_wconf 65' lang='lat' dir='ltr'>Gregorii</span> <span class='ocrx_word' id='word_1_37' title='bbox 979 451 1079 496; x_wconf 81' lang='lat' dir='ltr'>Papae</span> <span class='ocrx_word' id='word_1_38' title='bbox 1096 451 1163 485; x_wconf 79' lang='lat' dir='ltr'>xttl</span> <span class='ocrx_word' id='word_1_39' title='bbox 1183 451 1221 485; x_wconf 87' lang='lat' dir='ltr'>de</span> 
     </span>
     <span class='ocr_line' id='line_1_9' title="bbox 479 505 1221 547; baseline -0.001 -7"><span class='ocrx_word' id='word_1_40' title='bbox 479 505 628 540; x_wconf 76' lang='lat' dir='ltr'>solvendo</span> <span class='ocrx_word' id='word_1_41' title='bbox 646 511 815 547; x_wconf 69' lang='lat' dir='ltr'>augmento</span> <span class='ocrx_word' id='word_1_42' title='bbox 829 516 863 539; x_wconf 78' lang='lat' dir='ltr'>ex</span> <span class='ocrx_word' id='word_1_43' title='bbox 879 508 973 538; x_wconf 76' lang='lat' dir='ltr'>eausa</span> <span class='ocrx_word' id='word_1_44' title='bbox 990 510 1155 547; x_wconf 82' lang='lat' dir='ltr'>retractus,</span> <span class='ocrx_word' id='word_1_45' title='bbox 1172 506 1221 539; x_wconf 75' lang='lat' dir='ltr'>vel</span> 
     </span>
     <span class='ocr_line' id='line_1_10' title="bbox 479 559 1220 602; baseline -0.001 -9"><span class='ocrx_word' id='word_1_46' title='bbox 479 559 556 593; x_wconf 86' lang='lat' dir='ltr'>iuris</span> <span class='ocrx_word' id='word_1_47' title='bbox 580 559 724 601; x_wconf 78' lang='lat' dir='ltr'>congrui,</span> <span class='ocrx_word' id='word_1_48' title='bbox 742 559 873 602; x_wconf 83' lang='lat' dir='ltr'>aliisque</span> <span class='ocrx_word' id='word_1_49' title='bbox 891 559 1167 593; x_wconf 85' lang='lat' dir='ltr'>constitutionibus</span> <span class='ocrx_word' id='word_1_50' title='bbox 1192 565 1220 592; x_wconf 88' lang='lat' dir='ltr'>ct</span> 
     </span>
     <span class='ocr_line' id='line_1_11' title="bbox 479 612 1221 658; baseline 0 -12"><span class='ocrx_word' id='word_1_51' title='bbox 479 612 730 646; x_wconf 73' lang='lat' dir='ltr'>ordinationibus</span> <span class='ocrx_word' id='word_1_52' title='bbox 743 612 934 658; x_wconf 85' lang='lat' dir='ltr'>apostolicis,</span> <span class='ocrx_word' id='word_1_53' title='bbox 946 622 1071 646; x_wconf 82' lang='lat' dir='ltr'>necnon</span> <span class='ocrx_word' id='word_1_54' title='bbox 1085 613 1178 646; x_wconf 71' lang='lat' dir='ltr'>l&#39;rliis</span> <span class='ocrx_word' id='word_1_55' title='bbox 1193 618 1221 646; x_wconf 84' lang='lat' dir='ltr'>ct</span> 
     </span>
     <span class='ocr_line' id='line_1_12' title="bbox 478 666 1223 711; baseline 0.001 -11"><span class='ocrx_word' id='word_1_56' title='bbox 478 666 602 700; x_wconf 79' lang='lat' dir='ltr'>Ordinis</span> <span class='ocrx_word' id='word_1_57' title='bbox 614 667 843 711; x_wconf 70' lang='lat' dir='ltr'>praefatorum,</span> <span class='ocrx_word' id='word_1_58' title='bbox 859 666 1004 711; x_wconf 85' lang='lat' dir='ltr'>illiusque</span> <span class='ocrx_word' id='word_1_59' title='bbox 1019 667 1223 702; x_wconf 86' lang='lat' dir='ltr'>monasterio-</span> 
     </span>
     <span class='ocr_line' id='line_1_13' title="bbox 478 721 1222 764; baseline 0 -10"><span class='ocrx_word' id='word_1_60' title='bbox 478 731 549 755; x_wconf 81' lang='lat' dir='ltr'>rum</span> <span class='ocrx_word' id='word_1_61' title='bbox 581 726 610 754; x_wconf 85' lang='lat' dir='ltr'>et</span> <span class='ocrx_word' id='word_1_62' title='bbox 639 721 835 764; x_wconf 78' lang='lat' dir='ltr'>regularium</span> <span class='ocrx_word' id='word_1_63' title='bbox 864 721 1009 754; x_wconf 85' lang='lat' dir='ltr'>locorum</span> <span class='ocrx_word' id='word_1_64' title='bbox 1026 749 1032 761; x_wconf 86' lang='lat'>‚</span> <span class='ocrx_word' id='word_1_65' title='bbox 1064 731 1098 754; x_wconf 91' lang='lat' dir='ltr'>ac</span> <span class='ocrx_word' id='word_1_66' title='bbox 1130 721 1222 754; x_wconf 77' lang='lat' dir='ltr'>Urbis</span> 
     </span>
     <span class='ocr_line' id='line_1_14' title="bbox 478 774 1221 819; baseline 0 -12"><span class='ocrx_word' id='word_1_67' title='bbox 478 774 648 819; x_wconf 78' lang='lat' dir='ltr'>praefatae,</span> <span class='ocrx_word' id='word_1_68' title='bbox 665 779 693 808; x_wconf 88' lang='lat' dir='ltr'>et</span> <span class='ocrx_word' id='word_1_69' title='bbox 708 774 894 818; x_wconf 81' lang='lat' dir='ltr'>quorumvis</span> <span class='ocrx_word' id='word_1_70' title='bbox 910 774 994 807; x_wconf 87' lang='lat' dir='ltr'>illius</span> <span class='ocrx_word' id='word_1_71' title='bbox 1017 774 1221 807; x_wconf 67' lang='lat' dir='ltr'>tribunalium</span> 
     </span>
     <span class='ocr_line' id='line_1_15' title="bbox 479 826 1221 872; baseline 0.001 -12"><span class='ocrx_word' id='word_1_72' title='bbox 479 827 686 870; x_wconf 57' lang='lat' dir='ltr'>(iurtunentm</span> <span class='ocrx_word' id='word_1_73' title='bbox 711 826 951 862; x_wconf 83' lang='lat' dir='ltr'>confirmatione</span> <span class='ocrx_word' id='word_1_74' title='bbox 976 826 1148 872; x_wconf 80' lang='lat' dir='ltr'>apostolica</span> <span class='ocrx_word' id='word_1_75' title='bbox 1174 828 1221 861; x_wconf 83' lang='lat' dir='ltr'>vel</span> 
     </span>
     <span class='ocr_line' id='line_1_16' title="bbox 478 879 1221 925; baseline 0.003 -12"><span class='ocrx_word' id='word_1_76' title='bbox 478 881 587 925; x_wconf 88' lang='lat' dir='ltr'>quavis</span> <span class='ocrx_word' id='word_1_77' title='bbox 610 879 759 914; x_wconf 84' lang='lat' dir='ltr'>firmitate</span> <span class='ocrx_word' id='word_1_78' title='bbox 784 881 843 914; x_wconf 74' lang='lat' dir='ltr'>alia</span> <span class='ocrx_word' id='word_1_79' title='bbox 878 881 1049 925; x_wconf 88' lang='lat' dir='ltr'>roboratis)</span> <span class='ocrx_word' id='word_1_80' title='bbox 1084 882 1221 924; x_wconf 83' lang='lat' dir='ltr'>statutis,</span> 
     </span>
     <span class='ocr_line' id='line_1_17' title="bbox 478 933 1224 980; baseline 0 -12"><span class='ocrx_word' id='word_1_81' title='bbox 478 933 772 975; x_wconf 76' lang='lat' dir='ltr'>reformationibus,</span> <span class='ocrx_word' id='word_1_82' title='bbox 789 933 898 967; x_wconf 83' lang='lat' dir='ltr'>usibus</span> <span class='ocrx_word' id='word_1_83' title='bbox 919 939 947 967; x_wconf 85' lang='lat' dir='ltr'>ct</span> <span class='ocrx_word' id='word_1_84' title='bbox 965 935 1104 976; x_wconf 86' lang='lat' dir='ltr'>naturis,</span> <span class='ocrx_word' id='word_1_85' title='bbox 1130 935 1224 980; x_wconf 88' lang='lat' dir='ltr'>privi-</span> 
     </span>
     <span class='ocr_line' id='line_1_18' title="bbox 478 987 1222 1034; baseline 0.003 -13"><span class='ocrx_word' id='word_1_86' title='bbox 478 988 568 1032; x_wconf 81' lang='lat' dir='ltr'>legiis</span> <span class='ocrx_word' id='word_1_87' title='bbox 577 999 714 1034; x_wconf 85' lang='lat' dir='ltr'>quoque,</span> <span class='ocrx_word' id='word_1_88' title='bbox 725 987 854 1021; x_wconf 90' lang='lat' dir='ltr'>indultis</span> <span class='ocrx_word' id='word_1_89' title='bbox 865 993 893 1022; x_wconf 87' lang='lat' dir='ltr'>et</span> <span class='ocrx_word' id='word_1_90' title='bbox 906 988 1021 1022; x_wconf 89' lang='lat' dir='ltr'>litteris</span> <span class='ocrx_word' id='word_1_91' title='bbox 1031 989 1222 1034; x_wconf 86' lang='lat' dir='ltr'>apostolicis,</span> 
     </span>
     <span class='ocr_line' id='line_1_19' title="bbox 478 1041 1224 1087; baseline 0.001 -12"><span class='ocrx_word' id='word_1_92' title='bbox 478 1041 600 1075; x_wconf 86' lang='lat' dir='ltr'>dilectis</span> <span class='ocrx_word' id='word_1_93' title='bbox 614 1041 687 1076; x_wconf 81' lang='lat' dir='ltr'>filiis</span> <span class='ocrx_word' id='word_1_94' title='bbox 707 1041 833 1076; x_wconf 87' lang='lat' dir='ltr'>Ordinis</span> <span class='ocrx_word' id='word_1_95' title='bbox 854 1042 1000 1087; x_wconf 86' lang='lat' dir='ltr'>illiusque</span> <span class='ocrx_word' id='word_1_96' title='bbox 1020 1043 1224 1076; x_wconf 87' lang='lat' dir='ltr'>monasterio-</span> 
     </span>
     <span class='ocr_line' id='line_1_20' title="bbox 478 1096 1222 1141; baseline 0.001 -11"><span class='ocrx_word' id='word_1_97' title='bbox 478 1107 547 1130; x_wconf 84' lang='lat' dir='ltr'>rum</span> <span class='ocrx_word' id='word_1_98' title='bbox 580 1096 838 1141; x_wconf 81' lang='lat' dir='ltr'>regulariumque</span> <span class='ocrx_word' id='word_1_99' title='bbox 862 1097 1005 1130; x_wconf 85' lang='lat' dir='ltr'>locorum</span> <span class='ocrx_word' id='word_1_100' title='bbox 1042 1097 1222 1131; x_wconf 83' lang='lat' dir='ltr'>huiusmodi</span> 
     </span>
     <span class='ocr_line' id='line_1_21' title="bbox 478 1150 1222 1195; baseline 0.003 -12"><span class='ocrx_word' id='word_1_101' title='bbox 478 1150 704 1195; x_wconf 61' lang='lat' dir='ltr'>superioribxw,</span> <span class='ocrx_word' id='word_1_102' title='bbox 729 1160 765 1184; x_wconf 88' lang='lat' dir='ltr'>ac</span> <span class='ocrx_word' id='word_1_103' title='bbox 789 1150 883 1184; x_wconf 88' lang='lat' dir='ltr'>etiam</span> <span class='ocrx_word' id='word_1_104' title='bbox 909 1150 984 1184; x_wconf 86' lang='lat' dir='ltr'>Urbi</span> <span class='ocrx_word' id='word_1_105' title='bbox 1011 1156 1039 1184; x_wconf 81' lang='lat' dir='ltr'>ot</span> <span class='ocrx_word' id='word_1_106' title='bbox 1065 1152 1222 1192; x_wconf 79' lang='lat' dir='ltr'>senatori,</span> 
     </span>
     <span class='ocr_line' id='line_1_22' title="bbox 478 1204 1224 1249; baseline 0 -12"><span class='ocrx_word' id='word_1_107' title='bbox 478 1204 660 1249; x_wconf 77' lang='lat' dir='ltr'>populoque</span> <span class='ocrx_word' id='word_1_108' title='bbox 689 1214 838 1240; x_wconf 84' lang='lat' dir='ltr'>romano.</span> <span class='ocrx_word' id='word_1_109' title='bbox 863 1214 984 1238; x_wconf 83' lang='lat' dir='ltr'>necnon</span> <span class='ocrx_word' id='word_1_110' title='bbox 1011 1205 1145 1242; x_wconf 80' lang='lat' dir='ltr'>vicario.</span> <span class='ocrx_word' id='word_1_111' title='bbox 1170 1215 1224 1247; x_wconf 81' lang='lat' dir='ltr'>gu-</span> 
     </span>
     <span class='ocr_line' id='line_1_23' title="bbox 477 1258 1224 1300; baseline 0.001 -9"><span class='ocrx_word' id='word_1_112' title='bbox 477 1258 651 1298; x_wconf 87' lang='lat' dir='ltr'>bernatori,</span> <span class='ocrx_word' id='word_1_113' title='bbox 671 1258 819 1299; x_wconf 85' lang='lat' dir='ltr'>senatori,</span> <span class='ocrx_word' id='word_1_114' title='bbox 837 1259 1122 1300; x_wconf 55' lang='lat' dir='ltr'>conservatoribus,</span> <span class='ocrx_word' id='word_1_115' title='bbox 1139 1259 1224 1292; x_wconf 90' lang='lat' dir='ltr'>andi-</span> 
     </span>
     <span class='ocr_line' id='line_1_24' title="bbox 479 1313 1225 1353; baseline 0.001 -7"><span class='ocrx_word' id='word_1_116' title='bbox 479 1313 538 1347; x_wconf 87' lang='lat' dir='ltr'>tori</span> <span class='ocrx_word' id='word_1_117' title='bbox 563 1322 706 1346; x_wconf 87' lang='lat' dir='ltr'>camerae</span> <span class='ocrx_word' id='word_1_118' title='bbox 724 1313 864 1346; x_wconf 89' lang='lat' dir='ltr'>eiusdem</span> <span class='ocrx_word' id='word_1_119' title='bbox 891 1319 1016 1347; x_wconf 80' lang='lat' dir='ltr'>nostrae</span> <span class='ocrx_word' id='word_1_120' title='bbox 1035 1314 1150 1353; x_wconf 82' lang='lat' dir='ltr'>Urbis,</span> <span class='ocrx_word' id='word_1_121' title='bbox 1175 1324 1225 1347; x_wconf 87' lang='lat' dir='ltr'>eo-</span> 
     </span>
     <span class='ocr_line' id='line_1_25' title="bbox 479 1366 1225 1411; baseline -0.001 -10"><span class='ocrx_word' id='word_1_122' title='bbox 479 1376 614 1411; x_wconf 81' lang='lat' dir='ltr'>rumque</span> <span class='ocrx_word' id='word_1_123' title='bbox 632 1366 891 1407; x_wconf 85' lang='lat' dir='ltr'>loeatenentibus‚</span> <span class='ocrx_word' id='word_1_124' title='bbox 911 1367 1128 1409; x_wconf 66' lang='lat' dir='ltr'>viccsgerenfi,</span> <span class='ocrx_word' id='word_1_125' title='bbox 1146 1367 1225 1400; x_wconf 81' lang='lat' dir='ltr'>vica—</span> 
     </span>
     <span class='ocr_line' id='line_1_26' title="bbox 480 1420 1223 1464; baseline 0.001 -11"><span class='ocrx_word' id='word_1_126' title='bbox 480 1420 743 1461; x_wconf 76' lang='lat' dir='ltr'>1·iis‚0fficiatibus</span> <span class='ocrx_word' id='word_1_127' title='bbox 754 1425 782 1453; x_wconf 82' lang='lat' dir='ltr'>ct</span> <span class='ocrx_word' id='word_1_128' title='bbox 797 1420 960 1464; x_wconf 74' lang='lat' dir='ltr'>quibusvis</span> <span class='ocrx_word' id='word_1_129' title='bbox 973 1421 1042 1453; x_wconf 91' lang='lat' dir='ltr'>aliis</span> <span class='ocrx_word' id='word_1_130' title='bbox 1056 1420 1223 1462; x_wconf 86' lang='lat' dir='ltr'>iudicibus,</span> 
     </span>
     <span class='ocr_line' id='line_1_27' title="bbox 480 1473 1223 1518; baseline 0.003 -12"><span class='ocrx_word' id='word_1_131' title='bbox 480 1473 537 1507; x_wconf 85' lang='lat' dir='ltr'>sub</span> <span class='ocrx_word' id='word_1_132' title='bbox 555 1474 809 1518; x_wconf 85' lang='lat' dir='ltr'>quibuscumque</span> <span class='ocrx_word' id='word_1_133' title='bbox 826 1474 990 1507; x_wconf 90' lang='lat' dir='ltr'>tenoribus</span> <span class='ocrx_word' id='word_1_134' title='bbox 1008 1480 1037 1508; x_wconf 84' lang='lat' dir='ltr'>et</span> <span class='ocrx_word' id='word_1_135' title='bbox 1050 1475 1170 1516; x_wconf 76' lang='lat' dir='ltr'>formis,</span> <span class='ocrx_word' id='word_1_136' title='bbox 1188 1486 1223 1509; x_wconf 89' lang='lat' dir='ltr'>ae</span> 
     </span>
     <span class='ocr_line' id='line_1_28' title="bbox 479 1528 1225 1573; baseline 0.001 -12"><span class='ocrx_word' id='word_1_137' title='bbox 479 1538 550 1561; x_wconf 89' lang='lat' dir='ltr'>cum</span> <span class='ocrx_word' id='word_1_138' title='bbox 569 1528 733 1573; x_wconf 89' lang='lat' dir='ltr'>quibusvis</span> <span class='ocrx_word' id='word_1_139' title='bbox 757 1528 850 1561; x_wconf 87' lang='lat' dir='ltr'>etiam</span> <span class='ocrx_word' id='word_1_140' title='bbox 874 1528 1149 1571; x_wconf 64' lang='lat' dir='ltr'>derogatoriarum</span> <span class='ocrx_word' id='word_1_141' title='bbox 1174 1530 1225 1563; x_wconf 86' lang='lat' dir='ltr'>de-</span> 
     </span>
     <span class='ocr_line' id='line_1_29' title="bbox 479 1581 1224 1625; baseline 0.001 -10"><span class='ocrx_word' id='word_1_142' title='bbox 479 1582 658 1625; x_wconf 73' lang='lat' dir='ltr'>rogatoriis,</span> <span class='ocrx_word' id='word_1_143' title='bbox 675 1582 808 1625; x_wconf 83' lang='lat' dir='ltr'>aliisque</span> <span class='ocrx_word' id='word_1_144' title='bbox 826 1581 1051 1616; x_wconf 83' lang='lat' dir='ltr'>efficacissimis</span> <span class='ocrx_word' id='word_1_145' title='bbox 1069 1587 1097 1617; x_wconf 89' lang='lat' dir='ltr'>et</span> <span class='ocrx_word' id='word_1_146' title='bbox 1119 1583 1224 1617; x_wconf 84' lang='lat' dir='ltr'>insoli-</span> 
     </span>
     <span class='ocr_line' id='line_1_30' title="bbox 481 1635 1224 1675; baseline 0.003 -8"><span class='ocrx_word' id='word_1_147' title='bbox 481 1635 518 1668; x_wconf 87' lang='lat' dir='ltr'>tis</span> <span class='ocrx_word' id='word_1_148' title='bbox 534 1635 683 1669; x_wconf 74' lang='lat' dir='ltr'>clausulis</span> <span class='ocrx_word' id='word_1_149' title='bbox 698 1662 705 1675; x_wconf 90' lang='lat'>,</span> <span class='ocrx_word' id='word_1_150' title='bbox 732 1645 854 1668; x_wconf 82' lang='lat' dir='ltr'>necnon</span> <span class='ocrx_word' id='word_1_151' title='bbox 879 1635 1076 1669; x_wconf 77' lang='lat' dir='ltr'>irm&#39;tantibus</span> <span class='ocrx_word' id='word_1_152' title='bbox 1101 1641 1129 1670; x_wconf 85' lang='lat' dir='ltr'>et</span> <span class='ocrx_word' id='word_1_153' title='bbox 1155 1636 1224 1670; x_wconf 84' lang='lat' dir='ltr'>aliis</span> 
     </span>
     <span class='ocr_line' id='line_1_31' title="bbox 479 1689 1225 1735; baseline 0.001 -13"><span class='ocrx_word' id='word_1_154' title='bbox 479 1689 624 1730; x_wconf 81' lang='lat' dir='ltr'>decretis,</span> <span class='ocrx_word' id='word_1_155' title='bbox 638 1689 667 1722; x_wconf 91' lang='lat' dir='ltr'>in</span> <span class='ocrx_word' id='word_1_156' title='bbox 683 1699 799 1732; x_wconf 79' lang='lat' dir='ltr'>genere</span> <span class='ocrx_word' id='word_1_157' title='bbox 816 1689 865 1722; x_wconf 88' lang='lat' dir='ltr'>vel</span> <span class='ocrx_word' id='word_1_158' title='bbox 883 1689 914 1722; x_wconf 90' lang='lat' dir='ltr'>in</span> <span class='ocrx_word' id='word_1_159' title='bbox 928 1690 1044 1734; x_wconf 84' lang='lat' dir='ltr'>specie,</span> <span class='ocrx_word' id='word_1_160' title='bbox 1062 1700 1119 1735; x_wconf 89' lang='lat' dir='ltr'>per</span> <span class='ocrx_word' id='word_1_161' title='bbox 1135 1700 1225 1734; x_wconf 86' lang='lat' dir='ltr'>quos-</span> 
     </span>
     <span class='ocr_line' id='line_1_32' title="bbox 480 1742 1225 1788; baseline 0.004 -13"><span class='ocrx_word' id='word_1_162' title='bbox 480 1753 614 1787; x_wconf 85' lang='lat' dir='ltr'>cumque</span> <span class='ocrx_word' id='word_1_163' title='bbox 632 1743 790 1776; x_wconf 80' lang='lat' dir='ltr'>Romanos</span> <span class='ocrx_word' id='word_1_164' title='bbox 815 1742 999 1781; x_wconf 77' lang='lat' dir='ltr'>Pontifices,</span> <span class='ocrx_word' id='word_1_165' title='bbox 1020 1743 1112 1776; x_wconf 88' lang='lat' dir='ltr'>etiam</span> <span class='ocrx_word' id='word_1_166' title='bbox 1137 1754 1225 1788; x_wconf 85' lang='lat' dir='ltr'>prac-</span> 
     </span>
     <span class='ocr_line' id='line_1_33' title="bbox 481 1797 1224 1842; baseline 0.001 -12"><span class='ocrx_word' id='word_1_167' title='bbox 481 1797 664 1831; x_wconf 76' lang='lat' dir='ltr'>decessores</span> <span class='ocrx_word' id='word_1_168' title='bbox 677 1802 813 1837; x_wconf 80' lang='lat' dir='ltr'>nostros‚</span> <span class='ocrx_word' id='word_1_169' title='bbox 828 1807 863 1830; x_wconf 89' lang='lat' dir='ltr'>ac</span> <span class='ocrx_word' id='word_1_170' title='bbox 875 1806 943 1838; x_wconf 86' lang='lat' dir='ltr'>nos,</span> <span class='ocrx_word' id='word_1_171' title='bbox 961 1801 988 1829; x_wconf 87' lang='lat' dir='ltr'>ct</span> <span class='ocrx_word' id='word_1_172' title='bbox 1008 1797 1119 1831; x_wconf 82' lang='lat' dir='ltr'>Scdem</span> <span class='ocrx_word' id='word_1_173' title='bbox 1138 1808 1224 1842; x_wconf 85' lang='lat' dir='ltr'>prac-</span> 
     </span>
     <span class='ocr_line' id='line_1_34' title="bbox 481 1851 1223 1892; baseline 0 -8"><span class='ocrx_word' id='word_1_174' title='bbox 481 1853 584 1892; x_wconf 65' lang='lat' dir='ltr'>lhtam,</span> <span class='ocrx_word' id='word_1_175' title='bbox 595 1857 681 1884; x_wconf 87' lang='lat' dir='ltr'>motu</span> <span class='ocrx_word' id='word_1_176' title='bbox 696 1851 791 1884; x_wconf 83' lang='lat' dir='ltr'>simili</span> <span class='ocrx_word' id='word_1_177' title='bbox 801 1861 835 1884; x_wconf 85' lang='lat' dir='ltr'>ac</span> <span class='ocrx_word' id='word_1_178' title='bbox 850 1851 942 1884; x_wconf 85' lang='lat' dir='ltr'>etiam</span> <span class='ocrx_word' id='word_1_179' title='bbox 954 1851 1223 1892; x_wconf 76' lang='lat' dir='ltr'>consistorialiter,</span> 
     </span>
     <span class='ocr_line' id='line_1_35' title="bbox 480 1905 1225 1950; baseline 0 -11"><span class='ocrx_word' id='word_1_180' title='bbox 480 1906 573 1940; x_wconf 83' lang='lat' dir='ltr'>etiam</span> <span class='ocrx_word' id='word_1_181' title='bbox 598 1905 718 1939; x_wconf 78' lang='lat' dir='ltr'>iteratis</span> <span class='ocrx_word' id='word_1_182' title='bbox 742 1905 872 1947; x_wconf 85' lang='lat' dir='ltr'>vicibus,</span> <span class='ocrx_word' id='word_1_183' title='bbox 891 1905 922 1939; x_wconf 88' lang='lat' dir='ltr'>in</span> <span class='ocrx_word' id='word_1_184' title='bbox 939 1906 1133 1940; x_wconf 83' lang='lat' dir='ltr'>eontrarium</span> <span class='ocrx_word' id='word_1_185' title='bbox 1151 1916 1225 1950; x_wconf 91' lang='lat' dir='ltr'>quo-</span> 
     </span>
     <span class='ocr_line' id='line_1_36' title="bbox 481 1959 1224 2005; baseline 0 -13"><span class='ocrx_word' id='word_1_186' title='bbox 481 1959 651 1993; x_wconf 88' lang='lat' dir='ltr'>modolibet</span> <span class='ocrx_word' id='word_1_187' title='bbox 676 1960 850 1999; x_wconf 70' lang='lat' dir='ltr'>concessis,</span> <span class='ocrx_word' id='word_1_188' title='bbox 875 1959 1057 2005; x_wconf 85' lang='lat' dir='ltr'>approbatis</span> <span class='ocrx_word' id='word_1_189' title='bbox 1081 1965 1107 1993; x_wconf 85' lang='lat' dir='ltr'>et</span> <span class='ocrx_word' id='word_1_190' title='bbox 1135 1960 1224 1993; x_wconf 90' lang='lat' dir='ltr'>inno-</span> 
     </span>
     <span class='ocr_line' id='line_1_37' title="bbox 482 2012 1224 2053; baseline 0.001 -9"><span class='ocrx_word' id='word_1_191' title='bbox 482 2013 568 2046; x_wconf 86' lang='lat' dir='ltr'>vatis.</span> <span class='ocrx_word' id='word_1_192' title='bbox 591 2012 711 2052; x_wconf 78' lang='lat' dir='ltr'>Quibus</span> <span class='ocrx_word' id='word_1_193' title='bbox 740 2012 905 2053; x_wconf 80' lang='lat' dir='ltr'>omnibus,</span> <span class='ocrx_word' id='word_1_194' title='bbox 931 2013 1054 2045; x_wconf 83' lang='lat' dir='ltr'>etiamsi</span> <span class='ocrx_word' id='word_1_195' title='bbox 1089 2012 1127 2044; x_wconf 75' lang='lat' dir='ltr'>de,</span> <span class='ocrx_word' id='word_1_196' title='bbox 1164 2012 1224 2045; x_wconf 89' lang='lat' dir='ltr'>illis</span> 
     </span>
     <span class='ocr_line' id='line_1_38' title="bbox 481 2067 1226 2111; baseline -0.001 -11"><span class='ocrx_word' id='word_1_197' title='bbox 481 2077 656 2111; x_wconf 82' lang='lat' dir='ltr'>eorumque</span> <span class='ocrx_word' id='word_1_198' title='bbox 679 2067 751 2100; x_wconf 88' lang='lat' dir='ltr'>totis</span> <span class='ocrx_word' id='word_1_199' title='bbox 771 2067 932 2100; x_wconf 84' lang='lat' dir='ltr'>tenoribus</span> <span class='ocrx_word' id='word_1_200' title='bbox 951 2067 1106 2111; x_wconf 78' lang='lat' dir='ltr'>specialis,</span> <span class='ocrx_word' id='word_1_201' title='bbox 1128 2067 1226 2111; x_wconf 83' lang='lat' dir='ltr'>speci-</span> 
     </span>
     <span class='ocr_line' id='line_1_39' title="bbox 482 2119 1225 2164; baseline 0 -10"><span class='ocrx_word' id='word_1_202' title='bbox 482 2119 580 2161; x_wconf 84' lang='lat' dir='ltr'>cifica,</span> <span class='ocrx_word' id='word_1_203' title='bbox 598 2130 746 2164; x_wconf 81' lang='lat' dir='ltr'>expressa</span> <span class='ocrx_word' id='word_1_204' title='bbox 772 2125 800 2153; x_wconf 90' lang='lat' dir='ltr'>et</span> <span class='ocrx_word' id='word_1_205' title='bbox 826 2120 995 2158; x_wconf 74' lang='lat' dir='ltr'>individua,</span> <span class='ocrx_word' id='word_1_206' title='bbox 1013 2131 1048 2154; x_wconf 87' lang='lat' dir='ltr'>ac</span> <span class='ocrx_word' id='word_1_207' title='bbox 1065 2120 1103 2153; x_wconf 84' lang='lat' dir='ltr'>dc.</span> <span class='ocrx_word' id='word_1_208' title='bbox 1130 2120 1225 2154; x_wconf 82' lang='lat' dir='ltr'>verbo</span> 
     </span>
     <span class='ocr_line' id='line_1_40' title="bbox 481 2173 1221 2218; baseline -0.003 -11"><span class='ocrx_word' id='word_1_209' title='bbox 481 2174 520 2208; x_wconf 82' lang='lat' dir='ltr'>ad</span> <span class='ocrx_word' id='word_1_210' title='bbox 542 2173 684 2215; x_wconf 86' lang='lat' dir='ltr'>verbum,</span> <span class='ocrx_word' id='word_1_211' title='bbox 700 2184 763 2207; x_wconf 91' lang='lat' dir='ltr'>non</span> <span class='ocrx_word' id='word_1_212' title='bbox 781 2179 885 2207; x_wconf 78' lang='lat' dir='ltr'>autem</span> <span class='ocrx_word' id='word_1_213' title='bbox 903 2185 959 2218; x_wconf 85' lang='lat' dir='ltr'>per</span> <span class='ocrx_word' id='word_1_214' title='bbox 984 2174 1140 2207; x_wconf 82' lang='lat' dir='ltr'>clausulas</span> <span class='ocrx_word' id='word_1_215' title='bbox 1165 2186 1221 2217; x_wconf 70' lang='lat' dir='ltr'>gc-</span> 
     </span>
     <span class='ocr_line' id='line_1_41' title="bbox 481 2228 1226 2272; baseline -0.001 -10"><span class='ocrx_word' id='word_1_216' title='bbox 481 2229 605 2262; x_wconf 82' lang='lat' dir='ltr'>nerales</span> <span class='ocrx_word' id='word_1_217' title='bbox 614 2228 696 2261; x_wconf 88' lang='lat' dir='ltr'>idem</span> <span class='ocrx_word' id='word_1_218' title='bbox 712 2228 928 2272; x_wconf 83' lang='lat' dir='ltr'>importantes,</span> <span class='ocrx_word' id='word_1_219' title='bbox 938 2229 1056 2261; x_wconf 82' lang='lat' dir='ltr'>mentio</span> <span class='ocrx_word' id='word_1_220' title='bbox 1071 2239 1125 2261; x_wconf 88' lang='lat' dir='ltr'>seu</span> <span class='ocrx_word' id='word_1_221' title='bbox 1135 2239 1226 2272; x_wconf 85' lang='lat' dir='ltr'>quae-</span> 
     </span>
     <span class='ocr_line' id='line_1_42' title="bbox 484 2282 1226 2327; baseline 0 -13"><span class='ocrx_word' id='word_1_222' title='bbox 484 2283 528 2315; x_wconf 87' lang='lat' dir='ltr'>vis</span> <span class='ocrx_word' id='word_1_223' title='bbox 545 2283 604 2316; x_wconf 87' lang='lat' dir='ltr'>alia</span> <span class='ocrx_word' id='word_1_224' title='bbox 622 2282 783 2327; x_wconf 73' lang='lat' dir='ltr'>expressio</span> <span class='ocrx_word' id='word_1_225' title='bbox 808 2282 950 2315; x_wconf 84' lang='lat' dir='ltr'>habenda</span> <span class='ocrx_word' id='word_1_226' title='bbox 968 2287 1017 2314; x_wconf 86' lang='lat' dir='ltr'>aut</span> <span class='ocrx_word' id='word_1_227' title='bbox 1037 2282 1141 2326; x_wconf 86' lang='lat' dir='ltr'>aliqua</span> <span class='ocrx_word' id='word_1_228' title='bbox 1166 2282 1226 2314; x_wconf 84' lang='lat' dir='ltr'>alia</span> 
     </span>
     <span class='ocr_line' id='line_1_43' title="bbox 483 2335 1224 2381; baseline -0.003 -11"><span class='ocrx_word' id='word_1_229' title='bbox 483 2337 637 2381; x_wconf 76' lang='lat' dir='ltr'>exquisita</span> <span class='ocrx_word' id='word_1_230' title='bbox 664 2337 764 2369; x_wconf 81' lang='lat' dir='ltr'>t&#39;orma</span> <span class='ocrx_word' id='word_1_231' title='bbox 790 2335 827 2368; x_wconf 86' lang='lat' dir='ltr'>ad</span> <span class='ocrx_word' id='word_1_232' title='bbox 857 2335 917 2369; x_wconf 88' lang='lat' dir='ltr'>hoe</span> <span class='ocrx_word' id='word_1_233' title='bbox 947 2335 1099 2368; x_wconf 85' lang='lat' dir='ltr'>servanda</span> <span class='ocrx_word' id='word_1_234' title='bbox 1128 2336 1224 2377; x_wconf 86' lang='lat' dir='ltr'>feret,</span> 
     </span>
     <span class='ocr_line' id='line_1_44' title="bbox 485 2389 1225 2432; baseline -0.003 -9"><span class='ocrx_word' id='word_1_235' title='bbox 485 2391 544 2423; x_wconf 88' lang='lat' dir='ltr'>illis</span> <span class='ocrx_word' id='word_1_236' title='bbox 561 2390 639 2423; x_wconf 77' lang='lat' dir='ltr'>alias</span> <span class='ocrx_word' id='word_1_237' title='bbox 659 2389 690 2423; x_wconf 92' lang='lat' dir='ltr'>in</span> <span class='ocrx_word' id='word_1_238' title='bbox 710 2400 767 2424; x_wconf 90' lang='lat' dir='ltr'>suo</span> <span class='ocrx_word' id='word_1_239' title='bbox 784 2389 900 2422; x_wconf 85' lang='lat' dir='ltr'>robore</span> <span class='ocrx_word' id='word_1_240' title='bbox 917 2389 1144 2432; x_wconf 85' lang='lat' dir='ltr'>permansuris,</span> <span class='ocrx_word' id='word_1_241' title='bbox 1168 2390 1225 2422; x_wconf 80' lang='lat' dir='ltr'>hae</span> 
     </span>
     <span class='ocr_line' id='line_1_45' title="bbox 483 2442 1227 2486; baseline -0.007 -8"><span class='ocrx_word' id='word_1_242' title='bbox 483 2444 551 2478; x_wconf 80' lang='lat' dir='ltr'>vice</span> <span class='ocrx_word' id='word_1_243' title='bbox 568 2443 739 2480; x_wconf 81' lang='lat' dir='ltr'>dumtaxat,</span> <span class='ocrx_word' id='word_1_244' title='bbox 759 2443 872 2476; x_wconf 87' lang='lat' dir='ltr'>harum</span> <span class='ocrx_word' id='word_1_245' title='bbox 891 2443 972 2476; x_wconf 76' lang='lat' dir='ltr'>serie</span> <span class='ocrx_word' id='word_1_246' title='bbox 998 2442 1176 2486; x_wconf 78' lang='lat' dir='ltr'>specialiter</span> <span class='ocrx_word' id='word_1_247' title='bbox 1197 2448 1227 2475; x_wconf 90' lang='lat' dir='ltr'>et</span> 
     </span>
     <span class='ocr_line' id='line_1_46' title="bbox 483 2497 1226 2542; baseline 0.003 -13"><span class='ocrx_word' id='word_1_248' title='bbox 483 2508 630 2542; x_wconf 70' lang='lat' dir='ltr'>expresse</span> <span class='ocrx_word' id='word_1_249' title='bbox 650 2498 850 2541; x_wconf 71' lang='lat' dir='ltr'>derogamus,</span> <span class='ocrx_word' id='word_1_250' title='bbox 869 2497 1045 2542; x_wconf 83' lang='lat' dir='ltr'>ceterisque</span> <span class='ocrx_word' id='word_1_251' title='bbox 1058 2497 1226 2531; x_wconf 85' lang='lat' dir='ltr'>contrariis</span> 
     </span>
     <span class='ocr_line' id='line_1_47' title="bbox 485 2552 744 2595; baseline 0 -11"><span class='ocrx_word' id='word_1_252' title='bbox 485 2552 744 2595; x_wconf 79' lang='lat' dir='ltr'>quibuscumque.</span> 
     </span>
    </p>

    <p class='ocr_par' dir='ltr' id='par_1_7' title="bbox 485 2605 1226 2768">
     <span class='ocr_line' id='line_1_48' title="bbox 529 2605 1226 2650; baseline 0.001 -13"><span class='ocrx_word' id='word_1_253' title='bbox 529 2607 544 2648; x_wconf 52' lang='grc' dir='ltr'>ᾖ</span> <span class='ocrx_word' id='word_1_254' title='bbox 561 2605 611 2637; x_wconf 69' lang='lat'>94.</span> <span class='ocrx_word' id='word_1_255' title='bbox 624 2606 774 2639; x_wconf 79' lang='lat' dir='ltr'>Volumus</span> <span class='ocrx_word' id='word_1_256' title='bbox 785 2605 993 2650; x_wconf 86' lang='lat' dir='ltr'>autem‚qu0d</span> <span class='ocrx_word' id='word_1_257' title='bbox 1010 2605 1226 2650; x_wconf 87' lang='lat' dir='ltr'>praesentium</span> 
     </span>
     <span class='ocr_line' id='line_1_49' title="bbox 485 2658 1226 2704; baseline 0.003 -13"><span class='ocrx_word' id='word_1_258' title='bbox 485 2658 661 2692; x_wconf 85' lang='lat' dir='ltr'>litterarum</span> <span class='ocrx_word' id='word_1_259' title='bbox 687 2659 908 2704; x_wconf 85' lang='lat' dir='ltr'>transumptis,</span> <span class='ocrx_word' id='word_1_260' title='bbox 933 2660 1028 2693; x_wconf 84' lang='lat' dir='ltr'>ctiam</span> <span class='ocrx_word' id='word_1_261' title='bbox 1052 2660 1226 2703; x_wconf 81' lang='lat' dir='ltr'>impressis,</span> 
     </span>
     <span class='ocr_line' id='line_1_50' title="bbox 485 2712 1225 2768; baseline 0.001 -23"><span class='ocrx_word' id='word_1_262' title='bbox 485 2721 580 2758; x_wconf 70' lang='lat' dir='ltr'>manu</span> <span class='ocrx_word' id='word_1_263' title='bbox 597 2712 727 2746; x_wconf 83' lang='lat' dir='ltr'>alicuius</span> <span class='ocrx_word' id='word_1_264' title='bbox 743 2713 858 2746; x_wconf 84' lang='lat' dir='ltr'>notarii</span> <span class='ocrx_word' id='word_1_265' title='bbox 875 2712 1061 2756; x_wconf 85' lang='lat' dir='ltr'>subscriptis</span> <span class='ocrx_word' id='word_1_266' title='bbox 1078 2717 1108 2746; x_wconf 85' lang='lat' dir='ltr'>et</span> <span class='ocrx_word' id='word_1_267' title='bbox 1121 2712 1225 2768; x_wconf 68' lang='lat' dir='ltr'>sigillo</span> 
     </span>
    </p>
   </div>
   <div class='ocr_carea' id='block_1_7' title="bbox 1255 451 2003 1518">
    <p class='ocr_par' dir='ltr' id='par_1_8' title="bbox 1255 451 2000 645">
     <span class='ocr_line' id='line_1_51' title="bbox 1258 451 1999 486; baseline 0 -1"><span class='ocrx_word' id='word_1_268' title='bbox 1258 462 1310 486; x_wconf 84' lang='lat' dir='ltr'>sus</span> <span class='ocrx_word' id='word_1_269' title='bbox 1338 451 1417 485; x_wconf 82' lang='lat' dir='ltr'>fides</span> <span class='ocrx_word' id='word_1_270' title='bbox 1447 451 1634 485; x_wconf 85' lang='lat' dir='ltr'>adhibeatur</span> <span class='ocrx_word' id='word_1_271' title='bbox 1659 451 1690 484; x_wconf 91' lang='lat' dir='ltr'>in</span> <span class='ocrx_word' id='word_1_272' title='bbox 1718 451 1834 485; x_wconf 90' lang='lat' dir='ltr'>iudicio</span> <span class='ocrx_word' id='word_1_273' title='bbox 1859 457 1888 485; x_wconf 81' lang='lat' dir='ltr'>et</span> <span class='ocrx_word' id='word_1_274' title='bbox 1913 456 1999 485; x_wconf 76' lang='lat' dir='ltr'>extra</span> 
     </span>
     <span class='ocr_line' id='line_1_52' title="bbox 1258 503 2000 549; baseline -0.001 -12"><span class='ocrx_word' id='word_1_275' title='bbox 1258 504 1346 545; x_wconf 80' lang='lat' dir='ltr'>illud,</span> <span class='ocrx_word' id='word_1_276' title='bbox 1363 516 1397 537; x_wconf 87' lang='lat' dir='ltr'>ac</span> <span class='ocrx_word' id='word_1_277' title='bbox 1419 505 1534 548; x_wconf 89' lang='lat' dir='ltr'>ubique</span> <span class='ocrx_word' id='word_1_278' title='bbox 1549 503 1706 545; x_wconf 79' lang='lat' dir='ltr'>locorum,</span> <span class='ocrx_word' id='word_1_279' title='bbox 1723 514 1803 549; x_wconf 84' lang='lat' dir='ltr'>quae</span> <span class='ocrx_word' id='word_1_280' title='bbox 1818 503 1895 548; x_wconf 89' lang='lat' dir='ltr'>ipsis</span> <span class='ocrx_word' id='word_1_281' title='bbox 1907 505 2000 548; x_wconf 83' lang='lat' dir='ltr'>origi-</span> 
     </span>
     <span class='ocr_line' id='line_1_53' title="bbox 1255 557 1999 593; baseline 0 -3"><span class='ocrx_word' id='word_1_282' title='bbox 1255 557 1380 591; x_wconf 84' lang='lat' dir='ltr'>nalibus</span> <span class='ocrx_word' id='word_1_283' title='bbox 1397 557 1612 593; x_wconf 72' lang='lat' dir='ltr'>adhiberetur.</span> <span class='ocrx_word' id='word_1_284' title='bbox 1631 557 1655 591; x_wconf 90' lang='lat' dir='ltr'>si</span> <span class='ocrx_word' id='word_1_285' title='bbox 1673 563 1815 591; x_wconf 80' lang='lat' dir='ltr'>ostensae</span> <span class='ocrx_word' id='word_1_286' title='bbox 1840 558 1887 590; x_wconf 85' lang='lat' dir='ltr'>vel</span> <span class='ocrx_word' id='word_1_287' title='bbox 1912 557 1999 592; x_wconf 87' lang='lat' dir='ltr'>exhi-</span> 
     </span>
     <span class='ocr_line' id='line_1_54' title="bbox 1257 612 1466 645; baseline 0.005 -1"><span class='ocrx_word' id='word_1_288' title='bbox 1257 612 1338 645; x_wconf 80' lang='lat' dir='ltr'>bitae</span> <span class='ocrx_word' id='word_1_289' title='bbox 1358 612 1466 645; x_wconf 76' lang='lat' dir='ltr'>forent.</span> 
     </span>
    </p>

    <p class='ocr_par' dir='ltr' id='par_1_9' title="bbox 1257 665 2003 1356">
     <span class='ocr_line' id='line_1_55' title="bbox 1302 665 1998 709; baseline 0 -10"><span class='ocrx_word' id='word_1_290' title='bbox 1302 665 1377 709; x_wconf 56' lang='lat'>§⁶22</span> <span class='ocrx_word' id='word_1_291' title='bbox 1389 665 1471 700; x_wconf 74' lang='lat' dir='ltr'>Nulli</span> <span class='ocrx_word' id='word_1_292' title='bbox 1483 675 1560 709; x_wconf 77' lang='lat' dir='ltr'>ergo</span> <span class='ocrx_word' id='word_1_293' title='bbox 1577 667 1705 700; x_wconf 87' lang='lat' dir='ltr'>omnino</span> <span class='ocrx_word' id='word_1_294' title='bbox 1722 666 1888 699; x_wconf 88' lang='lat' dir='ltr'>hominum</span> <span class='ocrx_word' id='word_1_295' title='bbox 1909 666 1998 700; x_wconf 84' lang='lat' dir='ltr'>liceat</span> 
     </span>
     <span class='ocr_line' id='line_1_56' title="bbox 1258 719 2001 764; baseline 0.001 -12"><span class='ocrx_word' id='word_1_296' title='bbox 1258 720 1337 753; x_wconf 83' lang='lat' dir='ltr'>hanc</span> <span class='ocrx_word' id='word_1_297' title='bbox 1353 720 1502 764; x_wconf 77' lang='lat' dir='ltr'>paginam</span> <span class='ocrx_word' id='word_1_298' title='bbox 1515 725 1641 754; x_wconf 85' lang='lat' dir='ltr'>nostrae</span> <span class='ocrx_word' id='word_1_299' title='bbox 1659 719 1876 761; x_wconf 88' lang='lat' dir='ltr'>absolutionis,</span> <span class='ocrx_word' id='word_1_300' title='bbox 1889 719 2001 754; x_wconf 83' lang='lat' dir='ltr'>confir·</span> 
     </span>
     <span class='ocr_line' id='line_1_57' title="bbox 1257 773 2001 820; baseline 0 -13"><span class='ocrx_word' id='word_1_301' title='bbox 1257 773 1416 816; x_wconf 86' lang='lat' dir='ltr'>mationis,</span> <span class='ocrx_word' id='word_1_302' title='bbox 1444 774 1700 818; x_wconf 83' lang='lat' dir='ltr'>approbationis,</span> <span class='ocrx_word' id='word_1_303' title='bbox 1725 773 1905 807; x_wconf 74' lang='lat' dir='ltr'>defectuum</span> <span class='ocrx_word' id='word_1_304' title='bbox 1932 784 2001 820; x_wconf 88' lang='lat' dir='ltr'>sup-</span> 
     </span>
     <span class='ocr_line' id='line_1_58' title="bbox 1257 826 2000 873; baseline 0 -13"><span class='ocrx_word' id='word_1_305' title='bbox 1257 827 1426 873; x_wconf 78' lang='lat' dir='ltr'>pletionis,</span> <span class='ocrx_word' id='word_1_306' title='bbox 1463 827 1702 861; x_wconf 85' lang='lat' dir='ltr'>concessionum</span> <span class='ocrx_word' id='word_1_307' title='bbox 1717 854 1724 867; x_wconf 84' lang='lat'>,</span> <span class='ocrx_word' id='word_1_308' title='bbox 1755 826 2000 872; x_wconf 84' lang='lat' dir='ltr'>impartitionis,</span> 
     </span>
     <span class='ocr_line' id='line_1_59' title="bbox 1259 880 2001 926; baseline -0.001 -11"><span class='ocrx_word' id='word_1_309' title='bbox 1259 882 1437 924; x_wconf 78' lang='lat' dir='ltr'>erectionis,</span> <span class='ocrx_word' id='word_1_310' title='bbox 1453 882 1671 923; x_wconf 87' lang='lat' dir='ltr'>institutionis,</span> <span class='ocrx_word' id='word_1_311' title='bbox 1692 880 1922 926; x_wconf 80' lang='lat' dir='ltr'>applicationis,</span> <span class='ocrx_word' id='word_1_312' title='bbox 1946 891 2001 926; x_wconf 89' lang='lat' dir='ltr'>ap-</span> 
     </span>
     <span class='ocr_line' id='line_1_60' title="bbox 1258 934 2001 983; baseline 0 -15"><span class='ocrx_word' id='word_1_313' title='bbox 1258 934 1485 980; x_wconf 89' lang='lat' dir='ltr'>propriationis</span> <span class='ocrx_word' id='word_1_314' title='bbox 1496 963 1503 976; x_wconf 87' lang='lat'>,</span> <span class='ocrx_word' id='word_1_315' title='bbox 1529 934 1738 980; x_wconf 83' lang='lat' dir='ltr'>exemptionis</span> <span class='ocrx_word' id='word_1_316' title='bbox 1752 962 1770 983; x_wconf 27' lang='lat' dir='ltr'>,x</span> <span class='ocrx_word' id='word_1_317' title='bbox 1784 934 1980 968; x_wconf 86' lang='lat' dir='ltr'>liberationis</span> <span class='ocrx_word' id='word_1_318' title='bbox 1994 962 2001 975; x_wconf 92' lang='lat'>,</span> 
     </span>
     <span class='ocr_line' id='line_1_61' title="bbox 1258 987 2002 1034; baseline -0.001 -12"><span class='ocrx_word' id='word_1_319' title='bbox 1258 988 1476 1034; x_wconf 85' lang='lat' dir='ltr'>susceptionis,</span> <span class='ocrx_word' id='word_1_320' title='bbox 1500 989 1742 1029; x_wconf 76' lang='lat' dir='ltr'>constitutionis,</span> <span class='ocrx_word' id='word_1_321' title='bbox 1768 987 1980 1032; x_wconf 88' lang='lat' dir='ltr'>deputationis</span> <span class='ocrx_word' id='word_1_322' title='bbox 1994 1015 2002 1030; x_wconf 87' lang='lat'>,</span> 
     </span>
     <span class='ocr_line' id='line_1_62' title="bbox 1258 1041 2002 1087; baseline 0 -11"><span class='ocrx_word' id='word_1_323' title='bbox 1258 1043 1511 1087; x_wconf 83' lang='lat' dir='ltr'>derogationum,</span> <span class='ocrx_word' id='word_1_324' title='bbox 1525 1043 1647 1085; x_wconf 89' lang='lat' dir='ltr'>indulti,</span> <span class='ocrx_word' id='word_1_325' title='bbox 1665 1042 1872 1084; x_wconf 87' lang='lat' dir='ltr'>inhibitionis,</span> <span class='ocrx_word' id='word_1_326' title='bbox 1884 1041 2002 1077; x_wconf 83' lang='lat' dir='ltr'>decreti</span> 
     </span>
     <span class='ocr_line' id='line_1_63' title="bbox 1259 1097 2003 1141; baseline 0 -11"><span class='ocrx_word' id='word_1_327' title='bbox 1259 1102 1287 1130; x_wconf 83' lang='lat' dir='ltr'>et</span> <span class='ocrx_word' id='word_1_328' title='bbox 1306 1097 1474 1131; x_wconf 88' lang='lat' dir='ltr'>voluntatis</span> <span class='ocrx_word' id='word_1_329' title='bbox 1490 1097 1674 1141; x_wconf 80' lang='lat' dir='ltr'>infringere,</span> <span class='ocrx_word' id='word_1_330' title='bbox 1699 1097 1746 1130; x_wconf 87' lang='lat' dir='ltr'>vel</span> <span class='ocrx_word' id='word_1_331' title='bbox 1761 1097 1789 1130; x_wconf 87' lang='lat' dir='ltr'>ei</span> <span class='ocrx_word' id='word_1_332' title='bbox 1805 1107 1883 1130; x_wconf 89' lang='lat' dir='ltr'>ausu</span> <span class='ocrx_word' id='word_1_333' title='bbox 1907 1101 2003 1130; x_wconf 85' lang='lat' dir='ltr'>teme-</span> 
     </span>
     <span class='ocr_line' id='line_1_64' title="bbox 1259 1151 2002 1196; baseline 0 -12"><span class='ocrx_word' id='word_1_334' title='bbox 1259 1151 1343 1185; x_wconf 84' lang='lat' dir='ltr'>rario</span> <span class='ocrx_word' id='word_1_335' title='bbox 1360 1152 1526 1186; x_wconf 76' lang='lat' dir='ltr'>contraire.</span> <span class='ocrx_word' id='word_1_336' title='bbox 1549 1151 1579 1185; x_wconf 84' lang='lat' dir='ltr'>Si</span> <span class='ocrx_word' id='word_1_337' title='bbox 1600 1152 1670 1196; x_wconf 87' lang='lat' dir='ltr'>quis</span> <span class='ocrx_word' id='word_1_338' title='bbox 1687 1156 1792 1185; x_wconf 86' lang='lat' dir='ltr'>autem</span> <span class='ocrx_word' id='word_1_339' title='bbox 1817 1151 1878 1185; x_wconf 91' lang='lat' dir='ltr'>hoe</span> <span class='ocrx_word' id='word_1_340' title='bbox 1902 1155 2002 1185; x_wconf 88' lang='lat' dir='ltr'>atten-</span> 
     </span>
     <span class='ocr_line' id='line_1_65' title="bbox 1258 1205 2003 1250; baseline 0 -12"><span class='ocrx_word' id='word_1_341' title='bbox 1258 1210 1324 1238; x_wconf 86' lang='lat' dir='ltr'>tarc</span> <span class='ocrx_word' id='word_1_342' title='bbox 1349 1205 1613 1250; x_wconf 85' lang='lat' dir='ltr'>praesumpserit,</span> <span class='ocrx_word' id='word_1_343' title='bbox 1632 1205 1880 1249; x_wconf 81' lang='lat' dir='ltr'>indignationem</span> <span class='ocrx_word' id='word_1_344' title='bbox 1899 1205 2003 1238; x_wconf 88' lang='lat' dir='ltr'>omni-</span> 
     </span>
     <span class='ocr_line' id='line_1_66' title="bbox 1258 1259 2001 1303; baseline 0 -11"><span class='ocrx_word' id='word_1_345' title='bbox 1258 1259 1396 1303; x_wconf 87' lang='lat' dir='ltr'>potentis</span> <span class='ocrx_word' id='word_1_346' title='bbox 1423 1259 1477 1293; x_wconf 83' lang='lat' dir='ltr'>Dei</span> <span class='ocrx_word' id='word_1_347' title='bbox 1511 1269 1546 1293; x_wconf 86' lang='lat' dir='ltr'>ac</span> <span class='ocrx_word' id='word_1_348' title='bbox 1570 1259 1735 1292; x_wconf 85' lang='lat' dir='ltr'>beatorum</span> <span class='ocrx_word' id='word_1_349' title='bbox 1753 1259 1834 1294; x_wconf 82' lang='lat' dir='ltr'>Petri</span> <span class='ocrx_word' id='word_1_350' title='bbox 1861 1265 1888 1291; x_wconf 85' lang='lat' dir='ltr'>et</span> <span class='ocrx_word' id='word_1_351' title='bbox 1915 1259 2001 1292; x_wconf 84' lang='lat' dir='ltr'>Pauli</span> 
     </span>
     <span class='ocr_line' id='line_1_67' title="bbox 1259 1312 1999 1356; baseline -0.001 -11"><span class='ocrx_word' id='word_1_352' title='bbox 1259 1313 1476 1356; x_wconf 77' lang='lat' dir='ltr'>apostolorum</span> <span class='ocrx_word' id='word_1_353' title='bbox 1497 1312 1564 1345; x_wconf 87' lang='lat' dir='ltr'>eins</span> <span class='ocrx_word' id='word_1_354' title='bbox 1589 1322 1620 1345; x_wconf 85' lang='lat' dir='ltr'>se</span> <span class='ocrx_word' id='word_1_355' title='bbox 1649 1313 1771 1346; x_wconf 85' lang='lat' dir='ltr'>noverit</span> <span class='ocrx_word' id='word_1_356' title='bbox 1789 1312 1999 1345; x_wconf 84' lang='lat' dir='ltr'>incursurum.</span> 
     </span>
    </p>

    <p class='ocr_par' dir='ltr' id='par_1_10' title="bbox 1258 1366 2002 1518">
     <span class='ocr_line' id='line_1_68' title="bbox 1303 1366 2001 1410; baseline -0.001 -11"><span class='ocrx_word' id='word_1_357' title='bbox 1303 1366 1416 1399; x_wconf 87' lang='lat' dir='ltr'>Datum</span> <span class='ocrx_word' id='word_1_358' title='bbox 1440 1366 1577 1405; x_wconf 80' lang='lat' dir='ltr'>Romae,</span> <span class='ocrx_word' id='word_1_359' title='bbox 1602 1366 1683 1410; x_wconf 90' lang='lat' dir='ltr'>apud</span> <span class='ocrx_word' id='word_1_360' title='bbox 1707 1366 1738 1399; x_wconf 83' lang='lat' dir='ltr'>S.</span> <span class='ocrx_word' id='word_1_361' title='bbox 1763 1366 1902 1407; x_wconf 82' lang='lat' dir='ltr'>Petrum,</span> <span class='ocrx_word' id='word_1_362' title='bbox 1919 1372 2001 1399; x_wconf 86' lang='lat' dir='ltr'>anno</span> 
     </span>
     <span class='ocr_line' id='line_1_69' title="bbox 1260 1419 2002 1461; baseline 0 -8"><span class='ocrx_word' id='word_1_363' title='bbox 1260 1420 1484 1453; x_wconf 85' lang='lat' dir='ltr'>incarnationis</span> <span class='ocrx_word' id='word_1_364' title='bbox 1494 1419 1673 1453; x_wconf 84' lang='lat' dir='ltr'>dominicae</span> <span class='ocrx_word' id='word_1_365' title='bbox 1686 1429 1817 1461; x_wconf 74' lang='lat' dir='ltr'>nncxxr,</span> <span class='ocrx_word' id='word_1_366' title='bbox 1834 1419 2002 1453; x_wconf 83' lang='lat' dir='ltr'>undecimo</span> 
     </span>
     <span class='ocr_line' id='line_1_70' title="bbox 1258 1473 2000 1518; baseline 0 -11"><span class='ocrx_word' id='word_1_367' title='bbox 1258 1473 1408 1508; x_wconf 80' lang='lat' dir='ltr'>kalendas</span> <span class='ocrx_word' id='word_1_368' title='bbox 1425 1474 1513 1514; x_wconf 88' lang='lat' dir='ltr'>iunii,</span> <span class='ocrx_word' id='word_1_369' title='bbox 1531 1473 1732 1518; x_wconf 82' lang='lat' dir='ltr'>pontificatus</span> <span class='ocrx_word' id='word_1_370' title='bbox 1752 1473 1851 1508; x_wconf 89' lang='lat' dir='ltr'>nostri</span> <span class='ocrx_word' id='word_1_371' title='bbox 1876 1479 1958 1508; x_wconf 78' lang='lat' dir='ltr'>:mne</span> <span class='ocrx_word' id='word_1_372' title='bbox 1982 1483 2000 1507; x_wconf 92' lang='lat'>1.</span> 
     </span>
    </p>
   </div>
   <div class='ocr_carea' id='block_1_8' title="bbox 1296 1537 1873 1574">
    <p class='ocr_par' dir='ltr' id='par_1_11' title="bbox 1296 1537 1873 1574">
     <span class='ocr_line' id='line_1_71' title="bbox 1296 1537 1873 1574; baseline 0 -9"><span class='ocrx_word' id='word_1_373' title='bbox 1296 1537 1353 1565; x_wconf 68' lang='lat' dir='ltr'>Dat.</span> <span class='ocrx_word' id='word_1_374' title='bbox 1375 1537 1419 1566; x_wconf 86' lang='lat' dir='ltr'>die</span> <span class='ocrx_word' id='word_1_375' title='bbox 1442 1537 1473 1565; x_wconf 79' lang='lat'>¹8</span> <span class='ocrx_word' id='word_1_376' title='bbox 1493 1537 1556 1565; x_wconf 83' lang='lat' dir='ltr'>maii</span> <span class='ocrx_word' id='word_1_377' title='bbox 1580 1537 1658 1572; x_wconf 74' lang='lat'>162¹,</span> <span class='ocrx_word' id='word_1_378' title='bbox 1679 1537 1774 1574; x_wconf 80' lang='lat' dir='ltr'>pontif.</span> <span class='ocrx_word' id='word_1_379' title='bbox 1792 1545 1836 1565; x_wconf 81' lang='lat' dir='ltr'>an.</span> <span class='ocrx_word' id='word_1_380' title='bbox 1854 1545 1873 1565; x_wconf 85' lang='lat' dir='ltr'>i.</span> 
     </span>
    </p>
   </div>
   <div class='ocr_carea' id='block_1_9' title="bbox 1548 1613 1718 1617">
    <p class='ocr_par' dir='ltr' id='par_1_12' title="bbox 1548 1613 1718 1617">
     <span class='ocr_line' id='line_1_72' title="bbox 1548 1613 1718 1617; baseline 0 0"><span class='ocrx_word' id='word_1_381' title='bbox 1548 1613 1718 1617; x_wconf 95' lang='lat' dir='ltr'> </span> 
     </span>
    </p>
   </div>
   <div class='ocr_carea' id='block_1_10' title="bbox 1593 1681 1654 1714">
    <p class='ocr_par' dir='ltr' id='par_1_13' title="bbox 1593 1681 1654 1714">
     <span class='ocr_line' id='line_1_73' title="bbox 1593 1681 1654 1714; baseline -0.016 0"><span class='ocrx_word' id='word_1_382' title='bbox 1593 1681 1654 1714; x_wconf 79' lang='grc' dir='ltr'>ΧΠ.</span> 
     </span>
    </p>
   </div>
   <div class='ocr_carea' id='block_1_11' title="bbox 1263 1760 2003 2020">
    <p class='ocr_par' dir='ltr' id='par_1_14' title="bbox 1263 1760 2003 2020">
     <span class='ocr_line' id='line_1_74' title="bbox 1263 1760 2001 1806; baseline -0.003 -10"><span class='ocrx_word' id='word_1_383' title='bbox 1263 1760 1473 1804; x_wconf 79' lang='lat' dir='ltr'>Confirmatio</span> <span class='ocrx_word' id='word_1_384' title='bbox 1501 1762 1680 1795; x_wconf 72' lang='lat' dir='ltr'>sententiae</span> <span class='ocrx_word' id='word_1_385' title='bbox 1707 1761 1793 1796; x_wconf 79' lang='lat' dir='ltr'>latae</span> <span class='ocrx_word' id='word_1_386' title='bbox 1816 1763 1926 1806; x_wconf 76' lang='lat' dir='ltr'>favore</span> <span class='ocrx_word' id='word_1_387' title='bbox 1949 1772 2001 1795; x_wconf 85' lang='lat' dir='ltr'>ca-</span> 
     </span>
     <span class='ocr_line' id='line_1_75' title="bbox 1303 1815 2003 1860; baseline 0.001 -12"><span class='ocrx_word' id='word_1_388' title='bbox 1303 1825 1410 1848; x_wconf 76' lang='lat' dir='ltr'>merac</span> <span class='ocrx_word' id='word_1_389' title='bbox 1429 1815 1623 1860; x_wconf 77' lang='lat' dir='ltr'>apostolicae</span> <span class='ocrx_word' id='word_1_390' title='bbox 1638 1815 1675 1848; x_wconf 65' lang='lat' dir='ltr'>in</span> <span class='ocrx_word' id='word_1_391' title='bbox 1694 1815 1803 1859; x_wconf 74' lang='lat' dir='ltr'>reqnis</span> <span class='ocrx_word' id='word_1_392' title='bbox 1820 1815 2003 1860; x_wconf 81' lang='lat' dir='ltr'>Hispania—</span> 
     </span>
     <span class='ocr_line' id='line_1_76' title="bbox 1302 1868 2001 1913; baseline 0 -11"><span class='ocrx_word' id='word_1_393' title='bbox 1302 1880 1376 1902; x_wconf 79' lang='lat' dir='ltr'>·rnm</span> <span class='ocrx_word' id='word_1_394' title='bbox 1403 1873 1515 1902; x_wconf 79' lang='lat' dir='ltr'>contra</span> <span class='ocrx_word' id='word_1_395' title='bbox 1542 1868 1683 1902; x_wconf 79' lang='lat' dir='ltr'>iudicem</span> <span class='ocrx_word' id='word_1_396' title='bbox 1704 1870 1815 1903; x_wconf 81' lang='lat' dir='ltr'>curiae</span> <span class='ocrx_word' id='word_1_397' title='bbox 1833 1869 2001 1913; x_wconf 78' lang='lat' dir='ltr'>archiepi-</span> 
     </span>
     <span class='ocr_line' id='line_1_77' title="bbox 1303 1921 2003 1966; baseline 0.003 -12"><span class='ocrx_word' id='word_1_398' title='bbox 1303 1922 1441 1965; x_wconf 79' lang='lat' dir='ltr'>scopalis</span> <span class='ocrx_word' id='word_1_399' title='bbox 1456 1922 1663 1966; x_wconf 77' lang='lat' dir='ltr'>Hispalensis</span> <span class='ocrx_word' id='word_1_400' title='bbox 1680 1921 1941 1956; x_wconf 77' lang='lat' dir='ltr'>iurisdictionem</span> <span class='ocrx_word' id='word_1_401' title='bbox 1951 1922 2003 1957; x_wconf 78' lang='lat' dir='ltr'>Sc-</span> 
     </span>
     <span class='ocr_line' id='line_1_78' title="bbox 1304 1975 1806 2020; baseline 0.002 -13"><span class='ocrx_word' id='word_1_402' title='bbox 1304 1975 1354 2008; x_wconf 78' lang='lat' dir='ltr'>1Iis</span> <span class='ocrx_word' id='word_1_403' title='bbox 1371 1975 1576 2020; x_wconf 76' lang='lat' dir='ltr'>Apostolicctc</span> <span class='ocrx_word' id='word_1_404' title='bbox 1594 1975 1772 2009; x_wconf 80' lang='lat' dir='ltr'>laedentem</span> <span class='ocrx_word' id='word_1_405' title='bbox 1788 1976 1806 2009; x_wconf 83' lang='lat'>¹.</span> 
     </span>
    </p>
   </div>
   <div class='ocr_carea' id='block_1_12' title="bbox 1407 2055 1856 2128">
    <p class='ocr_par' dir='ltr' id='par_1_15' title="bbox 1407 2055 1856 2128">
     <span class='ocr_line' id='line_1_79' title="bbox 1456 2055 1792 2091; baseline 0 -7"><span class='ocrx_word' id='word_1_406' title='bbox 1456 2055 1616 2091; x_wconf 66' lang='lat' dir='ltr'>Gregorius</span> <span class='ocrx_word' id='word_1_407' title='bbox 1636 2056 1716 2090; x_wconf 75' lang='lat' dir='ltr'>Papa</span> <span class='ocrx_word' id='word_1_408' title='bbox 1735 2056 1792 2089; x_wconf 79' lang='lat' dir='ltr'>XV,</span> 
     </span>
     <span class='ocr_line' id='line_1_80' title="bbox 1407 2099 1856 2128; baseline 0.002 -1"><span class='ocrx_word' id='word_1_409' title='bbox 1407 2101 1442 2127; x_wconf 80' lang='lat' dir='ltr'>ad</span> <span class='ocrx_word' id='word_1_410' title='bbox 1458 2099 1592 2128; x_wconf 78' lang='lat' dir='ltr'>futuram</span> <span class='ocrx_word' id='word_1_411' title='bbox 1611 2100 1655 2128; x_wconf 83' lang='lat' dir='ltr'>rei</span> <span class='ocrx_word' id='word_1_412' title='bbox 1675 2099 1856 2128; x_wconf 78' lang='lat' dir='ltr'>memoriam.</span> 
     </span>
    </p>
   </div>
   <div class='ocr_carea' id='block_1_13' title="bbox 1259 2171 2005 2756">
    <p class='ocr_par' dir='ltr' id='par_1_16' title="bbox 1259 2171 2005 2702">
     <span class='ocr_line' id='line_1_81' title="bbox 1304 2171 2004 2213; baseline -0.001 -7"><span class='ocrx_word' id='word_1_413' title='bbox 1304 2171 1391 2211; x_wconf 85' lang='lat' dir='ltr'>Cum,</span> <span class='ocrx_word' id='word_1_414' title='bbox 1417 2171 1497 2205; x_wconf 86' lang='lat' dir='ltr'>sient</span> <span class='ocrx_word' id='word_1_415' title='bbox 1521 2171 1612 2205; x_wconf 88' lang='lat' dir='ltr'>nobis</span> <span class='ocrx_word' id='word_1_416' title='bbox 1629 2171 1774 2213; x_wconf 89' lang='lat' dir='ltr'>innotuit,</span> <span class='ocrx_word' id='word_1_417' title='bbox 1800 2171 1831 2205; x_wconf 91' lang='lat' dir='ltr'>in</span> <span class='ocrx_word' id='word_1_418' title='bbox 1857 2173 1949 2205; x_wconf 73' lang='lat' dir='ltr'>causa</span> <span class='ocrx_word' id='word_1_419' title='bbox 1975 2175 2004 2205; x_wconf 87' lang='lat' dir='ltr'>et</span> 
     </span>
     <span class='ocr_line' id='line_1_82' title="bbox 1260 2224 2004 2269; baseline 0 -10"><span class='ocrx_word' id='word_1_420' title='bbox 1260 2225 1361 2259; x_wconf 86' lang='lat' dir='ltr'>causis</span> <span class='ocrx_word' id='word_1_421' title='bbox 1379 2235 1485 2259; x_wconf 87' lang='lat' dir='ltr'>eoram</span> <span class='ocrx_word' id='word_1_422' title='bbox 1498 2224 1612 2259; x_wconf 86' lang='lat' dir='ltr'>dilecto</span> <span class='ocrx_word' id='word_1_423' title='bbox 1626 2225 1691 2259; x_wconf 81' lang='lat' dir='ltr'>sitio</span> <span class='ocrx_word' id='word_1_424' title='bbox 1703 2225 1857 2269; x_wconf 83' lang='lat' dir='ltr'>magistro</span> <span class='ocrx_word' id='word_1_425' title='bbox 1874 2225 2004 2260; x_wconf 85' lang='lat' dir='ltr'>Horatio</span> 
     </span>
     <span class='ocr_line' id='line_1_83' title="bbox 1260 2279 2004 2326; baseline 0 -12"><span class='ocrx_word' id='word_1_426' title='bbox 1260 2282 1297 2314; x_wconf 75' lang='lat' dir='ltr'>dc</span> <span class='ocrx_word' id='word_1_427' title='bbox 1318 2281 1412 2314; x_wconf 72' lang='lat' dir='ltr'>Oddis</span> <span class='ocrx_word' id='word_1_428' title='bbox 1430 2282 1460 2314; x_wconf 90' lang='lat' dir='ltr'>in</span> <span class='ocrx_word' id='word_1_429' title='bbox 1477 2283 1612 2326; x_wconf 73' lang='lat' dir='ltr'>utratpie</span> <span class='ocrx_word' id='word_1_430' title='bbox 1628 2280 1789 2324; x_wconf 83' lang='lat' dir='ltr'>signatura</span> <span class='ocrx_word' id='word_1_431' title='bbox 1807 2282 1914 2314; x_wconf 70' lang='lat' dir='ltr'>nostra</span> <span class='ocrx_word' id='word_1_432' title='bbox 1927 2279 2004 2314; x_wconf 81' lang='lat' dir='ltr'>rese-</span> 
     </span>
     <span class='ocr_line' id='line_1_84' title="bbox 1263 2333 2004 2376; baseline -0.001 -8"><span class='ocrx_word' id='word_1_433' title='bbox 1263 2336 1420 2376; x_wconf 79' lang='lat' dir='ltr'>rcndario,</span> <span class='ocrx_word' id='word_1_434' title='bbox 1438 2335 1542 2369; x_wconf 87' lang='lat' dir='ltr'>dilecti</span> <span class='ocrx_word' id='word_1_435' title='bbox 1559 2335 1614 2368; x_wconf 86' lang='lat' dir='ltr'>filii</span> <span class='ocrx_word' id='word_1_436' title='bbox 1632 2334 1731 2368; x_wconf 86' lang='lat' dir='ltr'>nostri</span> <span class='ocrx_word' id='word_1_437' title='bbox 1748 2333 1906 2368; x_wconf 83' lang='lat' dir='ltr'>Francisci</span> <span class='ocrx_word' id='word_1_438' title='bbox 1922 2334 2004 2368; x_wconf 88' lang='lat' dir='ltr'>tituli</span> 
     </span>
     <span class='ocr_line' id='line_1_85' title="bbox 1260 2387 2005 2433; baseline 0 -11"><span class='ocrx_word' id='word_1_439' title='bbox 1260 2390 1356 2423; x_wconf 80' lang='lat' dir='ltr'>saneti</span> <span class='ocrx_word' id='word_1_440' title='bbox 1376 2388 1510 2422; x_wconf 81' lang='lat' dir='ltr'>Marcelli</span> <span class='ocrx_word' id='word_1_441' title='bbox 1537 2388 1712 2433; x_wconf 66' lang='lat' dir='ltr'>presbyteri</span> <span class='ocrx_word' id='word_1_442' title='bbox 1738 2387 1906 2421; x_wconf 86' lang='lat' dir='ltr'>cardinalis</span> <span class='ocrx_word' id='word_1_443' title='bbox 1930 2392 2005 2422; x_wconf 89' lang='lat' dir='ltr'>tune</span> 
     </span>
     <span class='ocr_line' id='line_1_86' title="bbox 1260 2441 2002 2487; baseline -0.001 -11"><span class='ocrx_word' id='word_1_444' title='bbox 1260 2443 1357 2477; x_wconf 87' lang='lat' dir='ltr'>nostri</span> <span class='ocrx_word' id='word_1_445' title='bbox 1369 2448 1396 2476; x_wconf 91' lang='lat' dir='ltr'>et</span> <span class='ocrx_word' id='word_1_446' title='bbox 1411 2442 1499 2477; x_wconf 89' lang='lat' dir='ltr'>Sedis</span> <span class='ocrx_word' id='word_1_447' title='bbox 1509 2442 1707 2487; x_wconf 75' lang='lat' dir='ltr'>Apostolieac</span> <span class='ocrx_word' id='word_1_448' title='bbox 1726 2442 1756 2474; x_wconf 91' lang='lat' dir='ltr'>in</span> <span class='ocrx_word' id='word_1_449' title='bbox 1774 2441 1880 2485; x_wconf 73' lang='lat' dir='ltr'>regnis</span> <span class='ocrx_word' id='word_1_450' title='bbox 1894 2441 2002 2487; x_wconf 86' lang='lat' dir='ltr'>Hispa-</span> 
     </span>
     <span class='ocr_line' id='line_1_87' title="bbox 1259 2495 2004 2537; baseline -0.001 -7"><span class='ocrx_word' id='word_1_451' title='bbox 1259 2497 1383 2531; x_wconf 85' lang='lat' dir='ltr'>niarum</span> <span class='ocrx_word' id='word_1_452' title='bbox 1401 2496 1506 2530; x_wconf 86' lang='lat' dir='ltr'>nuncii</span> <span class='ocrx_word' id='word_1_453' title='bbox 1525 2495 1678 2537; x_wconf 86' lang='lat' dir='ltr'>auditore,</span> <span class='ocrx_word' id='word_1_454' title='bbox 1693 2502 1723 2529; x_wconf 86' lang='lat' dir='ltr'>et</span> <span class='ocrx_word' id='word_1_455' title='bbox 1736 2495 1774 2528; x_wconf 86' lang='lat' dir='ltr'>ab</span> <span class='ocrx_word' id='word_1_456' title='bbox 1788 2495 1899 2529; x_wconf 84' lang='lat' dir='ltr'>eodem</span> <span class='ocrx_word' id='word_1_457' title='bbox 1910 2495 2004 2529; x_wconf 82' lang='lat' dir='ltr'>Fran-</span> 
     </span>
     <span class='ocr_line' id='line_1_88' title="bbox 1259 2549 2005 2594; baseline -0.007 -9"><span class='ocrx_word' id='word_1_458' title='bbox 1259 2551 1343 2585; x_wconf 83' lang='lat' dir='ltr'>cisco</span> <span class='ocrx_word' id='word_1_459' title='bbox 1360 2550 1517 2584; x_wconf 86' lang='lat' dir='ltr'>cardinale</span> <span class='ocrx_word' id='word_1_460' title='bbox 1534 2549 1572 2582; x_wconf 86' lang='lat' dir='ltr'>ad</span> <span class='ocrx_word' id='word_1_461' title='bbox 1590 2549 1788 2594; x_wconf 77' lang='lat' dir='ltr'>infrascripta</span> <span class='ocrx_word' id='word_1_462' title='bbox 1805 2549 1953 2594; x_wconf 75' lang='lat' dir='ltr'>deputato</span> <span class='ocrx_word' id='word_1_463' title='bbox 1974 2555 2005 2583; x_wconf 82' lang='lat' dir='ltr'>et</span> 
     </span>
     <span class='ocr_line' id='line_1_89' title="bbox 1260 2602 2004 2648; baseline 0 -10"><span class='ocrx_word' id='word_1_464' title='bbox 1260 2605 1439 2647; x_wconf 84' lang='lat' dir='ltr'>substituto,</span> <span class='ocrx_word' id='word_1_465' title='bbox 1450 2605 1532 2638; x_wconf 86' lang='lat' dir='ltr'>inter</span> <span class='ocrx_word' id='word_1_466' title='bbox 1543 2608 1784 2648; x_wconf 84' lang='lat' dir='ltr'>procuratorem</span> <span class='ocrx_word' id='word_1_467' title='bbox 1802 2602 1941 2638; x_wconf 82' lang='lat' dir='ltr'>fiscalem</span> <span class='ocrx_word' id='word_1_468' title='bbox 1957 2613 2004 2638; x_wconf 86' lang='lat' dir='ltr'>ea-</span> 
     </span>
     <span class='ocr_line' id='line_1_90' title="bbox 1260 2655 2003 2702; baseline 0.001 -11"><span class='ocrx_word' id='word_1_469' title='bbox 1260 2668 1366 2692; x_wconf 83' lang='lat' dir='ltr'>merae</span> <span class='ocrx_word' id='word_1_470' title='bbox 1390 2657 1579 2702; x_wconf 83' lang='lat' dir='ltr'>apostolieae</span> <span class='ocrx_word' id='word_1_471' title='bbox 1596 2666 1632 2690; x_wconf 81' lang='lat' dir='ltr'>ex</span> <span class='ocrx_word' id='word_1_472' title='bbox 1651 2658 1725 2697; x_wconf 73' lang='lat' dir='ltr'>una,</span> <span class='ocrx_word' id='word_1_473' title='bbox 1744 2662 1772 2690; x_wconf 85' lang='lat' dir='ltr'>et</span> <span class='ocrx_word' id='word_1_474' title='bbox 1791 2656 1939 2693; x_wconf 84' lang='lat' dir='ltr'>dilectum</span> <span class='ocrx_word' id='word_1_475' title='bbox 1965 2655 2003 2692; x_wconf 83' lang='lat' dir='ltr'>fi-</span> 
     </span>
    </p>

    <p class='ocr_par' dir='ltr' id='par_1_17' title="bbox 1296 2718 1765 2756">
     <span class='ocr_line' id='line_1_91' title="bbox 1296 2718 1765 2756; baseline -0.002 -8"><span class='ocrx_word' id='word_1_476' title='bbox 1296 2722 1306 2748; x_wconf 78' lang='lat' dir='ltr'>t</span> <span class='ocrx_word' id='word_1_477' title='bbox 1329 2719 1367 2748; x_wconf 80' lang='lat' dir='ltr'>Ex</span> <span class='ocrx_word' id='word_1_478' title='bbox 1388 2718 1495 2756; x_wconf 68' lang='lat' dir='ltr'>aegest.</span> <span class='ocrx_word' id='word_1_479' title='bbox 1516 2719 1544 2753; x_wconf 79' lang='lat' dir='ltr'>in</span> <span class='ocrx_word' id='word_1_480' title='bbox 1564 2718 1666 2748; x_wconf 76' lang='lat' dir='ltr'>Sem-et.</span> <span class='ocrx_word' id='word_1_481' title='bbox 1688 2719 1765 2748; x_wconf 87' lang='lat' dir='ltr'>Brev.</span> 
     </span>
    </p>
   </div>
   <div class='ocr_carea' id='block_1_14' title="bbox 2015 296 2195 325">
    <p class='ocr_par' dir='ltr' id='par_1_18' title="bbox 2015 296 2195 325">
     <span class='ocr_line' id='line_1_92' title="bbox 2015 296 2195 325; baseline 0.011 -2"><span class='ocrx_word' id='word_1_482' title='bbox 2015 296 2063 323; x_wconf 77' lang='lat' dir='ltr'>An.</span> <span class='ocrx_word' id='word_1_483' title='bbox 2081 297 2110 324; x_wconf 90' lang='lat' dir='ltr'>C.</span> <span class='ocrx_word' id='word_1_484' title='bbox 2133 297 2195 325; x_wconf 68' lang='lat'>¹621</span> 
     </span>
    </p>
   </div>
   <div class='ocr_carea' id='block_1_15' title="bbox 2043 679 2200 702">
    <p class='ocr_par' dir='ltr' id='par_1_19' title="bbox 2043 679 2200 702">
     <span class='ocr_line' id='line_1_93' title="bbox 2043 679 2200 702; baseline -0.006 0"><span class='ocrx_word' id='word_1_485' title='bbox 2043 679 2154 702; x_wconf 72' lang='lat' dir='ltr'>Decretum</span> <span class='ocrx_word' id='word_1_486' title='bbox 2173 680 2200 701; x_wconf 71' lang='lat' dir='ltr'>ie·</span> 
     </span>
    </p>
   </div>
   <div class='ocr_carea' id='block_1_16' title="bbox 2016 707 2174 739">
    <p class='ocr_par' dir='ltr' id='par_1_20' title="bbox 2016 707 2174 739">
     <span class='ocr_line' id='line_1_94' title="bbox 2016 707 2174 739; baseline 0.006 -12"><span class='ocrx_word' id='word_1_487' title='bbox 2016 707 2089 729; x_wconf 62' lang='lat' dir='ltr'>ritim-</span> <span class='ocrx_word' id='word_1_488' title='bbox 2113 730 2133 739; x_wconf 62' lang='lat' dir='ltr'>v.</span> <span class='ocrx_word' id='word_1_489' title='bbox 2145 726 2174 737; x_wconf 33' lang='lat' dir='ltr'>*F</span> 
     </span>
    </p>
   </div>
   <div class='ocr_carea' id='block_1_17' title="bbox 2046 2181 2251 2203">
    <p class='ocr_par' dir='ltr' id='par_1_21' title="bbox 2046 2181 2251 2203">
     <span class='ocr_line' id='line_1_95' title="bbox 2046 2181 2251 2203; baseline 0 -1"><span class='ocrx_word' id='word_1_490' title='bbox 2046 2181 2106 2203; x_wconf 61' lang='grc' dir='ltr'>ἵκου</span> <span class='ocrx_word' id='word_1_491' title='bbox 2121 2181 2196 2203; x_wconf 67' lang='lat' dir='ltr'>torio..</span> <span class='ocrx_word' id='word_1_492' title='bbox 2247 2190 2251 2195; x_wconf 83' lang='lat'><strong>·</strong></span> 
     </span>
    </p>
   </div>
   <div class='ocr_carea' id='block_1_18' title="bbox 2220 0 2293 3231">
    <p class='ocr_par' dir='ltr' id='par_1_22' title="bbox 2220 0 2293 3231">
     <span class='ocr_line' id='line_1_96' title="bbox 2220 0 2293 3231; baseline 0 0"><span class='ocrx_word' id='word_1_493' title='bbox 2220 0 2293 3231; x_wconf 95' lang='lat' dir='ltr'> </span> 
     </span>
    </p>
   </div>
  </div>
 </body>
</html>
