2293 3231
97 296 146 325 An.
159 296 187 324 C.
211 295 278 324 1612

109 463 223 494 Dei-ogatio
231 467 279 484 eon-

97 492 217 512 uariorum.

927 297 1046 322 PAULUS
1071 296 1089 321 V
1114 297 1162 321 1³1³.

294 344 402 378 stolicii
430 344 632 385 auctoritate,
657 350 765 377 tenore
796 344 1030 389 praesentium,

294 397 494 431 concedimus
510 402 537 430 et
557 397 766 441 impertimur.

337 452 353 494 ξ
376 449 405 483 4.
430 451 499 484 Non
523 451 720 484 obstantibus
749 450 1031 487 constitutionibus.

294 508 324 536 et
343 503 594 537 ordinationibus
618 504 807 548 apostolicis,
825 514 882 536 nee
906 513 968 535 non
986 503 1033 535 di-

294 561 362 589 etae
376 556 527 589 ecelesiae
544 557 650 600 (etiam
668 557 854 596 iuramento,
871 556 1034 589 confirma-

294 608 378 642 tione
403 609 586 652 apostoliea‚
605 610 652 642 vel
676 609 785 653 quavis
809 608 955 641 firmitate
972 608 1033 640 alia

294 661 466 705 roboratis)
487 662 618 704 statutis,
636 662 810 706 privilegiis
833 672 969 705 quoque,
987 661 1033 693 in-

293 714 389 747 dultis
413 720 443 748 et
466 715 579 748 litteris
603 716 791 760 apostolicis,
810 715 910 748 eidem
935 715 1033 747 eecle-

294 767 368 809 siae,
393 768 540 812 illiusque
565 770 713 812 praesuli,
739 769 885 812 capitulo,
910 773 940 800 et
964 767 1034 811 qui-

294 821 401 854 busvis
426 822 494 854 aliis
518 823 670 866 personis,
696 823 752 855 sub
782 821 1034 865 quibuscumque

295 874 459 908 tenoribus
491 881 521 908 et
551 876 684 916 formis,
709 886 744 908 ae
776 885 847 908 eum
873 873 1035 918 quibusvis

295 927 444 961 clausulis
469 933 499 961 et
522 928 673 969 decretis,
698 928 729 960 in
754 927 947 961 eontrarium
971 926 1034 959 sor-

295 991 351 1014 san
375 982 611 1025 quomodolibet
640 981 817 1021 concessis,
842 980 1035 1014 confirmatis

296 1038 326 1067 et
341 1034 533 1078 approbatis.
550 1034 668 1073 Quibus
685 1034 841 1075 omnibus,
859 1033 981 1067 etiamsi
997 1034 1035 1066 de

295 1087 366 1128 illis,
391 1098 565 1132 eorumque
584 1088 655 1121 totis
680 1088 854 1128 tenoribus,
880 1087 1034 1131 specialis,

297 1140 452 1184 specifica,
467 1145 497 1173 et
516 1151 662 1185 expressa
688 1141 806 1173 mentio
825 1140 968 1173 habenda
991 1151 1037 1173 es-

295 1198 352 1234 set,
371 1203 481 1226 eorum
498 1194 640 1227 omnium
653 1199 683 1226 et
698 1194 895 1237 singulorum
912 1198 1036 1226 tenores

295 1246 517 1290 praesentibus
541 1257 599 1290 pro
614 1247 706 1290 plene
721 1252 751 1280 et
775 1247 966 1280 sufficienter
983 1256 1035 1279 ex-

295 1299 412 1343 pressis
436 1299 597 1340 hahentes,
615 1299 676 1332 illis
692 1299 768 1332 alias
791 1300 823 1332 in
847 1310 903 1333 suo
920 1300 1036 1333 robore

295 1353 529 1397 permansuris,
553 1353 612 1387 hae
644 1354 710 1387 viee
734 1354 895 1387 dumtaxat
921 1354 1038 1398 specia-

296 1407 368 1442 liter
393 1413 423 1441 et
452 1418 599 1452 expresse
630 1408 837 1451 derogamus,
862 1409 1037 1453 ceterisque

296 1461 462 1495 contrariis
478 1461 739 1505 quibuscumque.

329 1515 440 1548 Datum
451 1515 568 1548 Romae
581 1515 664 1558 apud
676 1520 818 1548 sanetum
828 1515 966 1555 Petrum,
980 1515 1037 1547 sub

296 1569 412 1602 annulo
433 1568 611 1609 Piscatoris‚
629 1569 679 1602 die
704 1579 757 1602 xiv
781 1569 889 1613 aprilis
910 1579 1035 1611 innexu,

295 1621 496 1665 pontificatus
512 1622 613 1655 nostri
629 1632 710 1655 anno
727 1632 780 1656 vn.

331 1683 390 1710 Dat.
411 1683 456 1711 die
472 1683 506 1711 14
524 1683 615 1720 aprilis
636 1684 714 1719 1612,
731 1685 826 1719 pontif.
849 1692 893 1712 an.
915 1691 963 1712 vn.

633 1835 699 1869 CCI.

297 1915 447 1949 Morietur
470 1915 731 1961 archiepiscopus
755 1916 1033 1959 Salz'sburqensis,

341 1979 382 2001 ne
410 1969 569 2012 quaedam
594 1973 693 2012 pacta
723 1979 779 2002 sen
813 1970 1037 2003 conventiones

340 2033 397 2066 per
421 2023 605 2066 capitulum
629 2027 657 2056 et
682 2023 851 2056 canonicos
871 2023 1037 2057 Salz'shur-

340 2085 451 2118 =(Jenses
470 2076 583 2117 initas,
603 2081 661 2109 ant
677 2077 861 2110 iuramento
873 2077 1033 2119 firmatas,

342 2126 511 2161 observet&

331 2216 447 2244 Dilecto
467 2216 528 2244 filio
548 2216 648 2244 Marco
667 2217 764 2244 eleeto
784 2217 1006 2253 Salisburqensi

535 2279 647 2306 Paulus
668 2278 746 2312 Papa
764 2279 796 2306 V.

364 2349 478 2378 Dileete
499 2350 552 2384 fiii,
574 2350 703 2377 satutem
723 2353 754 2377 et
774 2350 970 2384 apostolicam

544 2395 793 2423 benedictionem.

1065 344 1249 377 electionem
1274 344 1344 376 nori
1369 343 1608 387 archiepiscopi,
1628 353 1685 386 per
1709 352 1802 385 quam

1066 403 1098 429 tu
1122 398 1240 430 electus
1254 397 1348 437 suisti,
1367 397 1559 436 devenirent,
1580 400 1664 428 certa
1680 400 1804 434 statuta,

1068 456 1166 494 pacta,
1184 451 1416 491 conventiones,
1434 461 1488 483 seu
1513 449 1646 493 capitula
1665 448 1805 487 sei-crint,

1066 513 1101 535 ae
1122 503 1298 535 iuramento
1323 503 1373 535 illa
1398 503 1567 536 observare
1592 500 1806 545 promiserint,

1068 555 1098 588 in
1123 556 1238 599 quibus
1262 557 1410 589 nonnulla
1429 554 1637 588 iurisdietioni
1655 553 1807 597 archiepi-

1068 609 1153 653 scopi
1178 609 1424 652 Salisburgensis
1440 608 1685 653 praeiudicialia,
1703 613 1733 640 et
1744 608 1806 640 l'or-

1067 673 1120 695 san
1146 663 1207 696 alia
1231 663 1327 696 sacris
1352 664 1524 696 canonibus
1549 662 1707 696 contraria
1731 671 1805 694 eon-

1069 716 1214 756 tinentur,
1232 721 1327 759 tuque
1344 717 1424 749 inter
1444 722 1565 749 ceteros
1585 715 1751 748 canonicos
1768 714 1806 746 ad

1068 768 1119 801 illa
1142 769 1336 802 observanda
1354 769 1529 803 iuramento
1543 769 1686 802 similiter
1703 773 1732 800 te
1748 767 1806 800 ob-

1068 822 1231 855 strinxeris
1246 833 1251 854 τ

1112 876 1127 918 t}
1143 875 1172 908 Ξ.
1188 876 1260 917 Nos,
1274 886 1333 920 pro
1350 875 1515 919 pastoralis
1529 875 1622 908 officii
1636 875 1734 908 nostri
1752 875 1805 907 de-

1068 928 1144 968 bito,
1170 933 1284 969 tecum,
1301 939 1395 972 quem
1414 931 1544 973 paterna
1569 929 1719 961 charitate
1736 928 1806 960 dili-

1068 981 1180 1024 gimuS,
1208 986 1336 1026 paterne
1361 982 1455 1015 etiam
1479 992 1573 1025 agere
1598 982 1744 1021 volentes,
1769 992 1805 1014 ex

1069 1034 1163 1067 corde
1175 1034 1206 1066 in
1216 1034 1347 1068 Domino
1365 1039 1393 1068 te
1411 1035 1587 1074 hortamur,
1601 1040 1633 1068 ut
1647 1034 1807 1078 praedicta

1069 1090 1192 1128 statuta,
1213 1092 1313 1132 pacta,
1339 1087 1571 1128 conventiones,
1589 1098 1643 1119 seu
1661 1087 1808 1130 capitula,

1069 1140 1218 1173 adversus
1243 1152 1349 1174 saeros
1374 1151 1509 1174 canones
1534 1141 1618 1180 inita,
1636 1140 1762 1173 decreta
1779 1144 1809 1172 et

1071 1194 1163 1226 etiam
1188 1195 1289 1227 iurata
1314 1200 1391 1238 (non
1415 1195 1591 1234 immemor,
1616 1193 1701 1237 quod
1722 1203 1809 1237 prae-

1070 1247 1143 1281 dicti
1158 1249 1237 1281 sacri
1252 1259 1387 1281 canones
1401 1250 1550 1292 statuant)
1563 1248 1691 1280 minime
1704 1247 1810 1279 obser—

1071 1313 1133 1343 ves,
1151 1313 1207 1335 nee
1233 1303 1332 1337 iuresz
1349 1303 1381 1335 id
1400 1302 1484 1346 quod
1500 1306 1530 1334 et
1546 1307 1600 1334 tuo
1617 1301 1720 1334 officio
1734 1309 1809 1333 eon-

1070 1361 1264 1397 sentaneum‚
1283 1362 1310 1389 et
1326 1357 1416 1389 nobis
1433 1360 1617 1400 pergratum
1635 1355 1703 1388 erit.

1114 1411 1226 1444 Datum
1252 1412 1369 1444 Romae
1394 1410 1476 1454 apud
1507 1414 1650 1443 sanetum
1670 1409 1807 1450 Petrum,

1071 1464 1127 1496 sub
1142 1464 1257 1497 annulo
1266 1464 1443 1501 piscatoris,
1451 1464 1500 1497 (lie
1510 1474 1563 1497 xlv
1573 1463 1682 1508 aprilis
1689 1472 1807 1503 unexn,

1070 1519 1270 1562 pontificatus
1294 1519 1393 1552 nostri
1417 1529 1498 1551 anno
1523 1529 1576 1552 vu⁴

1105 1581 1165 1609 Dat.
1186 1581 1230 1609 die
1252 1582 1282 1609 14
1301 1581 1396 1617 aprilis
1413 1581 1490 1615 1612,
1506 1581 1601 1617 pontis.
1624 1589 1666 1608 an.
1683 1587 1730 1608 vii.

1396 1734 1476 1767 CCII.

1091 1815 1288 1849 Mandatum
1312 1815 1414 1848 eidem
1429 1816 1524 1849 electo
1548 1815 1787 1860 archiepiscopo

1305 1880 1403 1913 super
1427 1868 1566 1902 eadem&

1098 1957 1213 1986 Dilecto
1233 1958 1295 1986 filio
1316 1959 1414 1986 Marco
1435 1959 1534 1986 electo
1556 1958 1781 1995 salisburgensi

1305 2021 1417 2048 Paulus
1437 2022 1516 2055 Papa
1535 2021 1567 2048 V.

1136 2093 1248 2121 Dilecte
1268 2093 1322 2127 fili,
1345 2094 1474 2121 salutem
1496 2096 1526 2121 et,
1546 2095 1743 2129 apostolicam

1316 2138 1563 2166 benedictionem.

1114 2209 1128 2252 ξ
1158 2209 1182 2241 1,
1208 2209 1253 2241 Ad
1277 2209 1470 2252 apostolatus
1494 2210 1592 2243 nostri
1617 2210 1807 2244 audientiam
1849 2221 1995 2243 Poenici-ies.

1069 2262 1221 2306 pervenit,
1235 2263 1320 2306 quod
1344 2273 1447 2307 nuper
1471 2263 1575 2296 dilecti
1599 2264 1655 2296 filii
1679 2275 1808 2308 praepo-

1070 2315 1156 2356 situs,
1182 2316 1328 2356 decanus,
1353 2316 1524 2360 capitulum
1550 2323 1576 2349 et
1603 2318 1745 2350 canonici
1762 2329 1810 2351 ee-

1070 2368 1182 2401 clesiae
1213 2369 1478 2411 Salislmrgensis,
1503 2381 1540 2402 ex
1569 2370 1657 2403 euius
1688 2372 1809 2414 gremio

1071 2428 1103 2454 tu
1127 2422 1220 2454 etiam
1250 2433 1334 2461 eras,
1359 2428 1528 2466 antequam
1561 2424 1598 2455 ad
1624 2424 1810 2458 electionem

1708 285 1770 320 '107
1818 290 2000 320 An.c.1612

1847 884 1966 906 Admonitio
1978 884 2003 905 de

1820 918 1863 939 qna
1877 912 1898 933 iu
1913 911 2004 932 rubi-ica.

102 2471 283 2520 ,ffgpi‘uggffnffi
343 2476 358 2520 ἓ
382 2476 411 2509 l.
436 2475 523 2517 Cum,
548 2475 629 2508 sieut
652 2476 842 2519 accepimus,
860 2475 964 2508 dilecti
981 2476 1037 2508 filii

102 2525 286 2579 {iiffiiariffiissssiss
298 2529 504 2573 praepositus,
529 2529 676 2569 decaan
693 2529 865 2573 capitulum
889 2534 919 2562 et
943 2539 1037 2563 eano-

101 2579 284 2628 {ssssffiff'ffl‘iuffi'
298 2583 360 2617 niei
378 2583 526 2617 eeclesiae
543 2583 802 2627 Salisburgensis,
813 2589 982 2628 antequam
999 2584 1037 2617 ad

1069 2475 1166 2508 futuri
1190 2475 1420 2519 archiepiscopi
1443 2476 1635 2517 devenirent,
1652 2483 1736 2510 certa
1753 2484 1813 2511 sta-

1071 2532 1145 2569 tuta,
1163 2529 1395 2569 conventiones⁷
1409 2540 1463 2561 seu
1480 2534 1580 2572 pacta,
1597 2535 1650 2563 aut,
1674 2531 1810 2574 capitula

1070 2583 1222 2622 fecerunt,
1250 2575 1279 2614 et
1300 2582 1467 2615 observare
1492 2582 1653 2625 iurarunt,
1682 2584 1809 2618 iurisdi-

336 2698 348 2725 1
369 2696 409 2726 Ex
427 2701 526 2736 regest.
546 2699 574 2725 in
593 2697 692 2727 Secret.
714 2698 790 2727 Brev.
1107 2699 1117 2725 1
1141 2697 1178 2725 Ex
1193 2697 1301 2734 Regest.
1317 2697 1344 2725 in
1363 2698 1463 2726 secret.
1480 2698 1557 2727 Brev.
