2293 3231
539 284 603 318 870

578 347 724 380 mitarum
745 344 775 378 S.
800 341 968 386 Augustini
994 340 1084 383 regni
1114 339 1234 374 Valen-

580 400 642 433 tiae
673 402 703 431 et
735 395 873 441 capitulo
904 393 1098 429 cathedralis
1131 392 1235 427 eccle·
1260 415 1262 426 .

581 453 645 485 siae
685 449 872 484 valentinae
908 447 1122 483 venerabitem
1154 446 1235 480 Tho-

582 514 664 539 mam
683 513 700 538 a
721 503 886 538 Villanoxa
915 502 990 536 olim
1014 500 1157 535 eiusdem
1185 509 1236 534 ec-

582 557 698 592 clesiae
741 557 1015 601 archiepiscopum
1052 553 1235 599 appellandi

583 611 723 653 Beatum,
742 612 957 656 officiumque,
980 620 1016 644 ac
1041 610 1170 643 missam
1184 617 1237 641 ee-

582 665 726 700 lebrandi
743 666 796 699 die
814 675 895 700 xviii
913 658 1115 709 septembris,
1128 663 1200 697 426.

494 718 619 754 CCCIX.
652 720 803 754 Extensio
840 719 955 753 indulti
989 717 1146 752 recitandi
1170 716 1238 749 ot‘si·

582 775 666 808 cium
689 773 774 808 beati
800 773 939 818 Philippi
964 772 1078 807 Benitii
1105 770 1237 807 Ordinis

583 827 713 862 fratrum
728 828 900 862 Servorum
913 826 1028 862 beatae
1044 827 1161 861 Mariae
1178 835 1237 870 pro

582 881 784 926 regularibus
815 885 845 916 et
876 880 1075 916 secularibus
1099 880 1237 914 civitatis

581 934 790 977 Tudertinae,
811 935 883 969 4⁶26.

626 987 786 1023 Indultum
803 998 820 1023 a
838 989 942 1023 Leone
953 989 1038 1033 Papa
1050 986 1237 1022 Xsratribus

584 1043 728 1077 eiusdem
745 1043 877 1078 Ordinis
902 1052 1103 1085 conoessum,
1123 1046 1155 1076 ut
1181 1052 1237 1086 pro

582 1095 679 1131 Beato
693 1099 841 1131 venerari
857 1096 1170 1141 possintPhilippum
1185 1096 1239 1130 Bc·
1264 1115 1265 1121 κ

583 1151 694 1185 nitium
704 1151 780 1185 dieti
789 1150 921 1187 Ordinis
931 1150 1004 1185 olim
1016 1151 1236 1195 professorem

584 1205 717 1250 eiusque
735 1205 848 1239 festum
867 1205 920 1239 die
938 1215 1019 1239 xxm
1038 1206 1165 1248 augusti
1179 1202 1238 1238 sub

583 1257 703 1303 duplici
728 1259 834 1293 officio
859 1259 1029 1304 quotannis
1055 1258 1236 1300 celebrare,

626 1365 776 1411 Sequitur
799 1365 962 1410 ampliatio
997 1365 1075 1399 dicti
1104 1364 1237 1401 indulti.

581 1418 707 1453 scilicet
731 1420 816 1466 qnod
834 1420 988 1455 lectiones
1004 1420 1151 1464 propriae
1163 1418 1238 1452 dicti

581 1471 669 1507 Beati
695 1475 726 1508 in
753 1476 914 1508 matutinis
939 1474 1068 1508 recitari
1093 1474 1238 1517 possint¹⁷

583 1529 778 1570 proutetiam
793 1528 934 1562 osticium
947 1527 986 1561 de
1002 1527 1098 1561 Beata
1108 1526 1240 1570 Virgine

583 1581 717 1625 singulis
741 1581 856 1617 diebus
881 1581 1012 1617 'sabbati
1045 1591 1106 1615 non
1140 1582 1238 1625 impe-

585 1634 669 1678 ditis,
697 1635 838 1670 428-29.

629 1688 841 1735 Subsequitur
854 1690 998 1724 extensio
1015 1688 1173 1734 praedicti
1190 1689 1238 1722 in-

585 1742 975 1778 dultirecitandiosficium
989 1743 1028 1777 de
1043 1743 1127 1777 dicto
1143 1742 1239 1776 Beato

586 1796 624 1830 ad
643 1806 752 1831 omnes
765 1797 972 1842 presbyteros
986 1801 1048 1831 tam
1064 1797 1253 1840 regulares,-

587 1859 681 1895 quam
707 1851 866 1885 seculares
892 1853 922 1885 in
956 1853 1084 1885 civitate
1109 1850 1239 1884 Floren-

586 1906 666 1946 tina⁷
694 1905 833 1939 429-30.

499 1955 612 1991 CCCX.
636 1957 830 1993 Beatificatio
854 1958 1047 1993 venerabilis
1081 1957 1241 1993 Paschalis

587 2010 704 2055 Baylon
730 2022 768 2045 ex
793 2012 999 2046 Discalceatis
1023 2012 1156 2047 Ordinis
1185 2011 1241 2046 Mi-

588 2075 699 2099 norum
724 2066 881 2110 regularis
899 2066 1144 2108 Observantiae‚
1170 2075 1242 2110 pro-

590 2119 712 2153 vinciae
736 2122 837 2154 sancti
862 2120 990 2154 Ioannis
1007 2120 1171 2164 Baptistae
1185 2129 1238 2153 re-

591 2173 641 2213 gni
660 2171 840 2207 Valentiae:
859 2183 930 2208 cum
948 2172 1070 2207 indulto
1087 2172 1242 2206 recitandi

590 2225 727 2260 officium
755 2231 786 2261 et
816 2227 1000 2262 celebrandi
1032 2229 1162 2261 missam
1187 2236 1244 2271 pro

590 2278 740 2313 fratribus
773 2280 867 2315 liuius
898 2280 1029 2315 Ordinis
1066 2282 1097 2314 in
1131 2280 1243 2314 eodem

592 2341 691 2376 regno
705 2333 880 2377 vatentiae,
899 2343 935 2368 ac
958 2336 988 2368 in
1007 2334 1126 2378 oppido
1143 2333 1244 2368 Villae

591 2385 719 2430 Regalis
736 2388 879 2421 eiusdem
897 2389 999 2431 regni⁷
1017 2386 1070 2421 ubi
1088 2389 1156 2421 eius
1177 2397 1245 2421 cor-

593 2449 652 2483 pus
667 2442 852 2485 requiescit,
879 2442 952 2475 430,

506 2490 630 2526 CCCXI.
654 2493 701 2527 De
717 2496 939 2538 magistrorum
961 2496 1244 2535 caeremoniarum,

592 2545 790 2592 aliorumque
820 2548 1002 2582 officialium
1032 2552 1160 2582 sanctae
1190 2548 1246 2581 Ro-

594 2609 705 2634 manae
717 2601 878 2635 Ecclesiae
893 2601 1100 2636 cardinalium
1118 2602 1244 2646 collegii

596 2654 816 2689 emolumentis
829 2659 858 2690 et
876 2655 1067 2699 privilegiis.
1093 2656 1166 2689 431.

642 2706 776 2743 Additur
797 2708 986 2744 constitutio
1010 2709 1057 2745 Pii
1082 2709 1186 2753 Papae
1204 2710 1243 2744 tv

1262 743 1266 782 l

1080 285 1258 312 numium!
1288 284 1442 310 noMANtm

1375 338 1415 370 de
1429 336 1653 370 emolumentis
1665 336 1885 380 persolvendis
1895 338 1928 371 in
1941 346 2031 372 crea-

1376 393 1461 426 tione
1478 394 1510 425 et
1533 389 1622 424 obitu
1639 389 1850 425 cardinalium
1871 393 2032 436 magistris

1377 445 1663 486 caeremoniarum⁷
1689 445 1764 478 433.

1287 499 1427 534 cccxli.
1443 498 1575 533 lubilaei
1595 498 1725 533 indictio
1741 498 1781 533 ad
1791 498 2033 543 divinamopem

1377 555 1408 588 in
1427 552 1652 598 praesentibus
1671 552 1835 587 Ecclesiae
1856 554 2033 588 necessita·

1378 607 1462 642 tibus
1488 607 1732 651 implorandam,
1759 607 1832 641 434.

1262 681 1264 691 ι
1289 661 1444 697 CCCXIII.
1476 661 1613 696 Iri-itatio
1644 660 1810 706 vectigalis
1839 662 1984 696 macinae
2016 670 2033 695 a

1378 716 1496 750 Senatu
1526 715 1649 749 Veneto
1677 716 1826 759 imposita
1853 715 1885 748 in
1922 715 2035 748 castris

1378 769 1408 803 S.
1423 768 1565 803 Danielis
1579 772 1609 802 et
1626 768 1656 802 S.
1666 768 1729 802 Viti
1749 770 1781 802 in
1799 769 2034 813 praeiudicium

1377 823 1511 857 dominii
1528 833 1625 867 super
1650 824 1688 857 iis
1713 824 1889 867 spectantis
1916 821 1956 857 ad
1980 831 2035 866 pa-

1378 877 1547 911 triarcham
1565 875 1807 922 Aquileiensem
1821 880 1852 911 et
1867 877 2034 910 auctorita-

1379 932 1417 964 tis
1435 930 1527 964 Sedis
1541 929 1756 974 Apostolicae‚
1784 931 1857 964 437.

1290 983 1444 1018 CCCXIV.
1470 983 1673 1018 Ferdinando
1698 983 1906 1028 Hunghariae
1929 987 1960 1018 et
1977 983 2035 1018 Bo-

1380 1038 1504 1071 liemiae
1523 1040 1592 1082 regi
1610 1038 1742 1072 facultas
1757 1037 1944 1072 conceditur
1955 1037 2035 1072 Mili-

1381 1096 1478 1126 tarem
1494 1092 1650 1128 Ordinem
1667 1092 1855 1127 instituendi
1873 1091 1932 1126 sub
1949 1093 2037 1126 invo-

1379 1148 1504 1180 catione
1529 1145 1734 1180 beatissimae
1751 1146 1859 1180 Matris
1875 1145 1944 1189 Dei,
1962 1146 2036 1181 438.

1291 1198 1430 1234 CCCXV.
1467 1200 1646 1234 Declaratio
1677 1200 1908 1234 iurisdictionis
1943 1199 2037 1235 Ordi-

1380 1255 1541 1288 nariorum
1567 1255 1598 1287 in
1628 1254 1741 1288 fratres
1773 1253 2036 1297 congregationis

1380 1308 1504 1341 loannis
1522 1308 1590 1350 Dei,
1611 1317 1646 1341 ac
1664 1307 1812 1350 specialis
1828 1308 1930 1351 ipsius
1947 1316 2038 1351 prae-

1381 1362 1491 1404 finitio,
1517 1362 1591 1396 439.

1292 1424 1449 1458 CCCXVI.
1470 1425 1607 1458 Irritatio
1625 1424 1701 1459 datii
1724 1424 1867 1458 macinae
1888 1432 1905 1457 a
1921 1423 2039 1458 Senatu

1382 1476 1502 1511 Veneto
1535 1479 1567 1510 in
1599 1477 1678 1510 urbe
1708 1476 1877 1510 Cenetensi
1901 1477 2040 1521 impositi

1381 1535 1492 1565 contra
1508 1532 1577 1565 iura
1594 1532 1750 1576 episcopi,
1776 1531 1849 1565 444.

1292 1592 1464 1628 CCCXVII.
1493 1593 1639 1628 Facultas
1654 1594 1900 1638 archiepiscopo
1918 1592 2041 1637 Lugdu—

1381 1649 1475 1682 nensi
1507 1647 1653 1692 erigendi
1681 1649 1823 1693 quinque
1855 1647 2039 1682 monialium

1381 1704 1573 1736 monasteria
1603 1701 1662 1736 sub
1695 1703 1934 1746 nuncupatione
1958 1710 2035 1735 san-

1381 1761 1450 1790 ctae
1474 1756 1607 1790 Ursulae
1626 1760 1657 1790 et
1677 1755 1788 1799 regula
1814 1756 1845 1790 S.
1865 1755 2038 1799 Augustini

1382 1820 1438 1854 pro
1455 1810 1636 1854 puellarum
1655 1810 1883 1850 instructione,
1909 1808 1982 1842 445.

1293 1871 1480 1906 CCCXVIII.
1506 1872 1551 1906 De
1581 1871 1702 1906 ambitu
1732 1870 1882 1906 fratribus
1912 1870 2040 1905 Minori·
2086 1912 2095 1917 -

1384 1927 1444 1963 bus
1462 1927 1501 1961 de
1519 1926 1734 1962 Ohservantia
1749 1924 1881 1961 Ordinis
1899 1924 1930 1958 S.
1944 1923 2041 1959 Fran—

1382 1983 1479 2024 cisci,
1504 1989 1681 2026 eorumque
1706 1977 1928 2023 superioribus
1946 1979 2041 2013 inter-

1383 2035 1478 2078 dicto,
1503 2035 1577 2070 450.

1295 2098 1452 2134 CCCXIX.
1481 2099 1515 2132 ln
1542 2097 1627 2132 idem
1651 2099 1886 2141 argumentum:
1903 2105 1960 2140 pro
1979 2094 2040 2131 Or-

1385 2152 1459 2186 dine
1477 2152 1609 2186 fratrum
1623 2150 1780 2185 Minorum
1797 2149 1924 2184 Ordinis
1939 2151 2040 2183 sancti

1384 2207 1546 2241 Francisci
1563 2205 1847 2246 Conventualium,
1873 2204 1948 2238 451.

1296 2267 1442 2303 CCCXX.
1452 2268 1486 2302 ln
1501 2268 1586 2302 idem
1600 2273 1834 2311 argumentum:
1848 2275 1905 2310 pro
1919 2263 2040 2300 Ordine

1387 2323 1517 2357 fratrum
1541 2322 1745 2356 Minimorum
1769 2320 1799 2353 S.
1819 2319 1979 2354 Francisci
2000 2317 2041 2352 de

1387 2376 1494 2418 Paula.
1520 2375 1593 2410 452.

1299 2439 1457 2474 CCCXXI.
1482 2438 1636 2473 Extensio
1660 2437 1773 2472 indulti
1798 2435 1954 2472 recitandi
1976 2435 2042 2470 osli-

1388 2495 1470 2528 cium
1488 2496 1518 2527 et
1531 2494 1657 2526 missam
1673 2490 1858 2525 celebrandi
1871 2489 2045 2525 deB.Tho-

1387 2557 1438 2581 nia
1454 2556 1471 2581 a
1488 2546 1655 2580 villanova
1673 2545 1711 2579 ad
1729 2553 1838 2578 omnes
1854 2545 1969 2578 fratres
1985 2541 2042 2579 Or-

1388 2601 1470 2635 dinis
1484 2601 1694 2635 Eremitarum
1707 2598 1736 2631 S.
1748 2597 1917 2642 Augustini
1931 2607 2043 2642 regno-

1387 2665 1455 2689 rum
1474 2655 1700 2698 Hispaniarum
1719 2655 1750 2685 et
1765 2651 1803 2685 ad
1822 2660 2042 2697 quoscumque

1388 2710 1552 2754 utriusque
1570 2716 1667 2742 sexus
1684 2705 1861 2750 regulares,
1886 2715 1923 2741 ac
1946 2706 2042 2743 etiam
